<?xml version="1.0" encoding="UTF-8"?>
<!DOCTYPE html PUBLIC "-//W3C//DTD XHTML 1.0 Transitional//EN"
    "http://www.w3.org/TR/xhtml1/DTD/xhtml1-transitional.dtd">
<html xmlns="http://www.w3.org/1999/xhtml" xml:lang="en" lang="en">
 <head>
  <title>
</title>
<meta http-equiv="Content-Type" content="text/html;charset=utf-8" />
  <meta name='ocr-system' content='tesseract 3.04.00' />
  <meta name='ocr-capabilities' content='ocr_page ocr_carea ocr_par ocr_line ocrx_word'/>
</head>
<body>
  <div class='ocr_page' id='page_1' title='image "./procsdestemplie01defegoog/procsdestemplie01defegoog_0476.png"; bbox 0 0 4230 5956; ppageno 0'>
   <div class='ocr_carea' id='block_1_1' title="bbox 505 432 1536 530">
    <p class='ocr_par' dir='ltr' id='par_1_1' title="bbox 505 432 1536 530">
     <span class='ocr_line' id='line_1_1' title="bbox 505 432 1536 530; baseline -0.007 0"><span class='ocrx_word' id='word_1_1' title='bbox 505 455 578 530; x_wconf 74' lang='lat' dir='ltr'><strong>aaa</strong></span> <span class='ocrx_word' id='word_1_2' title='bbox 891 433 1085 526; x_wconf 76' lang='lat' dir='ltr'><strong>anonas</strong></span> <span class='ocrx_word' id='word_1_3' title='bbox 1111 453 1206 524; x_wconf 78' lang='lat' dir='ltr'><strong>nas</strong></span> <span class='ocrx_word' id='word_1_4' title='bbox 1232 432 1536 524; x_wconf 71' lang='lat' dir='ltr'><strong>reuertens.</strong></span> 
     </span>
    </p>
   </div>
   <div class='ocr_carea' id='block_1_2' title="bbox 504 590 1940 3043">
    <p class='ocr_par' dir='ltr' id='par_1_2' title="bbox 504 590 1940 2106">
     <span class='ocr_line' id='line_1_2' title="bbox 504 590 1940 700; baseline -0.003 -26"><span class='ocrx_word' id='word_1_5' title='bbox 504 599 644 674; x_wconf 88' lang='lat' dir='ltr'><strong>vocavit</strong></span> <span class='ocrx_word' id='word_1_6' title='bbox 664 624 785 672; x_wconf 89' lang='lat' dir='ltr'><strong>coram</strong></span> <span class='ocrx_word' id='word_1_7' title='bbox 808 622 872 671; x_wconf 88' lang='lat' dir='ltr'><strong>sua</strong></span> <span class='ocrx_word' id='word_1_8' title='bbox 888 595 1077 700; x_wconf 80' lang='lat' dir='ltr'><strong>presencia</strong></span> <span class='ocrx_word' id='word_1_9' title='bbox 1092 595 1130 668; x_wconf 92' lang='lat' dir='ltr'><strong>in</strong></span> <span class='ocrx_word' id='word_1_10' title='bbox 1151 592 1289 700; x_wconf 87' lang='lat' dir='ltr'><strong>capella</strong></span> <span class='ocrx_word' id='word_1_11' title='bbox 1305 593 1421 697; x_wconf 92' lang='lat' dir='ltr'><strong>ipsius</strong></span> <span class='ocrx_word' id='word_1_12' title='bbox 1436 592 1576 669; x_wconf 85' lang='lat' dir='ltr'><strong>domus</strong></span> <span class='ocrx_word' id='word_1_13' title='bbox 1583 590 1732 668; x_wconf 80' lang='lat' dir='ltr'><strong>fratrem</strong></span> <span class='ocrx_word' id='word_1_14' title='bbox 1744 594 1940 699; x_wconf 85' lang='lat' dir='ltr'><strong>Raymun·</strong></span> 
     </span>
     <span class='ocr_line' id='line_1_3' title="bbox 504 723 1934 832; baseline -0.002 -27"><span class='ocrx_word' id='word_1_15' title='bbox 504 730 593 805; x_wconf 90' lang='lat' dir='ltr'><strong>dnm</strong></span> <span class='ocrx_word' id='word_1_16' title='bbox 625 728 672 804; x_wconf 92' lang='lat' dir='ltr'><strong>de</strong></span> <span class='ocrx_word' id='word_1_17' title='bbox 702 727 838 805; x_wconf 88' lang='lat' dir='ltr'><strong>Gardia</strong></span> <span class='ocrx_word' id='word_1_18' title='bbox 863 743 1132 832; x_wconf 89' lang='lat' dir='ltr'><strong>preceptorem·</strong></span> <span class='ocrx_word' id='word_1_19' title='bbox 1148 725 1245 802; x_wconf 89' lang='lat' dir='ltr'><strong>dicte</strong></span> <span class='ocrx_word' id='word_1_20' title='bbox 1272 723 1421 813; x_wconf 90' lang='lat' dir='ltr'><strong>domus,</strong></span> <span class='ocrx_word' id='word_1_21' title='bbox 1449 741 1485 801; x_wconf 91' lang='lat' dir='ltr'><strong>et</strong></span> <span class='ocrx_word' id='word_1_22' title='bbox 1509 723 1637 800; x_wconf 84' lang='lat' dir='ltr'><strong>fratres</strong></span> <span class='ocrx_word' id='word_1_23' title='bbox 1656 723 1934 831; x_wconf 80' lang='lat' dir='ltr'><strong>infrascriptos,</strong></span> 
     </span>
     <span class='ocr_line' id='line_1_4' title="bbox 504 854 1935 966; baseline -0.003 -32"><span class='ocrx_word' id='word_1_24' title='bbox 504 860 621 966; x_wconf 89' lang='lat' dir='ltr'><strong>quiin</strong></span> <span class='ocrx_word' id='word_1_25' title='bbox 638 859 734 933; x_wconf 85' lang='lat' dir='ltr'><strong>dicta</strong></span> <span class='ocrx_word' id='word_1_26' title='bbox 754 858 867 933; x_wconf 92' lang='lat' dir='ltr'><strong>domo</strong></span> <span class='ocrx_word' id='word_1_27' title='bbox 887 875 1074 962; x_wconf 79' lang='lat' dir='ltr'>presentes</span> <span class='ocrx_word' id='word_1_28' title='bbox 1089 873 1208 944; x_wconf 86' lang='lat' dir='ltr'><strong>erant,</strong></span> <span class='ocrx_word' id='word_1_29' title='bbox 1229 873 1265 931; x_wconf 90' lang='lat' dir='ltr'><strong>et</strong></span> <span class='ocrx_word' id='word_1_30' title='bbox 1288 854 1455 960; x_wconf 79' lang='lat' dir='ltr'><strong>exposuit</strong></span> <span class='ocrx_word' id='word_1_31' title='bbox 1482 855 1535 931; x_wconf 91' lang='lat' dir='ltr'><strong>eis</strong></span> <span class='ocrx_word' id='word_1_32' title='bbox 1559 854 1801 960; x_wconf 81' lang='lat' dir='ltr'><strong>solempniter</strong></span> <span class='ocrx_word' id='word_1_33' title='bbox 1819 871 1935 960; x_wconf 88' lang='lat' dir='ltr'><strong>pote-</strong></span> 
     </span>
     <span class='ocr_line' id='line_1_5' title="bbox 505 985 1934 1095; baseline -0.003 -29"><span class='ocrx_word' id='word_1_34' title='bbox 505 1009 650 1076; x_wconf 82' lang='lat' dir='ltr'><strong>statem,</strong></span> <span class='ocrx_word' id='word_1_35' title='bbox 673 988 925 1065; x_wconf 88' lang='lat' dir='ltr'><strong>auctoritatem</strong></span> <span class='ocrx_word' id='word_1_36' title='bbox 951 1005 988 1064; x_wconf 91' lang='lat' dir='ltr'><strong>et</strong></span> <span class='ocrx_word' id='word_1_37' title='bbox 1006 986 1304 1095; x_wconf 87' lang='lat' dir='ltr'><strong>jurisdictionem</strong></span> <span class='ocrx_word' id='word_1_38' title='bbox 1324 985 1393 1062; x_wconf 91' lang='lat' dir='ltr'><strong>sibi</strong></span> <span class='ocrx_word' id='word_1_39' title='bbox 1415 986 1608 1063; x_wconf 87' lang='lat' dir='ltr'><strong>comissam</strong></span> <span class='ocrx_word' id='word_1_40' title='bbox 1629 985 1838 1062; x_wconf 84' lang='lat' dir='ltr'><strong>etdatama</strong></span> <span class='ocrx_word' id='word_1_41' title='bbox 1861 986 1934 1063; x_wconf 92' lang='lat' dir='ltr'><strong>do-</strong></span> 
     </span>
     <span class='ocr_line' id='line_1_6' title="bbox 505 1114 1934 1224; baseline -0.001 -30"><span class='ocrx_word' id='word_1_42' title='bbox 505 1122 606 1194; x_wconf 87' lang='lat' dir='ltr'><strong>mino</strong></span> <span class='ocrx_word' id='word_1_43' title='bbox 626 1137 749 1195; x_wconf 91' lang='lat' dir='ltr'><strong>nostro</strong></span> <span class='ocrx_word' id='word_1_44' title='bbox 766 1146 912 1193; x_wconf 88' lang='lat' dir='ltr'><strong>summo</strong></span> <span class='ocrx_word' id='word_1_45' title='bbox 927 1119 1102 1223; x_wconf 88' lang='lat' dir='ltr'><strong>pontilice</strong></span> <span class='ocrx_word' id='word_1_46' title='bbox 1124 1146 1234 1223; x_wconf 90' lang='lat' dir='ltr'><strong>super</strong></span> <span class='ocrx_word' id='word_1_47' title='bbox 1251 1115 1412 1192; x_wconf 82' lang='lat' dir='ltr'><strong>articulis</strong></span> <span class='ocrx_word' id='word_1_48' title='bbox 1436 1115 1616 1192; x_wconf 87' lang='lat' dir='ltr'><strong>contentis</strong></span> <span class='ocrx_word' id='word_1_49' title='bbox 1643 1114 1682 1190; x_wconf 88' lang='lat' dir='ltr'><strong>in</strong></span> <span class='ocrx_word' id='word_1_50' title='bbox 1705 1114 1827 1192; x_wconf 88' lang='lat' dir='ltr'><strong>littera</strong></span> <span class='ocrx_word' id='word_1_51' title='bbox 1850 1117 1934 1224; x_wconf 89' lang='lat' dir='ltr'><strong>ejus</strong></span> 
     </span>
     <span class='ocr_line' id='line_1_7' title="bbox 504 1244 1932 1355; baseline -0.003 -29"><span class='ocrx_word' id='word_1_52' title='bbox 504 1249 718 1355; x_wconf 86' lang='lat' dir='ltr'><strong>apostolica,</strong></span> <span class='ocrx_word' id='word_1_53' title='bbox 752 1276 862 1353; x_wconf 90' lang='lat' dir='ltr'><strong>super</strong></span> <span class='ocrx_word' id='word_1_54' title='bbox 888 1248 1024 1353; x_wconf 87' lang='lat' dir='ltr'><strong>quibus</strong></span> <span class='ocrx_word' id='word_1_55' title='bbox 1057 1248 1157 1324; x_wconf 91' lang='lat' dir='ltr'><strong>idem</strong></span> <span class='ocrx_word' id='word_1_56' title='bbox 1189 1246 1363 1324; x_wconf 92' lang='lat' dir='ltr'><strong>dominus</strong></span> <span class='ocrx_word' id='word_1_57' title='bbox 1398 1273 1564 1322; x_wconf 91' lang='lat' dir='ltr'><strong>summus</strong></span> <span class='ocrx_word' id='word_1_58' title='bbox 1593 1244 1756 1351; x_wconf 83' lang='lat' dir='ltr'><strong>pontifex</strong></span> <span class='ocrx_word' id='word_1_59' title='bbox 1787 1247 1932 1351; x_wconf 88' lang='lat' dir='ltr'><strong>inquiri</strong></span> 
     </span>
     <span class='ocr_line' id='line_1_8' title="bbox 504 1374 1931 1482; baseline -0.002 -27"><span class='ocrx_word' id='word_1_60' title='bbox 504 1379 688 1456; x_wconf 89' lang='lat' dir='ltr'><strong>mandavit</strong></span> <span class='ocrx_word' id='word_1_61' title='bbox 707 1377 836 1455; x_wconf 78' lang='lat' dir='ltr'><strong>fratres</strong></span> <span class='ocrx_word' id='word_1_62' title='bbox 850 1377 1081 1482; x_wconf 88' lang='lat' dir='ltr'><strong>Templarios</strong></span> <span class='ocrx_word' id='word_1_63' title='bbox 1101 1379 1138 1453; x_wconf 92' lang='lat' dir='ltr'><strong>in</strong></span> <span class='ocrx_word' id='word_1_64' title='bbox 1158 1376 1305 1454; x_wconf 85' lang='lat' dir='ltr'><strong>Elncnsi</strong></span> <span class='ocrx_word' id='word_1_65' title='bbox 1322 1375 1460 1453; x_wconf 87' lang='lat' dir='ltr'><strong>diocesi</strong></span> <span class='ocrx_word' id='word_1_66' title='bbox 1482 1374 1713 1464; x_wconf 86' lang='lat' dir='ltr'><strong>constitutos,</strong></span> <span class='ocrx_word' id='word_1_67' title='bbox 1735 1394 1773 1452; x_wconf 88' lang='lat' dir='ltr'><strong>et</strong></span> <span class='ocrx_word' id='word_1_68' title='bbox 1787 1377 1931 1482; x_wconf 90' lang='lat' dir='ltr'><strong>recepit</strong></span> 
     </span>
     <span class='ocr_line' id='line_1_9' title="bbox 504 1505 1931 1614; baseline -0.001 -30"><span class='ocrx_word' id='word_1_69' title='bbox 504 1511 550 1585; x_wconf 89' lang='lat' dir='ltr'><strong>ab</strong></span> <span class='ocrx_word' id='word_1_70' title='bbox 571 1510 710 1585; x_wconf 90' lang='lat' dir='ltr'><strong>eisdem</strong></span> <span class='ocrx_word' id='word_1_71' title='bbox 732 1525 770 1583; x_wconf 93' lang='lat' dir='ltr'><strong>et</strong></span> <span class='ocrx_word' id='word_1_72' title='bbox 794 1506 947 1614; x_wconf 83' lang='lat' dir='ltr'><strong>singulis</strong></span> <span class='ocrx_word' id='word_1_73' title='bbox 967 1507 1184 1584; x_wconf 88' lang='lat' dir='ltr'><strong>eorumdem</strong></span> <span class='ocrx_word' id='word_1_74' title='bbox 1204 1507 1412 1613; x_wconf 89' lang='lat' dir='ltr'><strong>juramenta</strong></span> <span class='ocrx_word' id='word_1_75' title='bbox 1431 1505 1479 1581; x_wconf 89' lang='lat' dir='ltr'><strong>ad</strong></span> <span class='ocrx_word' id='word_1_76' title='bbox 1503 1522 1624 1583; x_wconf 85' lang='lat' dir='ltr'><strong>sancta</strong></span> <span class='ocrx_word' id='word_1_77' title='bbox 1645 1506 1715 1583; x_wconf 90' lang='lat' dir='ltr'><strong>Dei</strong></span> <span class='ocrx_word' id='word_1_78' title='bbox 1731 1506 1931 1612; x_wconf 81' lang='lat' dir='ltr'><strong>Evangelia</strong></span> 
     </span>
     <span class='ocr_line' id='line_1_10' title="bbox 505 1636 1932 1746; baseline -0.001 -31"><span class='ocrx_word' id='word_1_79' title='bbox 505 1639 744 1746; x_wconf 89' lang='lat' dir='ltr'><strong>corporaliter</strong></span> <span class='ocrx_word' id='word_1_80' title='bbox 761 1669 781 1713; x_wconf 92' lang='lat' dir='ltr'><strong>a</strong></span> <span class='ocrx_word' id='word_1_81' title='bbox 802 1662 840 1714; x_wconf 87' lang='lat' dir='ltr'><strong>se</strong></span> <span class='ocrx_word' id='word_1_82' title='bbox 859 1656 968 1727; x_wconf 86' lang='lat' dir='ltr'><strong>tacta,</strong></span> <span class='ocrx_word' id='word_1_83' title='bbox 989 1638 1093 1744; x_wconf 91' lang='lat' dir='ltr'><strong>quod</strong></span> <span class='ocrx_word' id='word_1_84' title='bbox 1107 1666 1219 1742; x_wconf 91' lang='lat' dir='ltr'><strong>super</strong></span> <span class='ocrx_word' id='word_1_85' title='bbox 1237 1637 1409 1714; x_wconf 92' lang='lat' dir='ltr'><strong>omnibus</strong></span> <span class='ocrx_word' id='word_1_86' title='bbox 1424 1636 1600 1743; x_wconf 87' lang='lat' dir='ltr'><strong>predictis</strong></span> <span class='ocrx_word' id='word_1_87' title='bbox 1618 1636 1781 1713; x_wconf 77' lang='lat' dir='ltr'><strong>articulis</strong></span> <span class='ocrx_word' id='word_1_88' title='bbox 1800 1654 1839 1712; x_wconf 90' lang='lat' dir='ltr'><strong>et</strong></span> <span class='ocrx_word' id='word_1_89' title='bbox 1856 1638 1932 1713; x_wconf 88' lang='lat' dir='ltr'><strong>sin·</strong></span> 
     </span>
     <span class='ocr_line' id='line_1_11' title="bbox 504 1765 1930 1874; baseline -0.001 -30"><span class='ocrx_word' id='word_1_90' title='bbox 504 1770 598 1874; x_wconf 86' lang='lat' dir='ltr'><strong>gulis</strong></span> <span class='ocrx_word' id='word_1_91' title='bbox 614 1769 830 1847; x_wconf 89' lang='lat' dir='ltr'><strong>eorumdem</strong></span> <span class='ocrx_word' id='word_1_92' title='bbox 850 1769 972 1844; x_wconf 90' lang='lat' dir='ltr'><strong>dicant</strong></span> <span class='ocrx_word' id='word_1_93' title='bbox 990 1796 1118 1873; x_wconf 91' lang='lat' dir='ltr'><strong>puram</strong></span> <span class='ocrx_word' id='word_1_94' title='bbox 1138 1784 1175 1843; x_wconf 88' lang='lat' dir='ltr'><strong>et</strong></span> <span class='ocrx_word' id='word_1_95' title='bbox 1194 1765 1400 1872; x_wconf 88' lang='lat' dir='ltr'><strong>simplicem</strong></span> <span class='ocrx_word' id='word_1_96' title='bbox 1418 1766 1609 1843; x_wconf 85' lang='lat' dir='ltr'><strong>veritatem</strong></span> <span class='ocrx_word' id='word_1_97' title='bbox 1623 1784 1698 1842; x_wconf 90' lang='lat' dir='ltr'><strong>tam</strong></span> <span class='ocrx_word' id='word_1_98' title='bbox 1714 1767 1762 1842; x_wconf 93' lang='lat' dir='ltr'><strong>de</strong></span> <span class='ocrx_word' id='word_1_99' title='bbox 1783 1794 1822 1843; x_wconf 89' lang='lat' dir='ltr'><strong>se</strong></span> <span class='ocrx_word' id='word_1_100' title='bbox 1839 1768 1930 1874; x_wconf 88' lang='lat' dir='ltr'><strong>ipsis</strong></span> 
     </span>
     <span class='ocr_line' id='line_1_12' title="bbox 504 1896 1929 2007; baseline -0.002 -32"><span class='ocrx_word' id='word_1_101' title='bbox 504 1900 661 2007; x_wconf 79' lang='lat' dir='ltr'><strong>quilibet</strong></span> <span class='ocrx_word' id='word_1_102' title='bbox 676 1917 716 1975; x_wconf 93' lang='lat' dir='ltr'><strong>ut</strong></span> <span class='ocrx_word' id='word_1_103' title='bbox 735 1898 961 2004; x_wconf 89' lang='lat' dir='ltr'><strong>principalis,</strong></span> <span class='ocrx_word' id='word_1_104' title='bbox 983 1925 1094 2004; x_wconf 88' lang='lat' dir='ltr'><strong>quam</strong></span> <span class='ocrx_word' id='word_1_105' title='bbox 1116 1899 1162 1973; x_wconf 96' lang='lat' dir='ltr'><strong>de</strong></span> <span class='ocrx_word' id='word_1_106' title='bbox 1179 1897 1259 1973; x_wconf 90' lang='lat' dir='ltr'><strong>aliis</strong></span> <span class='ocrx_word' id='word_1_107' title='bbox 1279 1898 1373 1973; x_wconf 90' lang='lat' dir='ltr'><strong>sicut</strong></span> <span class='ocrx_word' id='word_1_108' title='bbox 1395 1897 1508 1973; x_wconf 89' lang='lat' dir='ltr'><strong>testis.</strong></span> <span class='ocrx_word' id='word_1_109' title='bbox 1532 1896 1688 1974; x_wconf 85' lang='lat' dir='ltr'><strong>Nomina</strong></span> <span class='ocrx_word' id='word_1_110' title='bbox 1712 1915 1838 1974; x_wconf 89' lang='lat' dir='ltr'><strong>autem</strong></span> <span class='ocrx_word' id='word_1_111' title='bbox 1870 1898 1929 1973; x_wconf 90' lang='lat' dir='ltr'><strong>di-</strong></span> 
     </span>
     <span class='ocr_line' id='line_1_13' title="bbox 505 2028 1039 2106; baseline -0.007 -1"><span class='ocrx_word' id='word_1_112' title='bbox 505 2049 646 2106; x_wconf 88' lang='lat' dir='ltr'><strong>ctorum</strong></span> <span class='ocrx_word' id='word_1_113' title='bbox 667 2029 817 2105; x_wconf 77' lang='lat' dir='ltr'><strong>fratrrrm</strong></span> <span class='ocrx_word' id='word_1_114' title='bbox 839 2046 924 2105; x_wconf 87' lang='lat' dir='ltr'><strong>sunt</strong></span> <span class='ocrx_word' id='word_1_115' title='bbox 937 2028 1008 2103; x_wconf 87' lang='lat' dir='ltr'><strong>bec</strong></span> <span class='ocrx_word' id='word_1_116' title='bbox 1029 2057 1039 2101; x_wconf 77' lang='grc' dir='ltr'><em>τ</em></span> 
     </span>
    </p>

    <p class='ocr_par' dir='ltr' id='par_1_3' title="bbox 505 2156 1930 3043">
     <span class='ocr_line' id='line_1_14' title="bbox 561 2156 1928 2266; baseline 0.001 -31"><span class='ocrx_word' id='word_1_117' title='bbox 561 2159 780 2237; x_wconf 89' lang='lat' dir='ltr'><strong>Guillelmus</strong></span> <span class='ocrx_word' id='word_1_118' title='bbox 806 2159 854 2234; x_wconf 93' lang='lat' dir='ltr'><strong>de</strong></span> <span class='ocrx_word' id='word_1_119' title='bbox 883 2159 1057 2234; x_wconf 90' lang='lat' dir='ltr'><strong>Tamarit.</strong></span> <span class='ocrx_word' id='word_1_120' title='bbox 1075 2202 1130 2217; x_wconf 85' lang='lat'><strong>-—</strong></span> <span class='ocrx_word' id='word_1_121' title='bbox 1158 2157 1396 2264; x_wconf 87' lang='lat' dir='ltr'><strong>Raymundus</strong></span> <span class='ocrx_word' id='word_1_122' title='bbox 1413 2159 1534 2263; x_wconf 87' lang='lat' dir='ltr'><strong>Sapte.</strong></span> <span class='ocrx_word' id='word_1_123' title='bbox 1560 2206 1614 2216; x_wconf 90' lang='lat'><em>-</em></span> <span class='ocrx_word' id='word_1_124' title='bbox 1633 2156 1792 2235; x_wconf 88' lang='lat' dir='ltr'><strong>Jacobus</strong></span> <span class='ocrx_word' id='word_1_125' title='bbox 1817 2159 1928 2266; x_wconf 88' lang='lat' dir='ltr'><strong>Boys.</strong></span> 
     </span>
     <span class='ocr_line' id='line_1_15' title="bbox 506 2286 1930 2394; baseline 0.001 -29"><span class='ocrx_word' id='word_1_126' title='bbox 506 2286 786 2365; x_wconf 87' lang='lat' dir='ltr'><strong>-Guillelmus</strong></span> <span class='ocrx_word' id='word_1_127' title='bbox 802 2287 847 2363; x_wconf 90' lang='lat' dir='ltr'><strong>de</strong></span> <span class='ocrx_word' id='word_1_128' title='bbox 860 2290 991 2364; x_wconf 87' lang='lat' dir='ltr'><strong>Sancto</strong></span> <span class='ocrx_word' id='word_1_129' title='bbox 1006 2287 1402 2394; x_wconf 86' lang='lat' dir='ltr'><strong>lpolito.··-Johannes</strong></span> <span class='ocrx_word' id='word_1_130' title='bbox 1419 2290 1584 2365; x_wconf 87' lang='lat' dir='ltr'><strong>Saeoma.</strong></span> <span class='ocrx_word' id='word_1_131' title='bbox 1599 2287 1850 2366; x_wconf 84' lang='lat' dir='ltr'><strong>—Arnaldus</strong></span> <span class='ocrx_word' id='word_1_132' title='bbox 1867 2292 1930 2367; x_wconf 78' lang='lat' dir='ltr'><strong>se-</strong></span> 
     </span>
     <span class='ocr_line' id='line_1_16' title="bbox 506 2415 1929 2524; baseline 0.003 -32"><span class='ocrx_word' id='word_1_133' title='bbox 506 2418 694 2522; x_wconf 89' lang='lat' dir='ltr'><strong>ptembris.</strong></span> <span class='ocrx_word' id='word_1_134' title='bbox 704 2415 1000 2523; x_wconf 86' lang='lat' dir='ltr'><strong>-Raymundus</strong></span> <span class='ocrx_word' id='word_1_135' title='bbox 1012 2416 1138 2495; x_wconf 87' lang='lat' dir='ltr'><strong>Vilert.</strong></span> <span class='ocrx_word' id='word_1_136' title='bbox 1154 2418 1451 2524; x_wconf 81' lang='lat' dir='ltr'><strong>-llaymundus</strong></span> <span class='ocrx_word' id='word_1_137' title='bbox 1462 2417 1623 2495; x_wconf 89' lang='lat' dir='ltr'><strong>Remilli.</strong></span> <span class='ocrx_word' id='word_1_138' title='bbox 1633 2463 1687 2475; x_wconf 87' lang='lat'><em>-</em></span> <span class='ocrx_word' id='word_1_139' title='bbox 1700 2417 1929 2497; x_wconf 82' lang='lat' dir='ltr'><strong>Guillelmus</strong></span> 
     </span>
     <span class='ocr_line' id='line_1_17' title="bbox 506 2547 1929 2657; baseline 0.002 -33"><span class='ocrx_word' id='word_1_140' title='bbox 506 2548 726 2624; x_wconf 89' lang='lat' dir='ltr'><strong>Marcurelli.</strong></span> <span class='ocrx_word' id='word_1_141' title='bbox 753 2592 807 2605; x_wconf 82' lang='lat'><strong>--</strong></span> <span class='ocrx_word' id='word_1_142' title='bbox 826 2549 954 2623; x_wconf 87' lang='lat' dir='ltr'><strong>Petrus</strong></span> <span class='ocrx_word' id='word_1_143' title='bbox 973 2548 1020 2624; x_wconf 88' lang='lat' dir='ltr'><strong>de</strong></span> <span class='ocrx_word' id='word_1_144' title='bbox 1038 2549 1127 2625; x_wconf 88' lang='lat' dir='ltr'><strong>Sunt</strong></span> <span class='ocrx_word' id='word_1_145' title='bbox 1147 2547 1275 2624; x_wconf 80' lang='lat' dir='ltr'><strong>Arnas.</strong></span> <span class='ocrx_word' id='word_1_146' title='bbox 1300 2595 1354 2606; x_wconf 87' lang='lat'>-</span> <span class='ocrx_word' id='word_1_147' title='bbox 1376 2549 1614 2657; x_wconf 82' lang='lat' dir='ltr'><strong>Raymundus</strong></span> <span class='ocrx_word' id='word_1_148' title='bbox 1637 2551 1849 2628; x_wconf 87' lang='lat' dir='ltr'><strong>Descarme.</strong></span> <span class='ocrx_word' id='word_1_149' title='bbox 1872 2598 1929 2609; x_wconf 92' lang='lat'><strong>--</strong></span> 
     </span>
     <span class='ocr_line' id='line_1_18' title="bbox 505 2677 1927 2785; baseline 0.004 -33"><span class='ocrx_word' id='word_1_150' title='bbox 505 2680 633 2754; x_wconf 88' lang='lat' dir='ltr'><strong>Petrus</strong></span> <span class='ocrx_word' id='word_1_151' title='bbox 653 2678 863 2755; x_wconf 87' lang='lat' dir='ltr'><strong>Servientis.</strong></span> <span class='ocrx_word' id='word_1_152' title='bbox 888 2725 943 2736; x_wconf 85' lang='lat'><strong>-—</strong></span> <span class='ocrx_word' id='word_1_153' title='bbox 964 2678 1144 2754; x_wconf 78' lang='lat' dir='ltr'><strong>Amaldus</strong></span> <span class='ocrx_word' id='word_1_154' title='bbox 1165 2677 1274 2785; x_wconf 89' lang='lat' dir='ltr'><strong>Calis.</strong></span> <span class='ocrx_word' id='word_1_155' title='bbox 1296 2680 1559 2756; x_wconf 85' lang='lat' dir='ltr'><strong>-Ferrarius</strong></span> <span class='ocrx_word' id='word_1_156' title='bbox 1578 2681 1673 2756; x_wconf 87' lang='lat' dir='ltr'><strong>Boti.</strong></span> <span class='ocrx_word' id='word_1_157' title='bbox 1693 2726 1749 2738; x_wconf 91' lang='lat'>—</span> <span class='ocrx_word' id='word_1_158' title='bbox 1768 2679 1927 2759; x_wconf 91' lang='lat' dir='ltr'><strong>Guillel-</strong></span> 
     </span>
     <span class='ocr_line' id='line_1_19' title="bbox 507 2808 1928 2916; baseline 0.002 -34"><span class='ocrx_word' id='word_1_159' title='bbox 507 2836 587 2884; x_wconf 92' lang='lat' dir='ltr'><strong>mus</strong></span> <span class='ocrx_word' id='word_1_160' title='bbox 607 2808 846 2884; x_wconf 82' lang='lat' dir='ltr'><strong>deTerratis.</strong></span> <span class='ocrx_word' id='word_1_161' title='bbox 868 2856 923 2866; x_wconf 90' lang='grc'>-</span> <span class='ocrx_word' id='word_1_162' title='bbox 938 2809 1149 2887; x_wconf 87' lang='lat' dir='ltr'><strong>Bernardus</strong></span> <span class='ocrx_word' id='word_1_163' title='bbox 1169 2810 1406 2916; x_wconf 88' lang='lat' dir='ltr'><strong>Septembris.</strong></span> <span class='ocrx_word' id='word_1_164' title='bbox 1429 2858 1484 2867; x_wconf 89' lang='lat'><em>-</em></span> <span class='ocrx_word' id='word_1_165' title='bbox 1504 2812 1643 2916; x_wconf 87' lang='lat' dir='ltr'><strong>Symon</strong></span> <span class='ocrx_word' id='word_1_166' title='bbox 1669 2810 1848 2889; x_wconf 85' lang='lat' dir='ltr'><strong>de&#39;l&#39;urri.</strong></span> <span class='ocrx_word' id='word_1_167' title='bbox 1872 2858 1928 2872; x_wconf 89' lang='lat'><em>-</em></span> 
     </span>
     <span class='ocr_line' id='line_1_20' title="bbox 505 2915 1736 3043; baseline 0 -28"><span class='ocrx_word' id='word_1_168' title='bbox 505 2939 1114 3043; x_wconf 64' lang='lat' dir='ltr'><strong>agressurum-..aconas</strong></span> <span class='ocrx_word' id='word_1_169' title='bbox 1129 2942 1345 3018; x_wconf 62' lang='lat' dir='ltr'><strong>namon.</strong></span> <span class='ocrx_word' id='word_1_170' title='bbox 1724 2915 1736 2954; x_wconf 86' lang='grc'><strong>·’</strong></span> 
     </span>
    </p>
   </div>
   <div class='ocr_carea' id='block_1_3' title="bbox 503 3201 1923 4877">
    <p class='ocr_par' dir='ltr' id='par_1_4' title="bbox 503 3201 1923 4877">
     <span class='ocr_line' id='line_1_21' title="bbox 559 3201 1921 3309; baseline 0.001 -32"><span class='ocrx_word' id='word_1_171' title='bbox 559 3202 835 3306; x_wconf 86' lang='lat' dir='ltr'><strong>Consequenter</strong></span> <span class='ocrx_word' id='word_1_172' title='bbox 855 3203 890 3275; x_wconf 93' lang='lat' dir='ltr'><strong>in</strong></span> <span class='ocrx_word' id='word_1_173' title='bbox 915 3201 1048 3303; x_wconf 89' lang='lat' dir='ltr'><strong>eodem</strong></span> <span class='ocrx_word' id='word_1_174' title='bbox 1068 3203 1213 3277; x_wconf 89' lang='lat' dir='ltr'><strong>instanti</strong></span> <span class='ocrx_word' id='word_1_175' title='bbox 1236 3203 1335 3277; x_wconf 93' lang='lat' dir='ltr'><strong>idem</strong></span> <span class='ocrx_word' id='word_1_176' title='bbox 1357 3203 1530 3279; x_wconf 87' lang='lat' dir='ltr'><strong>dominus</strong></span> <span class='ocrx_word' id='word_1_177' title='bbox 1556 3204 1750 3309; x_wconf 89' lang='lat' dir='ltr'><strong>episcopus</strong></span> <span class='ocrx_word' id='word_1_178' title='bbox 1773 3202 1921 3309; x_wconf 88' lang='lat' dir='ltr'><strong>publice</strong></span> 
     </span>
     <span class='ocr_line' id='line_1_22' title="bbox 504 3306 1923 3435; baseline 0.003 -30"><span class='ocrx_word' id='word_1_179' title='bbox 504 3331 589 3405; x_wconf 88' lang='lat' dir='ltr'><strong>lecit</strong></span> <span class='ocrx_word' id='word_1_180' title='bbox 607 3331 723 3406; x_wconf 90' lang='lat' dir='ltr'><strong>vocari</strong></span> <span class='ocrx_word' id='word_1_181' title='bbox 748 3349 783 3405; x_wconf 90' lang='lat' dir='ltr'><strong>et</strong></span> <span class='ocrx_word' id='word_1_182' title='bbox 802 3331 849 3405; x_wconf 89' lang='lat' dir='ltr'><strong>ad</strong></span> <span class='ocrx_word' id='word_1_183' title='bbox 864 3331 919 3405; x_wconf 94' lang='lat' dir='ltr'><strong>sui</strong></span> <span class='ocrx_word' id='word_1_184' title='bbox 936 3306 1166 3435; x_wconf 74' lang='lat' dir='ltr'><strong>presenciam</strong></span> <span class='ocrx_word' id='word_1_185' title='bbox 1190 3333 1314 3407; x_wconf 79' lang='lat' dir='ltr'><strong>venire</strong></span> <span class='ocrx_word' id='word_1_186' title='bbox 1340 3360 1469 3409; x_wconf 89' lang='lat' dir='ltr'><strong>omnes</strong></span> <span class='ocrx_word' id='word_1_187' title='bbox 1497 3334 1648 3411; x_wconf 86' lang='lat' dir='ltr'><strong>clericos</strong></span> <span class='ocrx_word' id='word_1_188' title='bbox 1675 3335 1857 3411; x_wconf 89' lang='lat' dir='ltr'><strong>seculares</strong></span> <span class='ocrx_word' id='word_1_189' title='bbox 1887 3352 1923 3409; x_wconf 87' lang='lat' dir='ltr'><strong>et</strong></span> 
     </span>
     <span class='ocr_line' id='line_1_23' title="bbox 505 3461 1923 3569; baseline 0.003 -35"><span class='ocrx_word' id='word_1_190' title='bbox 505 3462 614 3536; x_wconf 86' lang='lat' dir='ltr'><strong>laicos</strong></span> <span class='ocrx_word' id='word_1_191' title='bbox 635 3490 788 3536; x_wconf 89' lang='lat' dir='ltr'><strong>necnon</strong></span> <span class='ocrx_word' id='word_1_192' title='bbox 811 3463 905 3537; x_wconf 86' lang='lat' dir='ltr'><strong>viros</strong></span> <span class='ocrx_word' id='word_1_193' title='bbox 926 3461 1016 3537; x_wconf 90' lang='lat' dir='ltr'><strong>alios</strong></span> <span class='ocrx_word' id='word_1_194' title='bbox 1034 3461 1228 3567; x_wconf 87' lang='lat' dir='ltr'><strong>cujuslibet</strong></span> <span class='ocrx_word' id='word_1_195' title='bbox 1247 3463 1434 3568; x_wconf 83' lang='lat' dir='ltr'><strong>religionis</strong></span> <span class='ocrx_word' id='word_1_196' title='bbox 1455 3466 1518 3569; x_wconf 90' lang='lat' dir='ltr'><strong>qui</strong></span> <span class='ocrx_word' id='word_1_197' title='bbox 1546 3465 1595 3541; x_wconf 94' lang='lat' dir='ltr'><strong>ibi</strong></span> <span class='ocrx_word' id='word_1_198' title='bbox 1617 3466 1784 3551; x_wconf 89' lang='lat' dir='ltr'><strong>aderant,</strong></span> <span class='ocrx_word' id='word_1_199' title='bbox 1805 3466 1923 3569; x_wconf 91' lang='lat' dir='ltr'><strong>preci-</strong></span> 
     </span>
     <span class='ocr_line' id='line_1_24' title="bbox 506 3593 1920 3703; baseline 0.005 -38"><span class='ocrx_word' id='word_1_200' title='bbox 506 3593 607 3694; x_wconf 87' lang='lat' dir='ltr'><strong>piens</strong></span> <span class='ocrx_word' id='word_1_201' title='bbox 629 3594 680 3666; x_wconf 86' lang='lat' dir='ltr'><strong>eis</strong></span> <span class='ocrx_word' id='word_1_202' title='bbox 697 3611 730 3666; x_wconf 86' lang='lat' dir='ltr'><strong>et</strong></span> <span class='ocrx_word' id='word_1_203' title='bbox 751 3621 903 3667; x_wconf 88' lang='lat' dir='ltr'><strong>monens</strong></span> <span class='ocrx_word' id='word_1_204' title='bbox 924 3622 986 3668; x_wconf 90' lang='lat' dir='ltr'><strong>eos</strong></span> <span class='ocrx_word' id='word_1_205' title='bbox 1007 3595 1216 3670; x_wconf 84' lang='lat' dir='ltr'><strong>municione</strong></span> <span class='ocrx_word' id='word_1_206' title='bbox 1240 3596 1411 3672; x_wconf 90' lang='lat' dir='ltr'><strong>canonica</strong></span> <span class='ocrx_word' id='word_1_207' title='bbox 1437 3598 1538 3703; x_wconf 90' lang='lat' dir='ltr'><strong>quod</strong></span> <span class='ocrx_word' id='word_1_208' title='bbox 1561 3600 1589 3674; x_wconf 93' lang='lat' dir='ltr'><strong>si</strong></span> <span class='ocrx_word' id='word_1_209' title='bbox 1611 3597 1704 3674; x_wconf 79' lang='lat' dir='ltr'><strong>sorte</strong></span> <span class='ocrx_word' id='word_1_210' title='bbox 1727 3599 1920 3703; x_wconf 91' lang='lat' dir='ltr'><strong>quisquam</strong></span> 
     </span>
     <span class='ocr_line' id='line_1_25' title="bbox 505 3725 1920 3833; baseline 0.007 -39"><span class='ocrx_word' id='word_1_211' title='bbox 505 3753 630 3797; x_wconf 84' lang='lat' dir='ltr'><strong>corum</strong></span> <span class='ocrx_word' id='word_1_212' title='bbox 653 3725 761 3798; x_wconf 86' lang='lat' dir='ltr'><strong>sciret</strong></span> <span class='ocrx_word' id='word_1_213' title='bbox 779 3725 898 3828; x_wconf 86' lang='lat' dir='ltr'><strong>aliqua</strong></span> <span class='ocrx_word' id='word_1_214' title='bbox 926 3755 1035 3829; x_wconf 88' lang='lat' dir='ltr'><strong>super</strong></span> <span class='ocrx_word' id='word_1_215' title='bbox 1060 3726 1334 3830; x_wconf 89' lang='lat' dir='ltr'><strong>inquisitionem</strong></span> <span class='ocrx_word' id='word_1_216' title='bbox 1359 3729 1559 3831; x_wconf 88' lang='lat' dir='ltr'><strong>predictam</strong></span> <span class='ocrx_word' id='word_1_217' title='bbox 1577 3729 1654 3833; x_wconf 90' lang='lat' dir='ltr'><strong>jam</strong></span> <span class='ocrx_word' id='word_1_218' title='bbox 1675 3758 1694 3803; x_wconf 89' lang='lat' dir='ltr'><strong>a</strong></span> <span class='ocrx_word' id='word_1_219' title='bbox 1720 3758 1758 3804; x_wconf 90' lang='lat' dir='ltr'><strong>se</strong></span> <span class='ocrx_word' id='word_1_220' title='bbox 1780 3729 1920 3833; x_wconf 86' lang='lat' dir='ltr'><strong>incepta</strong></span> 
     </span>
     <span class='ocr_line' id='line_1_26' title="bbox 504 3855 1920 3965; baseline 0.005 -39"><span class='ocrx_word' id='word_1_221' title='bbox 504 3872 626 3927; x_wconf 88' lang='lat' dir='ltr'><strong>contra</strong></span> <span class='ocrx_word' id='word_1_222' title='bbox 645 3855 811 3928; x_wconf 86' lang='lat' dir='ltr'><strong>ordinem</strong></span> <span class='ocrx_word' id='word_1_223' title='bbox 831 3873 866 3930; x_wconf 89' lang='lat' dir='ltr'><strong>et</strong></span> <span class='ocrx_word' id='word_1_224' title='bbox 886 3855 1084 3961; x_wconf 83' lang='lat' dir='ltr'><strong>singulares</strong></span> <span class='ocrx_word' id='word_1_225' title='bbox 1099 3885 1272 3960; x_wconf 89' lang='lat' dir='ltr'><strong>personas</strong></span> <span class='ocrx_word' id='word_1_226' title='bbox 1286 3857 1451 3962; x_wconf 85' lang='lat' dir='ltr'><strong>ejusdem</strong></span> <span class='ocrx_word' id='word_1_227' title='bbox 1465 3859 1617 3934; x_wconf 81' lang='lat' dir='ltr'><strong>ordinis</strong></span> <span class='ocrx_word' id='word_1_228' title='bbox 1634 3859 1800 3965; x_wconf 87' lang='lat' dir='ltr'><strong>Templi,</strong></span> <span class='ocrx_word' id='word_1_229' title='bbox 1819 3861 1920 3964; x_wconf 89' lang='lat' dir='ltr'><strong>quod</strong></span> 
     </span>
     <span class='ocr_line' id='line_1_27' title="bbox 507 3983 1920 4090; baseline 0.008 -36"><span class='ocrx_word' id='word_1_230' title='bbox 507 3983 563 4055; x_wconf 90' lang='lat' dir='ltr'><strong>illa</strong></span> <span class='ocrx_word' id='word_1_231' title='bbox 591 3984 729 4058; x_wconf 90' lang='lat' dir='ltr'><strong>diceret</strong></span> <span class='ocrx_word' id='word_1_232' title='bbox 756 4004 791 4059; x_wconf 91' lang='lat' dir='ltr'><strong>et</strong></span> <span class='ocrx_word' id='word_1_233' title='bbox 815 3984 1018 4088; x_wconf 86' lang='lat' dir='ltr'><strong>publicaret</strong></span> <span class='ocrx_word' id='word_1_234' title='bbox 1045 4005 1080 4060; x_wconf 87' lang='lat' dir='ltr'><strong>et</strong></span> <span class='ocrx_word' id='word_1_235' title='bbox 1105 3986 1333 4090; x_wconf 82' lang='lat' dir='ltr'><strong>aliquatenus</strong></span> <span class='ocrx_word' id='word_1_236' title='bbox 1361 4018 1436 4064; x_wconf 93' lang='lat' dir='ltr'><strong>non</strong></span> <span class='ocrx_word' id='word_1_237' title='bbox 1461 3990 1594 4064; x_wconf 88' lang='lat' dir='ltr'><strong>celaret</strong></span> <span class='ocrx_word' id='word_1_238' title='bbox 1619 3990 1742 4065; x_wconf 89' lang='lat' dir='ltr'><strong>eidem</strong></span> <span class='ocrx_word' id='word_1_239' title='bbox 1768 3990 1920 4066; x_wconf 89' lang='lat' dir='ltr'><strong>domino</strong></span> 
     </span>
     <span class='ocr_line' id='line_1_28' title="bbox 505 4114 1921 4225; baseline 0.007 -39"><span class='ocrx_word' id='word_1_240' title='bbox 505 4114 675 4216; x_wconf 86' lang='lat' dir='ltr'><strong>episcopo</strong></span> <span class='ocrx_word' id='word_1_241' title='bbox 698 4116 893 4223; x_wconf 85' lang='lat' dir='ltr'><strong>inquirenti</strong></span> <span class='ocrx_word' id='word_1_242' title='bbox 916 4146 935 4191; x_wconf 91' lang='lat' dir='ltr'><strong>a</strong></span> <span class='ocrx_word' id='word_1_243' title='bbox 956 4117 1016 4192; x_wconf 91' lang='lat' dir='ltr'><strong>die</strong></span> <span class='ocrx_word' id='word_1_244' title='bbox 1038 4119 1216 4221; x_wconf 88' lang='lat' dir='ltr'><strong>presentis</strong></span> <span class='ocrx_word' id='word_1_245' title='bbox 1234 4121 1453 4196; x_wconf 83' lang='lat' dir='ltr'><strong>municionis</strong></span> <span class='ocrx_word' id='word_1_246' title='bbox 1472 4147 1589 4225; x_wconf 89' lang='lat' dir='ltr'><strong>usque</strong></span> <span class='ocrx_word' id='word_1_247' title='bbox 1606 4121 1653 4197; x_wconf 88' lang='lat' dir='ltr'><strong>ad</strong></span> <span class='ocrx_word' id='word_1_248' title='bbox 1669 4120 1748 4196; x_wconf 91' lang='lat' dir='ltr'><strong>dies</strong></span> <span class='ocrx_word' id='word_1_249' title='bbox 1766 4137 1851 4198; x_wconf 90' lang='lat' dir='ltr'><strong>octo</strong></span> <span class='ocrx_word' id='word_1_250' title='bbox 1866 4151 1921 4196; x_wconf 91' lang='lat' dir='ltr'><strong>se-</strong></span> 
     </span>
     <span class='ocr_line' id='line_1_29' title="bbox 504 4246 1919 4352; baseline 0.006 -34"><span class='ocrx_word' id='word_1_251' title='bbox 504 4261 674 4348; x_wconf 86' lang='lat' dir='ltr'><strong>quentes,</strong></span> <span class='ocrx_word' id='word_1_252' title='bbox 703 4246 866 4351; x_wconf 88' lang='lat' dir='ltr'><strong>alioquin</strong></span> <span class='ocrx_word' id='word_1_253' title='bbox 892 4249 988 4352; x_wconf 91' lang='lat' dir='ltr'><strong>ipsos</strong></span> <span class='ocrx_word' id='word_1_254' title='bbox 1009 4248 1163 4323; x_wconf 87' lang='lat' dir='ltr'><strong>scientes</strong></span> <span class='ocrx_word' id='word_1_255' title='bbox 1185 4267 1221 4324; x_wconf 91' lang='lat' dir='ltr'><strong>ct</strong></span> <span class='ocrx_word' id='word_1_256' title='bbox 1241 4250 1398 4326; x_wconf 87' lang='lat' dir='ltr'><strong>celantes</strong></span> <span class='ocrx_word' id='word_1_257' title='bbox 1419 4270 1454 4325; x_wconf 89' lang='lat' dir='ltr'><strong>et</strong></span> <span class='ocrx_word' id='word_1_258' title='bbox 1478 4280 1551 4328; x_wconf 90' lang='lat' dir='ltr'><strong>non</strong></span> <span class='ocrx_word' id='word_1_259' title='bbox 1571 4251 1772 4327; x_wconf 87' lang='lat' dir='ltr'><strong>revelantes</strong></span> <span class='ocrx_word' id='word_1_260' title='bbox 1797 4252 1919 4326; x_wconf 89' lang='lat' dir='ltr'><strong>eidem</strong></span> 
     </span>
     <span class='ocr_line' id='line_1_30' title="bbox 504 4373 1920 4486; baseline 0.008 -42"><span class='ocrx_word' id='word_1_261' title='bbox 504 4373 654 4449; x_wconf 87' lang='lat' dir='ltr'><strong>domino</strong></span> <span class='ocrx_word' id='word_1_262' title='bbox 671 4377 843 4480; x_wconf 91' lang='lat' dir='ltr'><strong>episcopo</strong></span> <span class='ocrx_word' id='word_1_263' title='bbox 861 4377 951 4452; x_wconf 82' lang='lat' dir='ltr'><strong>infra</strong></span> <span class='ocrx_word' id='word_1_264' title='bbox 965 4380 1164 4453; x_wconf 88' lang='lat' dir='ltr'><strong>terminum</strong></span> <span class='ocrx_word' id='word_1_265' title='bbox 1178 4381 1385 4484; x_wconf 90' lang='lat' dir='ltr'><strong>predictum</strong></span> <span class='ocrx_word' id='word_1_266' title='bbox 1404 4400 1541 4457; x_wconf 82' lang='lat' dir='ltr'><strong>extunc</strong></span> <span class='ocrx_word' id='word_1_267' title='bbox 1558 4384 1593 4456; x_wconf 92' lang='lat' dir='ltr'><strong>in</strong></span> <span class='ocrx_word' id='word_1_268' title='bbox 1610 4382 1682 4457; x_wconf 92' lang='lat' dir='ltr'><strong>hiis</strong></span> <span class='ocrx_word' id='word_1_269' title='bbox 1697 4383 1841 4486; x_wconf 89' lang='lat' dir='ltr'><strong>scriptis</strong></span> <span class='ocrx_word' id='word_1_270' title='bbox 1863 4411 1920 4457; x_wconf 84' lang='lat' dir='ltr'><strong>ex-</strong></span> 
     </span>
     <span class='ocr_line' id='line_1_31' title="bbox 503 4508 1920 4616; baseline 0.007 -39"><span class='ocrx_word' id='word_1_271' title='bbox 503 4508 848 4582; x_wconf 88' lang='lat' dir='ltr'><strong>communicacionis</strong></span> <span class='ocrx_word' id='word_1_272' title='bbox 877 4508 1021 4583; x_wconf 87' lang='lat' dir='ltr'><strong>vinculo</strong></span> <span class='ocrx_word' id='word_1_273' title='bbox 1046 4509 1243 4585; x_wconf 89' lang='lat' dir='ltr'><strong>innodavit.</strong></span> <span class='ocrx_word' id='word_1_274' title='bbox 1274 4513 1311 4585; x_wconf 92' lang='lat' dir='ltr'><strong>ln</strong></span> <span class='ocrx_word' id='word_1_275' title='bbox 1339 4514 1528 4616; x_wconf 88' lang='lat' dir='ltr'><strong>presencia</strong></span> <span class='ocrx_word' id='word_1_276' title='bbox 1545 4531 1581 4588; x_wconf 84' lang='lat' dir='ltr'><strong>et</strong></span> <span class='ocrx_word' id='word_1_277' title='bbox 1605 4513 1817 4589; x_wconf 88' lang='lat' dir='ltr'><strong>testimonio</strong></span> <span class='ocrx_word' id='word_1_278' title='bbox 1834 4514 1920 4589; x_wconf 89' lang='lat' dir='ltr'><strong>Ber·</strong></span> 
     </span>
     <span class='ocr_line' id='line_1_32' title="bbox 504 4635 1917 4748; baseline 0.008 -44"><span class='ocrx_word' id='word_1_279' title='bbox 504 4635 606 4707; x_wconf 87' lang='lat' dir='ltr'><strong>nardi</strong></span> <span class='ocrx_word' id='word_1_280' title='bbox 621 4637 666 4711; x_wconf 93' lang='lat' dir='ltr'><strong>de</strong></span> <span class='ocrx_word' id='word_1_281' title='bbox 690 4638 854 4713; x_wconf 89' lang='lat' dir='ltr'><strong>Priciano</strong></span> <span class='ocrx_word' id='word_1_282' title='bbox 875 4657 906 4712; x_wconf 86' lang='lat' dir='ltr'><strong>et</strong></span> <span class='ocrx_word' id='word_1_283' title='bbox 929 4638 1115 4714; x_wconf 87' lang='lat' dir='ltr'><strong>Guillelrni</strong></span> <span class='ocrx_word' id='word_1_284' title='bbox 1134 4639 1404 4728; x_wconf 85' lang='lat' dir='ltr'><strong>Bonihonrinis,</strong></span> <span class='ocrx_word' id='word_1_285' title='bbox 1423 4644 1626 4748; x_wconf 87' lang='lat' dir='ltr'><strong>Raymundi</strong></span> <span class='ocrx_word' id='word_1_286' title='bbox 1643 4645 1767 4748; x_wconf 84' lang='lat' dir='ltr'><strong>Troyn</strong></span> <span class='ocrx_word' id='word_1_287' title='bbox 1787 4660 1822 4718; x_wconf 89' lang='lat' dir='ltr'><strong>et</strong></span> <span class='ocrx_word' id='word_1_288' title='bbox 1835 4642 1917 4748; x_wconf 90' lang='lat' dir='ltr'><strong>plu-</strong></span> 
     </span>
     <span class='ocr_line' id='line_1_33' title="bbox 504 4761 1598 4877; baseline 0.014 -45"><span class='ocrx_word' id='word_1_289' title='bbox 504 4761 598 4833; x_wconf 88' lang='lat' dir='ltr'><strong>rium</strong></span> <span class='ocrx_word' id='word_1_290' title='bbox 618 4765 771 4838; x_wconf 86' lang='lat' dir='ltr'><strong>aliorum</strong></span> <span class='ocrx_word' id='word_1_291' title='bbox 793 4766 1328 4872; x_wconf 87' lang='lat' dir='ltr'><strong>clericorum,presbiterorum</strong></span> <span class='ocrx_word' id='word_1_292' title='bbox 1349 4790 1384 4847; x_wconf 88' lang='lat' dir='ltr'><strong>et</strong></span> <span class='ocrx_word' id='word_1_293' title='bbox 1400 4771 1598 4877; x_wconf 86' lang='lat' dir='ltr'><strong>laycorum.</strong></span> 
     </span>
    </p>
   </div>
   <div class='ocr_carea' id='block_1_4' title="bbox 0 0 2120 5956">
    <p class='ocr_par' dir='ltr' id='par_1_5' title="bbox 0 0 2120 5956">
     <span class='ocr_line' id='line_1_34' title="bbox 0 0 2120 5956; baseline 0 1"><span class='ocrx_word' id='word_1_294' title='bbox 0 0 2120 5956; x_wconf 95' lang='lat' dir='ltr'><strong> </strong></span> 
     </span>
    </p>
   </div>
  </div>
 </body>
</html>
