4230 5956
641 487 835 579 raocss
862 508 958 579 ons
985 509 1284 585 'taunucus
1603 513 1671 589 us

253 642 405 721 siasticis
418 647 672 734 sacramentis,
689 646 829 752 quibus
843 647 921 752 ipse
938 650 1126 739 credebat,
1140 669 1178 727 et
1194 653 1298 758 quod
1314 680 1445 727 eorum
1463 654 1673 732 sacerdotes

253 774 377 850 debite
399 775 639 851 celebrarent.
662 777 772 865 Item,
792 777 884 853 dixit
903 781 1008 884 qnod
1028 781 1067 856 in
1095 781 1389 858 diffinicionibus
1410 781 1672 887 capitoliorum

251 923 446 1010 preceptor
456 905 570 982 laicus
583 907 646 1012 qui
659 906 872 1011 presidebat
884 908 1049 985 dicebat:
1065 947 1077 977 r
1092 912 1149 988 De
1160 911 1233 988 hiis
1246 940 1320 1018 que
1333 910 1524 988 obmitetis
1536 912 1670 1003 dicere,

251 1038 300 1113 ob
322 1037 582 1113 verecundiam
603 1039 722 1113 carnis
740 1039 795 1114 vel
815 1039 990 1115 timorem
1002 1041 1170 1146 justicie,
1192 1039 1348 1118 facimus
1368 1041 1473 1119 vobis
1493 1040 1595 1117 illam
1616 1042 1667 1117 in·

252 1167 489 1273 dulgenciam
504 1197 617 1273 quam
633 1197 850 1273 possumus,
869 1187 906 1246 et
919 1198 1094 1276 rogamus
1113 1173 1256 1260 Deum,
1272 1190 1309 1249 et
1324 1200 1387 1249 vos
1403 1189 1530 1280 rogate
1546 1172 1668 1277 quod,

252 1299 347 1374 sicut
367 1298 522 1374 indulsit
542 1299 759 1405 Magdalene
783 1317 931 1405 peccata
951 1329 1032 1391 sua,
1056 1302 1106 1376 ita
1126 1302 1318 1409 indulgeat
1340 1301 1442 1379 vobis
1461 1319 1500 1378 et
1519 1303 1669 1379 nobis.»

251 1428 464 1533 Requisitus
484 1429 514 1504 si
535 1457 602 1532 per
624 1429 738 1505 talem
758 1430 1039 1507 absolucionem
1063 1433 1239 1509 credebat
1265 1462 1304 1509 se
1328 1460 1410 1508 esse
1438 1433 1632 1510 absolutus
1651 1463 1671 1508 a

251 1559 429 1664 peccatis,
446 1560 642 1663 respondit
655 1561 758 1664 quod
779 1589 872 1651 uon,
895 1561 962 1637 sed
986 1562 1108 1638 solum
1134 1592 1153 1638 a
1179 1562 1383 1668 disciplinis
1405 1562 1565 1649 ordinis,
1596 1591 1669 1668 que

250 1689 516 1794 infligebantur
531 1706 683 1794 propter
699 1718 868 1768 excessus
889 1719 985 1796 quos
1005 1692 1291 1768 committebant
1310 1692 1512 1768 interdum.
1535 1692 1670 1797 Requi·

250 1820 344 1895 situs
359 1820 531 1925 aquibus
550 1820 693 1897 audivit
707 1821 790 1897 lieri
806 1822 1013 1927 predictam
1031 1822 1328 1913 absolucionem,
1352 1821 1445 1897 dixit
1459 1822 1561 1927 quod
1578 1821 1670 1896 vidit

249 1949 331 2025 lieri
351 1949 448 2025 ultra
475 1979 574 2026 mare
595 1977 664 2055 per
684 1951 827 2026 dictum
848 1949 1000 2026 fratrem
1021 1952 1250 2027 Ademarum
1279 1952 1325 2026 de
1346 1953 1543 2056 Peyrucaa,
1568 1968 1604 2026 et
1629 1951 1668 2025 in

250 2076 421 2155 Alvemia
440 2106 508 2182 per
524 2076 676 2153 fratrem
694 2079 846 2153 Petrum
868 2079 916 2154 de
938 2080 1065 2155 Dnmo
1084 2080 1309 2184 predictum.
1331 2081 1412 2185 lpse
1436 2096 1474 2154 et
1493 2079 1556 2155 alii
1574 2108 1668 2185 quos

249 2208 341 2283 vidit
361 2209 474 2311 recipi
491 2208 712 2313 juraverunt
730 2236 806 2283 non
827 2209 926 2284 exire
941 2208 1085 2285 dictum
1105 2211 1297 2296 ordinem,
1316 2211 1472 2286 credens
1487 2209 1591 2315 quod
1606 2208 1667 2284 alii

251 2338 501 2413 communiter
517 2337 587 2412 hoc
602 2337 784 2441 jurarent.
807 2338 940 2414 Statim
958 2367 1026 2444 pro
1045 2339 1220 2444 professis
1237 2339 1489 2415 habebantur.
1511 2338 1670 2417 Claude·

249 2467 345 2542 stine
370 2467 660 2570 recipiebantur,
685 2494 728 2541 ex
746 2494 822 2571 quo
846 2467 965 2544 credit
986 2468 1091 2575 quod
1115 2486 1212 2545 esset
1234 2469 1329 2544 mala
1355 2467 1517 2573 suspicio
1542 2487 1669 2545 contra

251 2625 325 2672 eos.
341 2596 518 2674 Cordulis
538 2597 781 2703 cingebantur
795 2626 909 2703 super
926 2598 1094 2675 camisias
1112 2627 1197 2677 cum
1211 2599 1351 2705 quibus
1360 2599 1553 2704 jacebant,
1576 2628 1668 2704 quas

250 2727 488 2803 assumebant
506 2728 608 2803 unde
627 2726 814 2803 volebant.
835 2728 891 2804 De
912 2727 1034 2835 ydolis
1057 2728 1172 2803 nichil
1195 2728 1298 2804 scivit
1319 2756 1389 2803 nec
1412 2727 1564 2803 audivit.
1593 2728 1669 2804 Au·

251 2857 341 2934 divit
360 2875 486 2933 tamen
507 2857 580 2933 diei
600 2856 699 2932 ultra
717 2885 818 2933 mare
835 2874 872 2934 et
886 2858 992 2949 citra,
1015 2885 1091 2934 nou
1108 2859 1326 2933 recordatur
1345 2886 1364 2932 a
1384 2857 1539 2961 quibus,
1560 2858 1666 2963 quod

250 2989 410 3064 maiores
427 2987 569 3064 ordinis
589 2986 780 3063 habebant
799 2986 923 3091 aliqua
941 2987 1086 3063 occulta
1104 2989 1144 3063 iu
1163 2988 1297 3063 ordine
1318 3015 1392 3093 que
1424 3014 1501 3062 non
1530 2983 1667 3061 revela-

249 3120 386 3195 bantur
406 3116 646 3194 inserioribus
663 3116 818 3193 ordinis.
836 3117 913 3210 Qui
933 3117 1157 3193 revelassent
1174 3134 1314 3193 secreta
1337 3114 1586 3220 capitulorum
1608 3113 1666 3190 vel

250 3251 408 3325 modum
425 3247 652 3353 recepciouis
668 3273 735 3321 sue
753 3246 912 3354 graviter
924 3246 1052 3351 'puniti
1074 3246 1248 3333 fuissent,
1271 3246 1338 3322 sed
1357 3245 1475 3321 nescit
1493 3243 1663 3350 qualiter.

251 3379 444 3470 Quamdiu
464 3378 653 3454 habebant
676 3376 821 3480 copiam
841 3377 1078 3453 sacerdotum
1097 3377 1256 3465 ordinis,
1288 3404 1364 3452 non
1384 3391 1558 3481 poterant
1585 3374 1665 3450 aliis

250 3509 436 3597 confiteri,
459 3525 494 3583 et
512 3508 562 3582 ita
577 3505 854 3612 precipiebatur
870 3506 908 3582 in
927 3506 1071 3583 ordine.
1092 3509 1236 3583 Fratres
1250 3507 1408 3582 scientes
1426 3533 1572 3582 errores
1584 3503 1665 3580 fue·

249 3657 338 3714 runt
350 3637 592 3743 negligentes,
605 3637 692 3743 quia
706 3664 782 3712 non
798 3653 1038 3711 correxerunt
1049 3664 1112 3712 eos
1127 3665 1197 3712 nec
1214 3636 1532 3711 denunciaverunt
1539 3632 1665 3709 Eccle-

250 3769 315 3842 sie.
335 3767 569 3844 Elemosinas
589 3782 626 3841 et
649 3765 937 3870 hospitalitatem
963 3766 1056 3842 vidit
1077 3766 1341 3843 convenienter
1360 3764 1442 3840 lieri
1467 3780 1505 3838 et
1527 3763 1662 3837 servari

249 3898 287 3976 in
314 3897 491 3973 domibus
514 3895 657 3972 ordinis
677 3895 715 3969 in
737 3895 876 4001 quibus
899 3895 1018 3970 extitit
1037 3913 1300 3972 commoratus.
1322 3891 1591 3998 injungebatur
1611 3890 1664 3967 eis

249 4028 353 4132 quod
372 4042 615 4131 procurarent
633 4024 833 4101 utilitatem
855 4025 1017 4111 ordinis,
1042 4023 1108 4101 sed
1129 4052 1174 4099 ne
1196 4025 1331 4129 injuste
1354 4020 1588 4126 acquirerent
1608 4020 1665 4095 in-

250 4155 449 4233 hibebatur
462 4183 642 4261 expresse.
658 4154 895 4260 Quandoque
912 4154 1135 4230 tenebantur
1147 4152 1320 4255 capitalia
1332 4153 1371 4226 in
1387 4178 1534 4238 aurora,
1551 4150 1664 4227 nullis

247 4284 481 4392 presentibus
493 4284 562 4359 nisi
577 4283 764 4370 fratribus,
783 4298 820 4357 et
835 4281 1101 4386 providebatur
1115 4279 1219 4383 quod
1235 4308 1276 4355 ea
1294 4308 1369 4384 que
1389 4280 1595 4385 agebantur
1609 4281 1666 4355 in·

248 4414 382 4501 terius,
395 4414 554 4489 exterius
565 4410 1074 4488 nonaudirentur.0rdinata
1086 4437 1153 4515 per
1162 4437 1339 4515 magnum
1350 4408 1664 4515 Magistrumcum

249 4561 433 4623 conventu
464 4560 603 4620 servata
625 4541 782 4617 luissent
805 4540 844 4616 in
868 4539 1017 4624 ordine,
1040 4557 1166 4616 contra
1186 4567 1301 4645 quem
1323 4555 1477 4645 propter
1498 4537 1665 4643 predicta

248 4675 401 4786 grandia
412 4672 593 4760 scandala,
607 4671 768 4777 suspicio
784 4687 821 4747 et
835 4669 1083 4747 infamiasunt
1101 4687 1238 4749 exorta.
1257 4669 1470 4747 Confessata
1485 4696 1553 4774 per
1574 4697 1662 4746 eum

250 4806 369 4883 credit
389 4805 492 4911 quod
517 4820 638 4880 essent
662 4817 751 4877 nota
773 4799 947 4877 fratribus
970 4799 1124 4890 ordinis,
1146 4816 1273 4878 conus
1292 4826 1407 4904 quem
1427 4797 1568 4874 audivit
1589 4798 1663 4875 dici

336 4940 441 5004 esocis
463 4960 514 5001 ors
535 4957 793 5000 caueamus-11.
1477 4957 1512 5021 ¹9
