4230 5956
659 486 855 578 proces
876 505 970 576 nns
998 503 1301 577 runemnns.
1618 509 1687 578 105

273 643 475 751 superioris
490 644 561 720 nisi
578 673 647 750 pro
662 645 796 721 arciori
808 644 990 751 religione
1012 645 1070 720 vel
1090 644 1402 731 Cartusiensinm,
1418 644 1574 721 credens
1586 647 1690 751 quod

273 772 334 849 alii
350 771 453 850 idem
464 773 646 880 jurarent.
663 774 905 855 Clandestine
924 773 1211 880 recipiebantur,
1232 773 1348 851 nullis
1365 773 1602 879 presentibus
1618 776 1688 850 nisi

271 902 448 980 fratribus
467 904 626 992 ordinis,
649 933 694 982 ex
708 933 785 1011 quo
801 905 920 981 credit
939 905 1042 1010 quod
1062 922 1160 981 esset
1179 904 1339 1011 suspicio
1355 920 1483 982 contra
1503 931 1579 980 eos.
1599 904 1691 981 Cor·

273 1032 374 1110 dulis
384 1032 486 1110 unde
499 1034 672 1111 volebant
685 1036 883 1140 assumptis
897 1034 1141 1142 cingebantur
1153 1062 1265 1140 super
1275 1033 1442 1111 camisias
1455 1061 1539 1110 cum
1552 1033 1689 1138 quibus

268 1164 451 1267 jacebant.
468 1164 734 1271 lnjungebatur
746 1166 799 1242 eis
818 1194 885 1272 per
904 1182 1176 1243 sacramentum
1193 1165 1297 1271 quod
1313 1193 1389 1242 non
1407 1164 1613 1241 revelarent
1631 1193 1689 1241 se-

274 1310 371 1370 creta
383 1293 648 1400 capitulorum,
661 1297 709 1373 de
719 1296 836 1373 modo
848 1295 1077 1400 recepcionis
1090 1295 1239 1402 speciali
1252 1323 1327 1373 non
1342 1295 1467 1373 babita
1477 1296 1686 1372 mencione.

274 1422 466 1515 Quamdiu
498 1422 636 1500 babere
669 1441 841 1531 poterant
868 1425 1081 1502 sacerdotes
1100 1425 1259 1513 ordinis,
1284 1453 1359 1506 non
1386 1424 1576 1502 debebant
1608 1424 1689 1500 aliis

274 1552 413 1655 absque
430 1579 561 1628 eorum
585 1552 740 1630 licencia
763 1554 948 1631 confiteri.
974 1555 1122 1631 Fratres
1145 1555 1304 1656 scientes
1330 1582 1476 1632 errores
1501 1552 1691 1659 predictos

270 1681 421 1757 fuerunt
447 1681 680 1788 negligentes
704 1684 793 1790 quia
817 1712 893 1762 non
921 1696 1160 1761 correxerunt
1186 1713 1249 1760 eos
1275 1713 1344 1760 nec
1365 1684 1686 1761 denunciaverunt

271 1809 446 1887 Ecclesie.
481 1811 712 1888 Elemosinas
741 1830 778 1889 et
809 1813 1099 1919 hospitalitatem
1130 1813 1225 1889 vidit
1252 1812 1518 1889 convenienter
1543 1810 1624 1886 lieri
1651 1827 1689 1886 et

271 1940 406 2016 servari
430 1941 470 2015 in
490 1941 668 2019 domibus
691 1942 835 2019 ordinis
859 1942 897 2018 in
922 1941 1059 2048 quibus
1085 1942 1224 2019 exstitit
1248 1959 1519 2027 commoratus,
1553 1956 1592 2016 et
1621 1967 1689 2045 per

269 2069 482 2175 predictum
501 2069 652 2147 fratrem
673 2070 881 2146 lohannem
900 2071 947 2146 de
960 2071 1099 2147 vSancto
1114 2071 1318 2147 Benedicto
1332 2070 1403 2146 suit
1419 2071 1453 2148 ei
1469 2087 1686 2175 preceptum

271 2199 376 2303 quod
394 2199 508 2275 dictas
528 2199 751 2276 elemosinas
766 2216 805 2276 et
819 2197 1112 2305 hospitalitatem
1131 2200 1230 2277 bene
1246 2217 1407 2277 servaret
1423 2200 1462 2275 in
1476 2199 1687 2305 periculum

271 2328 395 2404 anime
410 2356 489 2407 sue.
511 2329 732 2433 Preceptum
752 2327 823 2404 luit
841 2329 875 2404 ei
892 2328 997 2434 quod
1016 2329 1140 2404 modis
1156 2327 1293 2405 debitis
1312 2344 1530 2433 procuraret
1543 2327 1686 2403 ordinis

271 2457 557 2533 incrementum.
587 2456 716 2534 Credit
739 2456 843 2563 quod
865 2456 962 2533 illud
985 2458 1089 2562 quod
1113 2485 1269 2564 magnus
1293 2458 1468 2564 Magister
1492 2486 1576 2535 cum
1598 2486 1688 2534 con-

270 2602 384 2661 ventu
408 2585 618 2662 ordinasset
644 2602 822 2663 servasset
846 2602 948 2662 totus
974 2586 1083 2675 ordo,
1116 2604 1243 2662 contra
1270 2616 1382 2692 quem
1409 2616 1510 2665 nunc
1533 2589 1686 2696 grandia

271 2714 458 2802 scandala,
475 2715 637 2821 suspicio
650 2733 688 2792 et
700 2714 853 2793 infamia
868 2731 955 2794 sunt
968 2732 1111 2804 exorta,
1133 2716 1239 2822 cujus
1257 2714 1434 2794 fratribus
1453 2717 1571 2795 credit
1583 2721 1686 2822 quod

272 2862 395 2922 essent
413 2860 501 2920 nota
516 2843 722 2923 consessata
740 2873 808 2950 per
823 2872 937 2922 eum:
958 2872 1032 2950 que
1053 2872 1129 2920 non
1151 2845 1327 2950 deposuit
1343 2874 1471 2950 prece,
1492 2863 1683 2951 precepto,

270 2974 422 3061 timore,
439 3001 582 3066 amore,
600 2973 703 3062 odio,
720 2971 777 3050 vel
792 2973 990 3078 temporali
1006 2973 1167 3050 comodo
1188 2973 1316 3050 habito
1337 2975 1394 3051 vel
1410 2975 1602 3060 babendo,
1619 2976 1686 3051 sed

269 3130 338 3207 pro
350 3102 695 3194 veritate'dicenda,
717 3120 760 3181 ut
773 3103 887 3190 dixit3
908 3103 966 3179 cui
980 3101 1052 3180 fuit
1067 3101 1274 3207 injunctum
1292 3103 1395 3208 quod
1410 3130 1487 3180 non
1507 3104 1687 3180 revelaret

261 3231 366 3329 'banc
380 3261 485 3309 suam
506 3231 803 3338 deposicionem,
824 3260 1021 3339 quousque
1041 3233 1299 3310 attestaciones
1318 3232 1459 3309 fuerint
1478 3232 1684 3337 publicate3

271 3378 308 3437 et
322 3389 361 3438 se
382 3389 459 3438 non
479 3361 669 3440 obtulerat
684 3363 732 3439 ad
748 3361 1021 3441 deffensionem
1042 3362 1197 3439 ordinis.
1272 3360 1278 3369 ’

326 3626 455 3702 Frater
482 3626 706 3733 Raynaudus
726 3625 900 3704 Larcbier
918 3626 1102 3714 serviens,
1124 3627 1357 3703 Turonensis
1382 3625 1556 3715 diocesis,
1582 3626 1687 3701 testis

272 3783 380 3861 supra
389 3754 555 3860 juratus,
574 3756 726 3862 triginta
752 3774 836 3834 octo
857 3783 1041 3833 annorum
1061 3755 1118 3833 vel
1139 3756 1251 3846 circa,
1278 3783 1354 3832 non
1376 3755 1561 3832 defferens
1580 3781 1687 3828 man-

270 3883 406 3961 tellum
428 3885 587 3973 ordinis,
605 3886 691 3992 quia
719 3886 842 3992 ipsum
862 3886 1057 3962 dimiserat
1075 3901 1256 3962 vetustate
1277 3901 1559 3989 consumptum,
1586 3897 1687 3987 post-

271 4015 430 4092 modum
450 4016 530 4092 radi
551 4017 687 4094 lecerat
706 4015 785 4094 sibi.
798 4018 970 4103 barbam,
989 4044 1075 4092 cum
1096 4043 1172 4119 quo
1187 4015 1410 4119 inquisitum
1429 4013 1567 4101 brerat,
1584 4011 1687 4087 abso·

271 4143 373 4220 lutus
391 4161 430 4219 et
444 4146 706 4222 reconciliatus
722 4175 790 4251 per
804 4140 1001 4223 officialem
1021 4144 1289 4231 Pictavensem,
1311 4141 1415 4217 lectis
1432 4157 1470 4217 et
1487 4140 1687 4248 diligenter

273 4271 447 4376 expositis
469 4273 541 4349 sibi
562 4275 740 4352 omnibus
762 4292 800 4352 et
822 4275 979 4382 singulis
1001 4271 1183 4359 articulis,
1209 4271 1480 4375 protestacione
1506 4272 1686 4376 premissa

271 4401 376 4506 quod
388 4428 466 4476 non
479 4401 640 4479 intendit
661 4405 835 4480 recedere
856 4431 877 4478 a
897 4402 1135 4508 deposicione
1151 4427 1218 4504 per
1232 4428 1319 4476 eum
1335 4399 1428 4477 sacta
1445 4429 1568 4478 coram
1585 4402 1685 4477 dicto

272 4529 438 4617 officiali,
461 4532 655 4636 respondit
683 4532 788 4637 quod
813 4559 891 4609 non
914 4532 1056 4609 viderat
1080 4529 1194 4634 recipi
1216 4531 1254 4604 in
1280 4530 1412 4606 ordine
1439 4529 1509 4606 nisi
1533 4530 1686 4607 fratrem

272 4661 463 4737 Nicolaum
484 4660 641 4739 Russelli
656 4662 895 4751 servientem,
917 4661 1167 4751 deffunctum,
1190 4688 1302 4766 quem
1318 4661 1460 4766 recepit
1476 4657 1589 4737 lrater
1603 4661 1687 4739 Ste-

272 4790 419 4894 phanus
437 4790 561 4866 Enrici
581 4790 792 4898 quondam,
810 4811 901 4869 tunc
918 4808 1114 4898 preceptor
1141 4791 1278 4868 domus
1299 4791 1448 4896 Templi
1470 4789 1519 4866 de
1538 4789 1685 4869 Clisson
1788 4834 1793 4841 -

357 4925 464 4988 rnocits
486 4947 539 4989 nes
561 4948 823 4990 murmuras-11.
999 4950 1003 4957 ·
1503 4931 1539 4996 td
