4230 5956
631 459 826 553 rnoots
858 477 956 550 nus
986 476 1295 550 munerans.
1599 484 1672 555 207

252 621 323 699 sibi
351 616 532 697 mantello
555 620 726 706 recessit,
760 618 849 726 quia
880 618 1066 727 cogitabat
1094 619 1198 724 quod
1223 616 1331 695 fieret
1362 617 1565 726 abnegacio
1590 652 1676 730 pre-

253 752 365 842 dicta,
386 768 423 827 et
442 749 762 828 recommendavit
784 776 873 826 enm
899 748 1083 856 receptori
1103 748 1193 826 dicti
1212 746 1430 834 Guillelmi,
1452 750 1516 856 qui
1539 752 1676 830 attine-

250 880 315 959 bat
342 881 466 959 eidem
500 880 606 969 testi,
638 898 676 959 et
705 879 863 957 fratrum
890 879 1059 988 Hugonis
1088 878 1137 956 de
1166 878 1304 957 Anesio
1330 879 1565 957 Turonensis
1592 880 1675 960 dio·

251 1012 361 1102 cesis,
393 1028 432 1089 et
458 1010 655 1090 Guillelmi
687 1012 800 1119 luyto
829 1010 999 1119 ejusdem
1030 1010 1190 1089 diocesis
1218 1009 1404 1102 militum,
1436 1027 1674 1116 receptorum

250 1142 405 1221 insimul
435 1141 475 1218 in
500 1140 641 1247 capella
663 1143 801 1221 domus
819 1140 970 1249 Templi
992 1142 1039 1219 de
1059 1140 1187 1219 Ancon
1215 1141 1255 1219 in
1280 1139 1459 1246 capitulio
1488 1142 1672 1249 generali,

252 1290 339 1351 sunt
355 1297 416 1350 xvi
437 1272 525 1348 anni
547 1271 681 1380 elapsi,
707 1301 777 1380 per
795 1273 939 1351 dictum
960 1272 1111 1350 fratrem
1132 1270 1399 1364 Amblardum,
1418 1290 1462 1349 ut
1480 1271 1552 1351 sibi
1572 1275 1676 1351 vide·

252 1422 327 1490 tur,
360 1402 599 1508 presentibus
629 1404 913 1510 preceptoribus
943 1421 982 1481 et
1010 1402 1188 1481 fratribus
1218 1402 1285 1510 qui
1322 1422 1598 1481 consueverunt
1626 1405 1674 1483 ad

252 1534 395 1610 dictum
422 1532 630 1639 capitulum
651 1535 867 1624 convenire3
902 1552 940 1613 et
959 1534 1081 1613 fratris
1112 1533 1282 1645 Hugonis
1307 1534 1354 1610 de
1378 1532 1545 1641 Rclheyo
1575 1537 1675 1644 ejus-

252 1662 337 1740 dem
361 1662 520 1741 diocesis
538 1662 685 1752 militis,
705 1668 845 1773 recepti
866 1667 968 1771 apud
991 1667 1094 1744 Auso
1126 1666 1165 1742 in
1191 1664 1369 1771 capitulio
1391 1664 1572 1772 generali,
1606 1694 1674 1770 per

250 1791 392 1871 dictum
413 1792 565 1872 fratrem
589 1794 844 1890 Gaufredum‚
866 1822 934 1903 per
962 1824 1083 1873 unum
1112 1822 1254 1873 annum
1280 1795 1339 1871 vel
1369 1794 1462 1871 circa
1482 1812 1567 1872 ante
1587 1823 1674 1901 cap-

252 1925 399 2002 cionem
418 1952 571 2017 eorum,
593 1952 663 2002 nec
692 1941 771 2002 non
797 1942 836 2002 ct
864 1925 1060 2033 cujusdam
1081 1926 1234 2003 alterius
1253 1923 1377 1999 fratris
1394 1921 1541 2013 militis,
1565 1924 1674 2031 cujus

250 2079 394 2130 nomen·
420 2071 459 2131 et
493 2081 703 2161 cognomen
736 2055 904 2161 ignorat,
932 2053 1002 2131 filii
1033 2055 1187 2132 domine
1220 2053 1269 2130 de
1302 2051 1422 2157 Cloye
1451 2052 1673 2132 Pictavensis

250 2183 424 2274 diocesis,
450 2183 591 2290 recepti
618 2183 657 2260 in
686 2181 787 2262 dicto
806 2182 891 2262 loco
921 2183 976 2261 de.
994 2184 1113 2276 Auso,
1132 2185 1170 2261 in
1195 2183 1296 2261 dicto
1323 2180 1502 2289 capitulio
1529 2185 1568 2260 in
1594 2214 1671 2291 quo

250 2329 422 2418 receptus
441 2310 563 2390 fluerat
578 2311 702 2389 dictus
720 2312 850 2421 llugo;
871 2313 939 2390 sed
963 2331 1117 2421 propter
1135 2313 1372 2391 nobilitatem
1398 2331 1436 2391 et
1458 2316 1671 2420 potenciam

250 2442 440 2519 dictorum
463 2460 626 2550 quatuor
650 2441 815 2520 militum
844 2459 883 2519 et
903 2444 1112 2521 amicorum
1144 2444 1386 2534 eorumdem,
1408 2472 1486 2522 non
1503 2445 1673 2524 lecerunt

249 2573 541 2680 abnegat-ionem
565 2572 788 2679 predictam,
814 2600 884 2650 nec
911 2571 984 2651 suit
1009 2591 1229 2681 preceptum
1261 2574 1422 2663 eisdem,
1449 2603 1520 2652 nec
1547 2576 1672 2683 aliqua

248 2701 320 2779 alia
343 2702 473 2780 illicita
499 2704 781 2781 intervenerunt
805 2703 845 2779 in
868 2703 1153 2810 recepcionibus
1183 2730 1316 2781 eorum
1342 2730 1412 2780 nec
1440 2723 1540 2810 post,
1566 2709 1672 2813 quod

249 2833 328 2937 ipse
347 2833 494 2911 sciverit
520 2832 579 2911 vel
603 2831 788 2910 audiverit
812 2832 899 2910 dici.
919 2833 1136 2940 Requisitus
1160 2834 1191 2910 si
1220 2833 1304 2923 scit,
1331 2832 1466 2923 credit,
1488 2835 1546 2911 vel
1567 2836 1673 2912 andi·

248 2962 341 3038 verit
365 2962 439 3039 dici
459 2963 565 3068 qnod
586 2961 711 3069 aliqua
733 2961 803 3040 alia
822 2960 951 3040 illicita
978 2980 1105 3070 preter
1131 2962 1269 3040 dictam
1293 2961 1584 3070 abnegacionem
1614 2965 1671 3042 in-

247 3094 475 3170 tervenirent
504 3095 544 3170 in
573 3093 858 3200 recepcionibue
891 3093 1049 3172 botrum
1078 3093 1223 3172 ordinis
1253 3093 1312 3170 vel
1341 3111 1446 3200 post,
1475 3096 1671 3201 respondit

249 3225 352 3330 quod
377 3224 631 3303 communiter
656 3223 933 3331 precipiebatur
956 3225 1010 3302 eis
1034 3225 1140 3333 quod
1166 3225 1403 3332 acquirerent
1432 3225 1555 3303 ordini
1585 3229 1671 3333 qui-

248 3355 485 3461 buscumque
506 3355 629 3434 modis
652 3373 821 3463 possent,
848 3372 886 3433 et
900 3355 990 3434 licet
1006 3384 1083 3435 non
1108 3356 1342 3435 declararent
1356 3356 1470 3435 licitis
1483 3357 1541 3434 vel
1560 3357 1670 3435 illici·-

247 3485 310 3574 tis,
327 3486 439 3563 verba
458 3504 585 3564 tamen
600 3487 766 3593 predicta
783 3487 1031 3567 imminebant
1046 3489 1084 3594 (l)
1109 3489 1198 3577 hoc,
1216 3505 1253 3566 et
1273 3490 1321 3566 de
1336 3486 1434 3567 facto
1451 3487 1671 3596 frequenter

249 3616 445 3694 servabant
464 3615 659 3724 quomodo
675 3634 860 3725 poterant.
882 3619 992 3709 Item,
1011 3617 1104 3696 dixit
1121 3647 1161 3697 se
1182 3619 1319 3697 vidisse
1338 3620 1443 3726 quod
1461 3617 1590 3697 fratres
1609 3620 1670 3695 Jo-

249 3747 392 3824 hannes
402 3745 553 3826 Godelli
568 3747 616 3824 de
627 3749 804 3839 Turonis,
819 3765 857 3825 et
872 3748 1132 3856 quidamaliuo
1148 3749 1312 3827 serviens
1326 3748 1442 3838 stulti,
1455 3749 1671 3825 minxerunt

250 3878 366 3953 semel
396 3879 436 3954 iu
460 3879 558 3983 pede
589 3878 783 3986 cujusdam
811 3879 933 3957 crucis
962 3879 1085 3987 lignee
1116 3894 1240 3957 erecte
1269 3880 1308 3956 in
1336 3877 1536 3956 cimitterio
1571 3877 1669 3953 dicte

251 4007 388 4084 domus
414 4006 463 4083 de
491 4007 600 4097 Bato,
630 4026 667 4086 et
701 4036 786 4087 cum
817 4011 897 4116 ipsc
930 4003 1034 4088 testis
1069 4008 1374 4115 reprehendisset
1404 4034 1469 4085 eos
1499 4007 1547 4084 de
1579 4008 1666 4099 hoc,

252 4137 339 4239 quia
351 4153 456 4215 erant
468 4137 521 4216 ibi
532 4138 604 4215 alia
618 4139 700 4217 loca
713 4140 926 4246 propinqua
946 4139 985 4216 in
1000 4137 1140 4245 quibus
1151 4154 1325 4243 poterant
1338 4137 1519 4245 mingere,
1530 4156 1568 4216 et
1581 4140 1670 4245 quia

250 4265 475 4344 videbantur
492 4268 740 4346 industriosae
760 4268 833 4346 hoc
856 4267 977 4345 lacere
1003 4268 1040 4343 in
1063 4268 1283 4373 despectum
1305 4268 1444 4359 crucis,
1470 4270 1671 4375 responde·

251 4413 340 4472 runt
360 4396 393 4472 ei
414 4398 521 4502 quod
546 4398 625 4504 ipse
650 4396 812 4476 habebat
838 4397 957 4476 lacere
987 4399 1035 4475 de
1062 4399 1152 4487 hoc,
1179 4414 1217 4475 et
1241 4398 1345 4504 quod
1361 4398 1479 4477 nichil
1499 4399 1547 4476 ad
1563 4426 1662 4476 enm.

252 4526 403 4604 Audivit
423 4527 496 4603 dici
523 4529 569 4605 de
589 4527 672 4605 aliis
697 4527 875 4607 fratribus
902 4527 1173 4636 ordinisquod
1202 4526 1367 4607 lacerent
1394 4529 1517 4637 aliqua
1536 4556 1672 4637 oppro-

249 4657 330 4733 bria
346 4659 464 4750 curci,
492 4686 561 4736 nec
582 4659 688 4767 quod
714 4660 786 4738 hoc
810 4660 1068 4767 preciperetur
1092 4659 1249 4737 eisdem.
1272 4661 1383 4749 ltem,
1414 4660 1507 4738 dixit
1532 4688 1572 4739 se
1600 4659 1619 4736 l
1661 4700 1664 4705 ·

252 4806 414 4894 quanter
434 4791 617 4868 audivisse
637 4790 749 4868 dicia
764 4790 894 4869 multis
913 4790 1092 4869 fratribus
1106 4790 1343 4869 venientibus
1362 4791 1411 4869 dc
1429 4792 1526 4869 ultra
1548 4820 1664 4881 mare,
