4230 5956
708 465 899 561 mouns
925 485 1019 558 nus
1045 486 1341 560 TEMPLIERS.
1662 494 1731 567 ros

368 628 415 708 Et
428 627 571 705 ibidem
586 624 717 704 fratres
730 628 862 704 Petrus
883 625 932 704 de
955 627 1119 705 Turonis
1140 643 1338 734 preceptor
1351 626 1398 703 de
1411 629 1548 736 Frotay
1563 631 1732 738 ejusdem

312 758 489 850 fflocesis,
511 758 683 836 Matheus
703 758 751 835 de
767 756 1045 865 Montelupello
1065 758 1344 865 Lugdunensis,
1361 759 1493 836 Petrus
1513 760 1560 837 de
1575 762 1733 842 Lanneis

312 888 586 977 Macloviensis,
608 888 898 975 bartholomeus
916 886 1124 966 Bartholeti
1144 889 1412 978 Xantonensis,
1438 888 1666 968 Guillelmus
1686 892 1733 971 de

310 1018 469 1127 Plexeyo
486 1019 739 1108 Ebroiccnsis,
758 1018 990 1099 Guillelmus
1005 1017 1220 1128 Talheboys
1238 1021 1504 1112 xantonensis,
1521 1021 1733 1105 etelredus

311 1149 359 1227 de
375 1151 632 1228 Monchanson
645 1150 981 1239 Claromontensis,
997 1149 1196 1228 Amaudus
1208 1152 1402 1260 brucgeon
1420 1152 1730 1260 Engolismensis,

309 1258 499 1358 lohannes
513 1279 916 1371 PicardiBelvacensis,
927 1278 1170 1358 Audebertus
1193 1281 1240 1359 de
1260 1284 1369 1360 Porta
1387 1298 1584 1387 preceptor
1595 1282 1733 1362 domus

311 1408 491 1499 d‘Auson,
512 1409 752 1499 Pictavensis,
775 1427 813 1488 et
833 1407 995 1487 Parisius
1020 1410 1068 1486 de
1094 1411 1204 1488 Buris
1229 1410 1476 1520 Lingonensis
1505 1411 1729 1507 diocesium,

310 1539 462 1616 adducti
477 1566 546 1646 pro
566 1539 726 1618 testibus
748 1539 796 1616 ad
810 1539 1041 1649 presenciam
1068 1540 1290 1618 eorumdem
1306 1540 1550 1620 dominorum
1564 1543 1733 1621 commis

310 1671 510 1760 seriorum,
542 1670 720 1776 premissa
748 1670 1024 1778 protestacione
1051 1671 1155 1779 quod
1179 1699 1256 1750 non
1284 1671 1488 1748 intendunt
1512 1671 1731 1755 recederes

310 1799 616 1907 deposicionibus
634 1800 726 1880 alias
746 1830 814 1907 per
833 1829 899 1880 eos
917 1799 1021 1881 factis
1041 1829 1166 1879 coram
1187 1801 1387 1879 ordinariis
1409 1817 1447 1876 et
1467 1800 1618 1905 prelatis
1633 1802 1728 1891 suis,

312 1949 349 2008 et
368 1930 472 2037 quod
491 1931 521 2008 si
537 1930 623 2036 plus
653 1931 710 2009 vel
730 1931 856 2009 minus
878 1931 1047 2008 dicerent
1071 1929 1178 2036 quod
1211 1932 1264 2007 eis
1284 1958 1361 2008 non
1380 1929 1604 2036 prejudicet,
1626 1932 1730 2038 jura·

226 2097 230 2105 ·
310 2072 461 2148 verunt,
488 2061 593 2137 tactis
612 2059 852 2139 sacrosanctis
871 2057 1096 2165 Evangeliis,
1124 2058 1247 2135 dicere
1267 2058 1307 2134 in
1320 2059 1391 2136 isto
1412 2059 1567 2165 negocio
1593 2077 1727 2150 totam,

309 2188 460 2295 plenam
481 2205 521 2267 et
535 2215 681 2267 meram
698 2187 910 2276 veritatem,
939 2185 1147 2268 secundum
1173 2185 1332 2266 sormam
1347 2189 1552 2294 juramenti
1568 2189 1728 2268 aliorum

309 2318 463 2397 testium
479 2317 652 2424 superius
665 2317 913 2425 registratam,
937 2317 1140 2424 expositam
1157 2333 1195 2393 et
1206 2316 1466 2424 vulgarizatam
1483 2317 1638 2396 eisdem.
1656 2401 1670 2426 Ι
1695 2396 1697 2400 a

365 2447 454 2528 Auta
492 2447 647 2527 luerunt
679 2448 750 2525 hec
785 2446 848 2523 die
880 2463 921 2527 et>
947 2446 1032 2524 looo
1061 2446 1257 2552 predictis,
1285 2446 1523 2552 presentibus
1553 2450 1729 2558 magistro

309 2577 469 2667 Amisio,
486 2605 552 2654 >me
572 2577 826 2663 Floriarnonte
845 2574 1065 2665 Dondedei,
1091 2593 1129 2654 et
1152 2576 1235 2654 aliis
1267 2577 1422 2655 notariis
1450 2606 1559 2682 supra
1593 2580 1728 2659 ultimo

309 2724 521 2786 nominatis.

363 2972 451 3049 Post
466 2971 553 3060 hec,
575 2970 638 3048 die
658 2971 764 3048 Lune
784 2970 976 3077 sequenti,
992 2997 1067 3077 que
1086 2969 1158 3048 fuit
1176 2971 1307 3077 quinte
1325 2970 1407 3047 dies
1420 2971 1559 3048 mensis
1583 2971 1724 3079 aprilis,

307 3100 377 3177 fuit
390 3100 577 3180 adductus
590 3100 638 3178 ad
651 3100 882 3205 presenciam
894 3100 1114 3179 eorumdem
1127 3099 1371 3177 dominorum
1384 3101 1726 3180 commissariorum

180 3326 188 3334 .
308 3247 345 3307 et
366 3230 511 3308 domini
531 3230 688 3318 Mathei,
706 3232 747 3307 in
767 3232 881 3310 domo
903 3232 1070 3337 predicta
1093 3230 1237 3310 domini
1254 3229 1353 3308 Petri
1376 3230 1424 3307 de
1440 3230 1643 3321 sabaudia,
1661 3234 1728 3311 fra·

306 3378 364 3437 ter
392 3362 525 3438 Petrus
561 3359 724 3439 Amalini
762 3360 925 3439 serviens
949 3377 988 3439 et
1012 3359 1228 3469 bergerius,
1258 3360 1511 3438 Rutheuensis
1548 3361 1723 3451 diocesis,

304 3491 410 3568 testis
435 3518 548 3598 supra
565 3490 730 3599 juratus,
762 3490 1007 3598 quadraginta
1034 3507 1119 3568 octo
1148 3518 1334 3568 annorum
1356 3489 1414 3568 vel
1435 3485 1546 3578 circa,
1576 3493 1728 3570 mantel

306 3619 386 3697 lum
406 3622 550 3707 ordinis
569 3638 607 3700 et
625 3620 779 3701 barbam
798 3620 1000 3709 defferens,
1020 3650 1107 3698 cum
1121 3649 1199 3726 quo
1215 3620 1439 3727 inquisitum
1462 3619 1601 3708 suerat,
1626 3619 1727 3697 abso

212 3727 216 3738 Ι
306 3748 411 3829 lutus
435 3769 475 3830 et
493 3729 755 3831 reconciliatus
779 3778 848 3858 per
866 3751 1066 3829 dominum
1094 3751 1312 3857 episcopum
1340 3750 1636 3837 Ruthenensem,
1659 3751 1725 3854 qui

305 3898 480 3988 receptus
499 3880 621 3961 luerat
642 3882 682 3960 in
704 3879 846 3987 capella
869 3883 1006 3959 domus
1033 3878 1184 3987 Templi
1209 3879 1343 3957 Sancte
1367 3878 1513 3956 Eulalie
1537 3879 1636 3955 dicte
1651 3877 1726 3955 dio·

305 4011 413 4103 cesis,
438 4039 506 4117 per
524 4011 677 4090 fratrem
697 4012 878 4088 Poncium
905 4010 954 4089 de
973 4013 1110 4089 Broeto
1136 4009 1296 4086 militem
1325 4007 1535 4114 quondam,
1553 4006 1592 4083 in
1608 4008 1726 4085 carni·

304 4138 424 4243 privio
440 4141 638 4247 preterito
668 4138 824 4218 fuerunt
858 4140 1004 4217 circiter
1035 4136 1101 4216 rut‘i
1132 4138 1242 4225 anni,
1281 4136 1518 4241 presentibus
1551 4136 1726 4216 fratribus

293 4263 478 4374 ,Guigone
503 4267 677 4346 Ademari
704 4267 849 4357 milite,
881 4283 1098 4374 preceptore
1134 4266 1234 4341 dicte
1269 4264 1423 4355 domus,
1460 4281 1499 4343 et
1528 4264 1724 4374 Aymerico

304 4393 467 4474 Calador
499 4396 725 4503 presbitero,
754 4394 973 4485 deffunctis;
1003 4395 1134 4500 etqui
1166 4394 1205 4470 in
1241 4393 1374 4471 eadem
1406 4393 1547 4501 capella
1583 4394 1726 4475 viderat

304 4524 436 4633 recipi,
459 4553 528 4632 per
552 4525 695 4603 dictum
721 4524 873 4604 fratrem
901 4524 1130 4632 Guigonem,
1157 4522 1308 4601 fratrem
1328 4524 1544 4603 Deodatum
1562 4522 1725 4605 Gavalda

305 4655 395 4735 dicti
420 4654 493 4735 loci
517 4659 653 4736 Sancte
677 4637 848 4746 Eulalie,
871 4673 960 4734 sunt
983 4654 1130 4734 circiter
1157 4681 1203 4733 xv
1229 4655 1336 4745 anni,
1372 4655 1611 4763 presentibus
1623 4655 1724 4734 dicto

304 4784 513 4889 presbitero
539 4803 577 4864 et
599 4786 680 4892 ipso
707 4802 819 4873 teste,
851 4785 923 4893 qui
948 4784 1114 4891 plurium
1145 4785 1428 4891 recepcionibus
1457 4813 1534 4864 non
1553 4785 1724 4866 adfuerat
