4230 5956
466 465 511 533 ss
852 438 1046 531 proces
1072 457 1167 528 nns
1194 455 1494 528 rrurnrnus.

465 628 570 704 aqua.
593 597 739 674 Fratres
760 596 903 674 ordinis
923 599 1080 676 scientes
1105 622 1250 671 errores
1271 592 1426 670 luerunt
1446 593 1678 702 negligentes
1697 595 1786 699 quia
1807 582 1884 673 non

465 746 706 807 correxerunt
726 756 790 805 eos
810 756 879 805 nec
899 727 1217 805 denunciaverunt
1241 723 1416 802 Ecclesie.
1443 724 1677 803 Elemosinas
1699 743 1737 802 et
1757 726 1886 832 hospi·

463 859 644 936 talitatem
665 858 704 933 in
727 857 903 935 domibus
916 857 1059 934 ordinis
1075 857 1111 931 in
1127 854 1266 962 quibus
1280 855 1418 932 exstitit
1433 875 1683 934 commoratus
1698 854 1790 931 vidit
1804 884 1887 934 con·

466 991 657 1066 venienter
677 987 758 1063 fieri
784 1005 821 1064 et
844 988 991 1065 servari.
1018 986 1170 1064 Audivit
1192 986 1267 1062 diei
1291 985 1416 1092 quod,
1441 987 1568 1093 januis
1592 984 1749 1077 clausis,
1773 986 1887 1064 nullis

465 1116 702 1226 presentibus
731 1119 803 1194 nisi
827 1117 1003 1195 fratribus
1028 1117 1188 1207 ordinis,
1218 1144 1350 1194 eorum
1378 1118 1553 1223 capitolia
1580 1116 1818 1209 tenebantur,
1851 1138 1887 1196 et

465 1248 585 1326 credit
603 1248 707 1354 quod
728 1248 898 1327 ordinata
916 1276 984 1355 per
1003 1248 1221 1357 Magistrum
1238 1277 1325 1325 cum
1346 1266 1549 1335 conventu,
1570 1250 1601 1326 si
1617 1249 1775 1327 luissent
1788 1250 1887 1329 bona

468 1399 505 1456 et
523 1379 638 1466 licita,
659 1378 817 1458 luissent
836 1396 976 1458 servata
992 1381 1030 1456 in
1047 1379 1197 1466 ordine,
1220 1394 1348 1455 contra
1368 1407 1483 1484 quem
1499 1407 1599 1457 nunc
1617 1380 1772 1487 grandia
1785 1409 1889 1458 scan-

468 1509 567 1597 dala,
587 1509 750 1615 suspicio
768 1528 805 1587 et
819 1509 970 1586 infamia
991 1527 1079 1586 sunt
1096 1523 1240 1597 exorta3
1262 1507 1368 1614 cujus
1384 1506 1561 1586 fratribus
1577 1527 1666 1588 nota
1686 1528 1793 1587 erant
1807 1539 1889 1589 con·
1997 1505 2004 1509 ’

467 1638 600 1715 sessata
619 1667 687 1743 per
706 1667 813 1727 eum,
835 1656 880 1716 ut
898 1639 1028 1717 credit.
1050 1638 1203 1716 Audiuit
1221 1638 1294 1713 dici
1314 1666 1493 1744 magnum
1509 1639 1729 1746 Magistrum
1746 1657 1784 1716 et
1796 1639 1888 1719 alios

469 1768 612 1875 aliquos
638 1768 826 1847 confessos
846 1769 960 1848 luisse
981 1786 1107 1848 contra
1134 1769 1327 1858 ordinem,
1355 1768 1403 1844 ad
1428 1770 1536 1877 cujus
1557 1770 1827 1849 deffensionem
1849 1798 1887 1847 se

468 1925 544 1973 non
566 1897 765 1975 obtulerat.
787 1902 860 1976 Nec
880 1900 932 1976 sic
958 1900 1183 2006 deposuerat
1201 1926 1327 2005 prece,
1352 1916 1546 2004 precepto,
1567 1900 1719 1987 timore,
1741 1928 1885 1986 amore,

469 2026 558 2104 odio
586 2027 644 2104 vel
672 2030 833 2106 comodo
858 2028 1056 2136 temporali
1084 2028 1214 2105 habito
1239 2026 1297 2105 vel
1325 2027 1519 2114 habendo,
1551 2031 1618 2107 sed
1642 2058 1710 2135 pro
1735 2031 1886 2108 veritate

471 2157 646 2244 dicenda,
667 2176 711 2235 ut
729 2158 839 2249 dixit,
860 2159 920 2236 cui
940 2157 1012 2236 luit
1032 2160 1243 2266 injunctum
1258 2160 1363 2264 quod
1379 2186 1456 2236 non
1471 2158 1654 2237 revelaret
1672 2161 1768 2237 banc
1783 2189 1887 2238 suam

471 2286 767 2391 deposicionem,
788 2314 987 2392 quousque
1008 2288 1266 2365 attestaciones
1286 2286 1427 2364 luerint
1450 2289 1651 2393 publicate.

527 2548 655 2621 Frater
669 2546 856 2623 Robertus
872 2550 919 2624 de
935 2549 1148 2627 Correnllos
1163 2549 1359 2655 presbiter,
1377 2566 1527 2627 curatus
1542 2552 1697 2628 ecclesie
1714 2553 1761 2628 de
1776 2550 1887 2628 Rralli

470 2674 729 2751 Ambianensis
748 2675 923 2765 diocesis,
945 2679 1051 2756 testis
1071 2705 1182 2783 supra
1197 2678 1360 2784 juratus,
1383 2679 1491 2757 etatis
1508 2706 1614 2758 xxxvi
1632 2710 1815 2758 annorum
1831 2680 1889 2757 vel

470 2806 580 2891 circa,
602 2832 679 2882 non
700 2804 887 2882 defferens
904 2807 1127 2886 mantellum
1145 2807 1305 2898 ordinis,
1327 2809 1415 2915 quia
1435 2809 1559 2915 ipsum
1579 2810 1771 2887 dimiserat
1789 2828 1890 2887 vetu-

470 2951 563 3010 state
574 2950 857 3047 consumptum,
876 2936 1071 3014 absolutus
1090 2954 1127 3013 et
1138 2936 1399 3015 reconciliatus
1418 2967 1485 3043 per
1500 2938 1697 3015 dominum
1711 2941 1890 3044 archiepi-

472 3090 627 3168 scopum
639 3065 879 3161 Remensem‚
896 3095 982 3142 cum
996 3094 1072 3171 quo
1086 3067 1327 3173 inquisiverat
1342 3067 1381 3143 in
1397 3067 1556 3144 concilio
1574 3070 1764 3157 Remensi,
1784 3068 1890 3146 lectis

473 3210 510 3269 et
518 3192 716 3298 diligenter
728 3195 902 3299 expositis
915 3196 986 3272 sibi
998 3196 1175 3274 omnibus
1185 3214 1222 3273 et
1232 3196 1573 3304 singulisarticulis,
1585 3195 1889 3306 respondithnod

473 3349 550 3397 non
569 3322 711 3399 viderat
736 3324 850 3429 recipi
870 3324 909 3401 in
932 3327 1064 3403 ordine
1085 3326 1157 3403 nisi
1184 3325 1339 3404 fratrem
1358 3329 1387 3403 F
1388 3328 1566 3404 ulconem
1587 3328 1635 3404 de
1658 3328 1797 3436 Nuylhi
1816 3357 1891 3405 ser-

472 3452 651 3542 vientem,
680 3470 815 3548 testem
843 3484 951 3562 supra
985 3457 1259 3545 examinatum,
1290 3474 1485 3563 receptum
1515 3457 1554 3532 in
1586 3458 1726 3564 capella
1756 3458 1891 3535 domus

394 3661 397 3668 ,
472 3581 622 3686 Templi
640 3583 686 3658 de
707 3584 882 3670 Belvaeo,
908 3613 976 3690 per
995 3584 1147 3664 fratrem
1168 3585 1376 3664 Robertum
1397 3586 1445 3661 de
1466 3585 1600 3663 Sancto
1621 3589 1727 3665 lusto
1747 3587 1892 3692 presbi-

375 3744 381 3751 ·
473 3729 614 3798 terum,
635 3713 828 3818 quondam
841 3733 1099 3820 preceptorem
1116 3715 1214 3791 dicte
1231 3715 1385 3806 domus,
1407 3741 1507 3790 anno
1521 3714 1587 3791 illo
1602 3744 1679 3820 quo
1694 3717 1773 3821 ipse
1787 3716 1893 3794 testis

473 3838 545 3918 luit
561 3860 749 3948 receptus,
771 3845 1007 3949 presentibus
1026 3844 1203 3921 fratribus
1219 3843 1380 3950 Rogerio
1396 3844 1590 3948 quondam
1607 3844 1655 3919 de
1671 3845 1890 3933 Marselhes,

473 3970 647 4078 Philippo
668 3972 716 4050 de
743 3974 975 4062 Lavercines,
999 3990 1094 4051 teste
1114 4001 1226 4079 supra
1247 3973 1373 4080 jurato
1400 3971 1571 4049 nondum
1599 3973 1823 4058 examinato,
1852 3974 1892 4049 in

476 4100 583 4202 cujus
601 4103 819 4208 recepcione
834 4103 891 4181 vel
906 4120 991 4210 post
1009 4101 1125 4181 nichil
1145 4102 1240 4180 vidit
1259 4129 1328 4178 nec
1351 4101 1455 4178 scivit
1474 4097 1555 4177 fieri
1576 4099 1768 4188 illicitum,
1790 4102 1894 4180 unde

476 4227 665 4304 nesciebat
678 4258 747 4307 nec
766 4233 956 4311 audiverat
971 4235 1046 4311 dici
1066 4234 1113 4310 de
1134 4233 1319 4311 contentis
1339 4231 1378 4307 in
1397 4231 1507 4307 dictis
1520 4229 1687 4306 articulis
1703 4230 1774 4306 nisi
1789 4231 1894 4335 quod

477 4356 657 4463 sequitur.
673 4360 774 4436 Dixit
794 4364 895 4439 enim
915 4390 953 4440 se
972 4363 1085 4442 luisse
1104 4381 1299 4471 receptum
1315 4391 1336 4438 a
1352 4361 1453 4439 dicto
1469 4359 1581 4437 fratre
1595 4359 1776 4446 boberto,
1799 4360 1893 4438 circa

477 4484 614 4562 festum
634 4489 733 4566 beati
755 4491 904 4567 Martini
925 4490 1098 4565 hiemalis
1117 4492 1288 4594 proximo
1309 4491 1529 4596 preteritum
1542 4487 1703 4589 'luerunt
1724 4516 1787 4566 v111
1807 4491 1893 4564 anni

480 4613 535 4687 vel
553 4616 664 4703 circa,
686 4619 725 4694 in
741 4617 882 4723 capella
898 4617 1032 4692 domus
1047 4617 1195 4722 Templi
1216 4619 1263 4695 de
1279 4620 1458 4696 Morlenis
1474 4618 1704 4696 Belvacensis
1719 4619 1892 4709 diocesis,

481 4741 717 4845 presentibus
736 4747 836 4822 dicto
856 4744 967 4821 fratre
986 4745 1176 4849 Philippo,
1199 4761 1237 4821 et
1249 4745 1426 4822 fratribus
1440 4748 1550 4823 Petro
1566 4747 1613 4823 de
1625 4749 1737 4854 Laye,
1754 4765 1791 4824 et
1806 4747 1894 4826 Cle·
