4230 5956
459 450 532 521 sce
843 425 1038 518 mouns
1063 444 1160 516 nns
1185 443 1481 517 TEMPLIERS.

457 589 580 664 dicere
598 585 805 672 veritatem,
828 601 864 661 et
888 585 1134 690 interrogatus
1150 583 1198 660 de
1214 600 1383 691 tempore
1405 603 1442 661 et
1458 583 1572 660 modo
1592 611 1658 661 sue
1681 585 1870 690 recepcio-

456 718 533 805 nis,
553 717 645 792 dixit
657 743 725 820 per
737 715 991 821 juramentum
1008 705 1117 790 suum
1134 715 1238 819 quod
1252 714 1322 791 suit
1338 732 1509 819 receptus
1521 713 1618 818 apud
1628 715 1868 820 Joigniacum,

457 875 524 951 per
547 844 695 921 fratrem
718 844 926 921 Jobannem
951 844 1148 921 Morellum
1170 844 1216 922 de
1238 845 1349 922 Belua
1369 862 1628 952 preceptorem
1644 845 1804 924 baillivie
1824 849 1870 923 de

457 975 655 1062 Coulours,
671 978 709 1050 in
725 975 819 1051 festo
834 973 932 1050 beati
947 973 1200 1072 Bartholomei
1215 975 1349 1053 ultimo
1364 975 1542 1080 preterito
1557 974 1629 1052 fuit
1642 1004 1775 1064 annus,
1788 1006 1872 1081 pre-

457 1123 560 1183 sente
580 1106 690 1181 fratre
709 1103 904 1201 Dominico
926 1121 1144 1209 preceptore
1169 1104 1218 1181 de
1236 1106 1443 1210 Joigniaco‚
1471 1122 1509 1181 et
1538 1103 1708 1209 pluribus
1727 1104 1807 1188 aliis
1826 1106 1872 1181 de

457 1263 617 1342 quorum
627 1233 921 1311 nominibusnon
931 1233 1751 1341 recolit.Dixiteciamperjurumentumsuum
1758 1235 1871 1339 quod,

458 1382 541 1469 post
555 1363 690 1440 multas
702 1361 965 1468 promissiones
980 1363 1026 1438 de
1041 1363 1186 1439 statutis
1200 1380 1239 1439 et
1250 1364 1400 1439 secretis
1415 1363 1503 1440 dicti
1519 1363 1662 1441 ordinis
1679 1364 1874 1442 observan-

458 1494 517 1570 dis
534 1493 639 1570 abeo
654 1491 783 1581 factas,
805 1492 927 1568 dictus
939 1492 1121 1595 recipiens
1135 1491 1239 1567 duxit
1251 1519 1341 1569 eum
1352 1509 1453 1571 retro
1468 1493 1596 1582 altare,
1619 1509 1656 1569 et
1669 1510 1874 1570 tuncoscu-

458 1621 554 1699 latus
567 1621 638 1698 suit
657 1622 779 1726 ipsum
800 1621 839 1695 in
852 1619 927 1695 fine
941 1619 1046 1723 spine
1063 1620 1180 1708 dorsi,
1199 1637 1237 1697 et
1255 1621 1499 1698 incontinenti
1514 1620 1647 1698 cecidit
1664 1648 1790 1713 coram
1808 1649 1870 1707 eo,

459 1768 496 1828 et
512 1750 585 1829 fuit
601 1767 768 1856 portatus
779 1748 909 1826 exinde
923 1748 1025 1855 quasi
1038 1749 1321 1839 semimortuum
1336 1738 1460 1826 tamen
1472 1766 1873 1856 antequamamovere-

457 1896 531 1971 tur,
547 1881 638 1958 dixit
652 1880 722 1958 sibi
735 1881 839 1986 quod
854 1897 941 1956 tuuc
960 1906 1037 1956 non
1058 1895 1202 1984 poterat
1221 1879 1322 1956 aliud
1341 1878 1464 1957 dicere
1484 1878 1531 1956 de
1546 1879 1693 1956 statutis
1713 1879 1870 1968 ordinis,

459 2012 505 2088 de
525 2011 683 2117 hiisque
699 2009 884 2089 debebant
897 2008 978 2085 [ieri
992 2009 1198 2087 secundum
1213 2026 1345 2086 statuta
1362 2008 1518 2097 ordinis,
1535 2009 1699 2115 predicta
1717 2007 1874 2085 infirmi-

459 2157 533 2218 tate
553 2157 737 2249 gravatus,
759 2156 797 2214 et
815 2139 921 2244 quod
941 2137 1029 2215 alias
1048 2156 1283 2244 recuperaret
1304 2137 1353 2214 ad
1376 2139 1449 2215 hoc
1472 2136 1699 2225 faciendum,
1721 2154 1760 2212 et
1782 2138 1875 2213 dixit

460 2270 576 2349 eciam
590 2297 657 2375 per
671 2269 920 2374 juramentum
942 2296 1052 2344 suum
1068 2267 1185 2373 quod,
1202 2268 1353 2373 quando
1369 2269 1469 2344 venit
1488 2268 1536 2344 ad
1552 2267 1773 2367 visitandum
1785 2295 1872 2343 eum

459 2400 499 2475 in
514 2398 611 2475 lecto
625 2425 692 2474 suo
701 2398 903 2503 jacentem,
926 2396 1066 2472 audivit
1085 2424 1173 2473 eum
1193 2396 1379 2490 dicentem
1399 2396 1481 2471 aliis
1500 2397 1605 2500 quod
1620 2424 1732 2473 unam
1750 2397 1797 2472 de
1810 2425 1873 2472 vo-

458 2526 662 2605 luntatibus
672 2527 749 2602 suis
765 2525 1023 2630 compleverat.
1040 2525 1253 2631 Requisitus
1268 2543 1395 2601 utrum
1409 2525 1455 2601 de
1470 2526 1872 2629 predicteosculacione

459 2657 594 2734 dixerit
611 2655 736 2745 sociis,
753 2655 845 2746 dixit
864 2655 970 2762 quod
987 2683 1080 2742 non,
1097 2655 1184 2759 quia
1197 2654 1324 2732 nullus
1338 2672 1419 2731 erat·
1433 2682 1543 2733 ausus
1556 2655 1720 2733 revelare
1735 2675 1875 2739 secreta

459 2815 525 2864 sue
544 2787 638 2864 aliis.
654 2788 903 2893 interrogatus
917 2802 1044 2861 utrum
1060 2784 1111 2875 vi,
1126 2785 1186 2861 vel
1204 2802 1310 2882 metu
1328 2784 1484 2861 carceris
1498 2812 1565 2861 seu
1583 2801 1872 2876 tormentorum,

459 2918 608 2995 aut-aliu
622 2918 669 2994 de
687 2944 812 3003 causa,
829 2916 989 3022 aliquam
1008 2914 1203 2992 salsitatem
1217 2914 1351 2991 dixerit
1369 2931 1434 2991 aut
1447 2914 1690 2993 immiscuerit
1705 2916 1744 2991 in
1760 2917 1875 3021 depo-

459 3049 600 3125 sicione
619 3076 701 3134 sua,
716 3064 778 3122 aut
795 3046 952 3122 tacuerit
967 3044 1175 3133 veritatem,
1197 3044 1289 3121 dixit
1301 3055 1369 3149 per
1378 3045 1633 3150 juramentum
1647 3072 1759 3121 suum
1771 3049 1874 3151 quod

460 3202 551 3262 non,
569 3204 639 3251 nec
651 3175 773 3279 aliqua
787 3173 964 3251 violencia
983 3174 1053 3250 sibi
1068 3173 1139 3251 fuit
1151 3174 1261 3263 sacta,
1282 3174 1349 3250 scd
1363 3203 1495 3279 puram
1514 3175 1705 3251 veritatem
1718 3175 1871 3252 dixerat.

516 3438 609 3513 Item
626 3437 738 3512 frater
754 3434 973 3513 Dominicus
988 3435 1035 3511 de
1050 3435 1206 3512 Divione
1228 3453 1352 3514 custos
1369 3437 1502 3513 domus
1518 3438 1565 3514 de
1579 3439 1786 3547 loigniaco,
1804 3457 1874 3515 eta-

459 3566 507 3643 tis
523 3567 764 3672 quadraginta
783 3593 982 3653 annorum,
994 3566 1139 3672 juratus
1155 3565 1289 3642 eodem
1306 3567 1420 3643 niodo
1440 3567 1488 3642 de
1506 3596 1545 3643 se
1567 3585 1604 3643 ct
1617 3568 1698 3643 aliis
1713 3570 1749 3644 in
1767 3597 1872 3644 causa

460 3694 550 3771 fidei
572 3695 695 3772 dicere
716 3695 924 3784 veritatem,
947 3712 984 3770 et
1004 3695 1247 3802 interrogatus
1267 3697 1314 3771 de
1335 3713 1504 3801 tempore
1526 3715 1562 3772 et
1581 3697 1694 3773 modo
1719 3725 1784 3772 sue
1812 3728 1873 3772 re-

461 3825 661 3930 cepcionis‚
685 3824 775 3901 dixit
794 3853 861 3929 per
873 3826 1129 3932 juramentum
1149 3853 1259 3902 suurn
1284 3827 1388 3932 quod
1411 3845 1581 3932 receptus
1605 3826 1675 3902 suit
1696 3827 1794 3930 apud
1808 3828 1873 3903 Di-

461 3954 624 4042 vionem,
652 3982 720 4059 per
739 3952 889 4031 fratrem
910 3955 1111 4030 Henricum
1140 3955 1187 4031 de
1214 3955 1327 4044 Dola,
1347 3956 1767 4062 quadragintaquinque
1789 3958 1871 4031 anni

459 4101 546 4160 sunt
565 4083 679 4189 elapsi
699 4083 756 4159 vel
776 4084 885 4172 circa,
908 4085 1141 4191 presentibus
1160 4083 1333 4162 fratribus
1352 4084 1553 4163 Guillelmo
1573 4088 1792 4190 Rougepere
1812 4115 1873 4191 pa-

459 4231 515 4293 tre
534 4242 602 4292 suo
616 4215 792 4303 naturali,
816 4232 853 4290 et
872 4215 970 4291 dicto
985 4216 1094 4294 Wale
1118 4213 1229 4292 fratre
1246 4245 1314 4293 suo
1332 4216 1502 4303 naturali,
1526 4216 1700 4293 iratribus
1715 4216 1804 4292 dicti
1816 4245 1873 4293 or-

461 4344 569 4423 dinis.
592 4343 693 4421 Dixit
713 4345 828 4420 eciam
847 4374 915 4450 per
928 4346 1184 4450 juramentum
1205 4374 1316 4422 suum
1334 4347 1452 4452 quod,
1467 4364 1551 4450 post
1564 4345 1697 4421 multas
1718 4347 1874 4450 promis-

459 4501 583 4551 siones
602 4474 649 4550 de
670 4474 814 4550 statutis
839 4490 877 4549 et
903 4475 1052 4550 secretis
1082 4475 1170 4551 dicti
1194 4475 1335 4553 ordinis
1358 4476 1595 4552 observandis
1611 4476 1657 4552 ab
1677 4504 1722 4551 eo
1745 4474 1870 4561 factas,

462 4603 581 4680 dictus
598 4604 780 4708 recipiens
800 4603 984 4680 osculatus
999 4603 1070 4680 fuit
1090 4605 1213 4709 ipsum
1231 4605 1271 4681 in
1285 4604 1361 4682 [ine
1377 4607 1480 4710 spine
1502 4606 1619 4692 dorsi,
1641 4606 1680 4683 in
1695 4604 1871 4682 umbilico

462 4731 551 4806 etin
572 4759 652 4819 ore,
674 4743 711 4808 et
727 4750 854 4836 postea
875 4732 1040 4836 precepit
1054 4733 1124 4810 sibi
1145 4735 1249 4839 quod
1263 4754 1413 4839 spueret
1428 4764 1539 4840 supra
1553 4763 1717 4825 crucem,
1741 4736 1870 4838 etipse
