4230 5956
660 458 858 551 roccus
883 477 980 550 uns
1008 474 1309 547 rennuens.
1623 475 1693 548 roi

329 619 387 697 Ad
401 619 514 697 lxxun
535 618 731 696 articulum
748 618 944 726 diligenter
965 618 1227 725 interrogatus,
1248 614 1475 722 respondens
1495 615 1586 692 dixit
1605 617 1699 695 sicut

274 753 310 826 in
332 777 430 827 xxun
450 748 604 826 articulo
624 778 734 855 supra
754 748 862 838 dixit,
884 748 1049 856 adiciens
1068 748 1172 856 quod
1191 746 1357 854 quandiu
1376 747 1504 824 fratres
1526 747 1615 825 dicti
1639 777 1700 827 or-

272 881 368 957 dinis
388 880 526 957 habere
546 898 700 986 possunt
718 879 929 958 facultatem
945 880 1105 957 adeundi
1127 879 1277 957 fratrem
1293 877 1521 985 capellanum
1533 879 1699 987 ejusdem

273 1012 414 1089 ordinis
431 1012 577 1119 sibique
599 1011 800 1090 confitendi
828 1041 893 1090 sua
913 1031 1077 1120 peccata,
1098 1012 1201 1120 juxta
1222 1030 1354 1089 statuta
1380 1010 1468 1088 dicti
1493 1011 1634 1089 ordinis
1653 1013 1701 1090 ad

272 1145 459 1221 neminem
475 1143 589 1220 alium
606 1163 704 1221 extra
720 1144 861 1220 dictum
878 1143 1049 1222 ordinem
1065 1146 1119 1220 ire
1131 1143 1285 1233 debent,
1301 1143 1370 1220 nisi
1385 1143 1422 1218 in
1438 1142 1599 1221 deffectu
1612 1143 1700 1222 dicti

273 1274 392 1353 lintris
413 1274 590 1381 capellani
617 1275 784 1354 confiteri
810 1276 923 1353 velint
945 1277 1160 1355 auctoritate
1187 1275 1337 1383 propria
1365 1274 1540 1381 religioso
1564 1276 1702 1381 presbi-

272 1427 352 1483 tero
375 1424 438 1484 aut
456 1407 518 1483 alii
538 1407 745 1512 presbitero
764 1408 931 1486 seculari.

330 1537 387 1615 Ad
406 1538 505 1625 lxxv,
527 1536 622 1615 lxxvi
638 1554 674 1614 et
693 1538 802 1617 lxxvu
827 1536 999 1616 articxdos
1024 1537 1216 1627 inclusive,
1239 1536 1435 1644 diligenter
1455 1555 1492 1614 et
1516 1537 1702 1645 sigillatim

273 1670 532 1774 interrogatus,
553 1670 782 1775 respondens
806 1669 952 1776 negavit
976 1669 1076 1775 ipsos
1095 1667 1268 1746 articxdos
1292 1686 1328 1745 et
1353 1669 1477 1746 omnia
1503 1685 1540 1744 et
1561 1669 1702 1776 singula

272 1818 440 1876 contenta
459 1800 586 1890 ineis,
613 1800 775 1877 adiciens
795 1801 898 1908 quod
924 1800 1013 1878 dicti
1036 1828 1179 1877 errores
1202 1799 1402 1906 dequibus
1426 1801 1465 1875 in
1485 1799 1593 1876 dictis
1617 1801 1702 1877 arti-

273 1932 364 2009 culis
382 1931 424 2007 fit
443 1932 582 2007 mentio
601 1959 677 2007 non
691 1930 841 2009 suerunt
855 1934 893 2009 in
913 1933 994 2037 ipso
1015 1932 1078 2038 qui
1095 1930 1263 2037 loquitur
1273 1960 1343 2007 nec
1355 1932 1392 2007 in
1408 1930 1533 2037 aliquo
1548 1930 1701 2023 fratraun
1721 1957 1728 1964 ·’

273 2062 413 2139 ordinis
433 2061 633 2168 supradicti
649 2090 763 2167 quem
778 2063 856 2170 ipse
871 2078 1002 2140 notum
1015 2061 1207 2153 habuerim
1229 2079 1267 2138 et
1280 2061 1381 2138 idern
1397 2061 1516 2139 credit
1527 2062 1632 2168 quod
1654 2062 1701 2139 de

273 2223 311 2269 se
332 2194 413 2300 ipso
438 2191 530 2268 dixit
559 2191 606 2269 de
635 2192 789 2300 singulis
818 2192 992 2271 fratribus
1021 2192 1163 2270 ordinis
1188 2191 1403 2298 supradicti,
1427 2210 1581 2299 propter
1599 2194 1702 2300 quod

273 2353 347 2401 non
362 2322 433 2400 suit
446 2322 669 2430 negligentia
683 2353 752 2401 nec
769 2323 841 2403 fuit
858 2353 1008 2402 necesse
1025 2325 1125 2431 ipsos
1140 2351 1284 2402 errores
1300 2325 1432 2430 corrigi
1452 2353 1520 2400 nec
1535 2325 1700 2401 nunciari

273 2457 451 2545 Ecclesie,
470 2485 554 2532 curn
570 2485 644 2534 non
660 2476 792 2534 essent.

329 2588 386 2664 Ad
398 2588 519 2666 lxxvru
531 2605 568 2664 et
582 2587 679 2666 lxxxx
692 2588 865 2667 articulos
881 2588 1068 2680 inclusive,
1086 2588 1283 2696 diligenter
1293 2607 1330 2665 et
1344 2588 1530 2696 sigillatim
1547 2589 1702 2665 interro-

272 2738 391 2826 gatus,
413 2719 642 2826 respondens
661 2722 806 2828 negavit
820 2722 919 2827 ipsos
939 2719 1113 2799 articxdos
1128 2740 1165 2797 et
1179 2721 1303 2798 omnia
1319 2738 1356 2797 et
1375 2719 1516 2826 singula
1532 2737 1702 2796 contenta

274 2853 310 2927 in
332 2853 401 2940 eis,
422 2852 563 2929 addens
583 2851 687 2959 quod
702 2853 799 2930 inter
813 2851 883 2929 alia
903 2868 1035 2929 statuta
1051 2852 1107 2927 sui
1119 2851 1262 2929 ordinis
1271 2881 1344 2958 que
1349 2851 1475 2958 jurant
1489 2851 1559 2958 ipsi
1573 2850 1702 2927 iratres
1814 2890 1817 2895 ·

274 3012 415 3059 servare
436 3001 473 3059 et
488 3001 633 3073 tenere,
657 3002 711 3060 est
728 2983 832 3091 quod
846 3011 921 3061 non
942 2982 1102 3060 debeant
1122 2982 1263 3089 aliquid
1281 2982 1415 3089 injuste
1434 2982 1633 3089 adquirere
1643 2982 1702 3058 vel

274 3116 334 3193 alii
351 3116 567 3193 subtrahere
588 3144 740 3223 quoquo
757 3117 892 3208 modo;
915 3133 951 3193 et
970 3117 1033 3222 qui
1050 3133 1176 3193 contra
1191 3115 1328 3193 faceret
1339 3117 1535 3223 quisquam
1551 3115 1598 3192 de
1614 3116 1702 3221 ipsis

273 3247 463 3336 fratribus,
482 3250 585 3355 juxta
600 3249 723 3326 statuti
739 3248 897 3355 predicti
914 3247 1049 3325 seriem
1064 3249 1222 3355 graviter
1240 3250 1445 3355 puniretur.

330 3379 387 3455 Ad
407 3379 487 3458 lxxx
505 3397 542 3457 et
560 3380 656 3458 lxxxx
675 3380 849 3459 articulos
863 3379 1051 3470 inclusive,
1070 3379 1266 3487 diligenter
1286 3397 1324 3456 et
1342 3379 1527 3487 sigillatim
1547 3381 1704 3456 interro-

136 3506 140 3513 ’
272 3529 392 3618 gatus,
412 3511 642 3618 respondens
661 3513 805 3618 negavit
824 3512 925 3618 ipsos
939 3511 1113 3588 articulos
1129 3530 1166 3587 ct
1180 3511 1304 3587 omnia
1320 3528 1357 3585 et
1371 3509 1512 3614 singula
1533 3527 1703 3585 contenta

275 3645 310 3719 in
328 3645 381 3721 eis
396 3671 475 3720 esse
496 3672 590 3719 vera.

329 3774 387 3851 Ad
408 3773 517 3851 lxxxn
538 3771 732 3850 articxdum
754 3773 950 3879 diligenter
968 3773 1228 3878 interrogatus,
1247 3772 1477 3879 respondens
1494 3771 1586 3847 dixit
1599 3772 1702 3877 quod
1825 3878 1829 3885 Ι

275 3905 304 3979 si
321 3902 435 4008 aliqui
456 3902 585 3980 fratres
607 3901 696 3980 dicti
717 3903 859 3981 ordinis
881 3903 924 3979 in
948 3930 1080 4013 magna
1103 3901 1340 3980 multitudine
1360 3901 1417 3979 vel
1437 3902 1475 3977 in
1494 3929 1603 4008 parva
1621 3930 1704 3977 con·

275 4036 359 4111 sessi
380 4051 473 4141 sunt
490 4063 634 4112 errores
658 4035 706 4113 de
733 4035 869 4143 quibus
895 4035 932 4111 in
956 4033 1121 4112 articulis
1140 4035 1275 4141 agitur,
1294 4033 1448 4111 confessi
1468 4050 1570 4122 sunt,
1592 4051 1703 4138 prout

275 4165 410 4255 credit,
432 4183 558 4243 contra
572 4195 704 4274 puram
720 4168 927 4255 veritatem,
947 4183 983 4243 et
1004 4165 1147 4242 mentiti
1165 4183 1250 4243 sunt
1268 4166 1305 4241 in
1326 4184 1434 4272 caput
1458 4194 1566 4243 suum
1585 4183 1622 4241 et
1636 4194 1703 4271 per

274 4297 377 4402 gulas
397 4326 527 4374 eorum
543 4297 660 4376 salsas.

280 4477 283 4481 -
331 4429 390 4505 Ad
400 4429 541 4517 lxxxiii,
556 4428 692 4506 lxxxun
708 4447 745 4505 et
758 4429 864 4508 lxxxv
876 4428 1050 4506 articulos
1058 4427 1247 4518 inclusive,
1262 4428 1458 4535 diligenter
1466 4446 1503 4505 et
1515 4426 1702 4534 sigillatim

276 4561 534 4668 interrogatus,
563 4561 791 4667 respondens
809 4560 901 4637 dixit
918 4561 1023 4666 quod
1041 4559 1175 4638 fratres
1194 4560 1259 4666 qui
1280 4558 1436 4636 confessi
1457 4578 1542 4637 sunt
1560 4586 1703 4637 errores

276 4718 398 4767 coram
419 4689 572 4768 domino
587 4707 713 4767 nostro
728 4717 822 4796 papa
837 4707 874 4767 et
888 4688 1050 4768 dominis
1067 4688 1313 4768 cardinalibus
1335 4689 1374 4765 in
1394 4689 1611 4767 consistorio
1631 4716 1702 4796 pu-

274 4821 372 4909 blico
384 4823 515 4930 jurati,
536 4823 583 4900 de
605 4822 741 4928 quibus
760 4822 914 4930 quidem
936 4822 1124 4901 erroribus
1139 4822 1177 4900 in
1195 4821 1358 4901 artictdis
1371 4822 1512 4899 mentio
1527 4820 1700 4910 habetur,
