4230 5956
447 452 520 527 ars
833 429 1029 522 rxocns
1054 446 1150 519 nus
1175 444 1476 517 rnurmuns.

444 594 492 671 Et
505 594 586 701 ipse
606 592 698 669 dixit
709 596 744 667 x«
759 590 918 696 Oportet
931 589 1036 695 quod
1053 606 1095 665 tu
1113 614 1224 693 spuas
1237 605 1275 663 et
1293 587 1456 691 abneges
1473 614 1579 674 eum,
1598 588 1687 693 quin
1702 587 1787 664 talis
1812 609 1867 665 est

443 722 580 803 modus
594 720 739 801 ordinis
754 720 887 807 nostri,
904 737 941 795 et
956 718 1006 794 ita
1021 717 1253 823 recipiuntur
1267 717 1341 794 alii.
1358 718 1489 795 »Tunc
1503 717 1619 794 dixit:
1633 720 1868 811 «Quomodo

443 854 603 931 lacerem
624 852 697 929 hoc
718 850 901 958 egolveni
922 850 997 926 huc
1015 865 1058 925 ut
1077 847 1254 926 salvarem
1275 848 1437 925 animam
1457 876 1599 937 meam,
1621 864 1659 924 et
1676 876 1740 926 vos
1754 849 1866 925 vultis

443 986 545 1094 quod
559 984 743 1090 abnegem
756 1010 844 1059 eum
860 981 926 1087 qui
941 1006 1003 1057 me
1016 981 1161 1058 creavit.
1176 979 1383 1058 Detismihi
1399 977 1733 1065 deliberacionem,
1745 999 1783 1056 et
1795 1010 1866 1088 ego

444 1113 615 1221 cogitabo
628 1111 722 1218 quid
736 1111 880 1189 luciam.
897 1112 1064 1188 nEttunc
1079 1111 1253 1187 dixerxmt
1263 1136 1396 1187 omnes
1410 1126 1570 1186 astantes
1584 1108 1636 1186 ibi
1648 1110 1752 1214 quod
1761 1137 1868 1215 opor·

445 1242 544 1321 tabat
562 1243 666 1350 quod
683 1241 836 1334 laceret,
857 1243 944 1348 quia
965 1268 1096 1318 omnes
1115 1240 1177 1316 alii
1197 1241 1247 1317 ita
1265 1241 1506 1347 recipiuntur,
1530 1256 1569 1315 ct
1586 1239 1692 1346 quod
1709 1240 1793 1316 talis
1814 1259 1869 1315 est

444 1373 557 1459 ordo;
584 1390 631 1485 et·
645 1389 733 1449 tunc
761 1375 839 1478 ipse
868 1372 1006 1450 invitus
1027 1372 1129 1477 spuit
1151 1400 1263 1478 supra
1290 1399 1438 1447 crucem
1463 1369 1631 1447 mantelli
1652 1370 1740 1447 dicti
1765 1396 1869 1448 rece-

444 1505 577 1609 ptoria,
596 1521 634 1580 et
657 1503 852 1613 abnegavit
877 1521 1001 1580 creet
1026 1531 1103 1580 non
1123 1504 1248 1580 corde.
1274 1503 1375 1581 Dixit
1398 1503 1514 1578 eciam
1533 1529 1601 1607 per
1613 1503 1867 1610 juramentum

443 1636 545 1741 quod
570 1634 617 1711 de
638 1634 710 1711 hoc
731 1633 803 1710 luit
822 1632 1013 1711 confessus
1031 1633 1180 1710 cuidam
1198 1632 1469 1738 penitenciario
1489 1632 1651 1738 episcopi
1669 1634 1868 1709 Trecensis

444 1766 508 1871 qui
528 1784 619 1842 tunc
639 1781 729 1842 erat.
755 1765 856 1841 Dixit
877 1765 992 1841 eciam
1013 1790 1081 1868 per
1101 1764 1358 1870 juramentum
1381 1790 1490 1839 suum
1509 1762 1613 1868 qnod
1632 1762 1752 1840 dictus
1771 1765 1867 1839 reci-

445 1896 549 2001 piens
575 1896 741 2001 precepit
762 1893 831 1971 sibi
853 1894 957 1999 quod
982 1891 1215 1970 oscularetur
1234 1919 1320 1968 eum
1344 1891 1382 1966 in
1404 1892 1603 1997 posteriori
1623 1909 1725 1997 purte
1746 1893 1865 1975 dorsi,

444 2028 481 2103 iu
501 2025 680 2103 umbilico
702 2042 738 2101 et
760 2026 797 2101 in
819 2053 900 2112 ore,
918 2024 986 2100 sed
1007 2023 1053 2100 ad
1070 2048 1200 2129 preces
1217 2021 1410 2128 cujusdam
1424 2021 1604 2127 capellani
1621 2020 1709 2099 dicti
1726 2024 1869 2099 ordinis

443 2157 608 2264 pepercit
633 2154 704 2232 sibi
723 2172 904 2261 quantum
926 2154 973 2229 ad
1001 2152 1217 2229 inferiorem
1243 2151 1382 2241 locum,
1405 2152 1474 2229 sed
1490 2152 1675 2229 osculatus
1691 2153 1764 2230 luit
1781 2181 1868 2230 eum

442 2288 481 2360 in
503 2284 683 2362 umbilico
704 2299 741 2359 et
762 2285 800 2358 in
821 2310 898 2360 ore.

370 2478 373 2485 .
503 2418 591 2490 ltem
611 2412 702 2489 dixit
721 2440 788 2518 per
803 2414 1058 2519 juramentum
1086 2438 1195 2488 suum
1220 2412 1323 2517 quod
1353 2413 1475 2489 dictus
1502 2413 1689 2520 recipiens
1715 2414 1805 2490 dixit
1829 2433 1870 2491 et

443 2544 610 2651 precepit
628 2542 698 2621 sibi
717 2543 821 2649 quod
841 2542 871 2620 si
891 2569 967 2619 non
995 2558 1120 2648 posset
1141 2541 1333 2619 continere
1350 2572 1371 2619 a
1388 2542 1563 2633 libidine,
1586 2545 1691 2651 qnod
1710 2546 1868 2621 commi-

443 2690 563 2751 sceret
583 2702 623 2751 se
637 2672 910 2751 cumfratribus
926 2672 1014 2751 dicti
1036 2673 1195 2761 ordinis,
1211 2689 1249 2750 ct
1266 2673 1358 2751 alios
1373 2672 1502 2752 fratres
1515 2675 1562 2751 ad
1577 2676 1650 2752 hoc
1664 2677 1866 2782 reciperet,

443 2806 471 2881 si
494 2832 580 2882 eum
607 2804 852 2911 requirerent.
875 2803 976 2882 Dixit
994 2821 1117 2881 tamen
1135 2832 1203 2910 per
1223 2804 1479 2911 juramentum
1498 2834 1608 2882 suum
1633 2806 1737 2912 quod
1757 2834 1869 2883 num-

443 2964 554 3041 quam
569 2934 675 3023 lecit,
692 2963 762 3011 nec
779 2933 850 3011 luit
867 2935 1078 3041 requisitus.
1093 2935 1227 3013 Omnia
1247 2937 1314 3011 ista
1331 2934 1522 3012 confessus
1538 2933 1610 3013 fuit
1625 2964 1710 3013 cum
1723 2938 1869 3044 magnis

444 3065 612 3171 suspiriis
633 3082 672 3142 ct
690 3065 860 3142 lacrimis.

501 3196 749 3301 lntexrogatus
763 3212 890 3272 utrum
905 3197 956 3282 vi,
969 3197 1026 3273 vel
1040 3213 1142 3273 metu
1157 3197 1314 3273 carceris
1332 3226 1399 3273 seu
1416 3214 1708 3287 tormentorum,
1721 3215 1784 3275 aut
1795 3200 1869 3277 alia

445 3324 491 3401 de
517 3354 641 3416 causa,
666 3325 829 3431 aliquam
851 3325 984 3401 dixerit
1008 3324 1203 3403 salsitatem
1228 3327 1284 3404 vel
1306 3327 1548 3404 immiscuerit
1567 3330 1606 3404 in
1627 3329 1869 3434 deposicione

444 3486 528 3550 sua,
551 3458 642 3534 dixit
661 3486 728 3562 per
737 3457 991 3562 jurameutum
1016 3486 1123 3535 suum
1143 3458 1246 3565 quod
1266 3487 1358 3547 non3
1381 3461 1497 3536 immo
1516 3490 1649 3565 puram
1670 3477 1705 3537 et
1726 3491 1869 3538 meram

445 3588 585 3665 dixerat
605 3588 809 3665 veritatem.

502 3850 593 3924 ltem
603 3850 751 3925 fraterl.
766 3850 1016 3927 deDomoDei
1026 3814 1306 3938 monachorum,
1322 3853 1480 3928 diocesis
1492 3852 1705 3943 Meldensis‚
1719 3853 1872 3957 dispen-

446 3994 543 4054 sator
554 3978 688 4056 domus
707 3981 752 4056 de
766 3980 1000 4058 Sablonieres
1012 3982 1116 4087 juxta
1128 3981 1300 4059 Castrum
1313 3982 1557 4071 Theodorici,
1576 3985 1680 4060 etatis
1698 4011 1790 4059 xxxv
1804 4014 1870 4060 an-

446 4135 580 4183 norum
604 4110 661 4184 vel
686 4112 796 4200 circa,
818 4128 860 4187 ut
889 4112 1092 4200 dicebatur,
1117 4114 1263 4218 juratus
1289 4113 1557 4189 eodemmodo
1585 4114 1633 4190 de
1657 4142 1695 4190 se
1722 4133 1757 4189 ct
1787 4116 1870 4191 aliis

447 4238 485 4313 in
505 4265 612 4315 causa
633 4239 721 4316 lidei
741 4241 865 4319 dicere
886 4242 1093 4331 veritatem,
1114 4260 1151 4318 ct
1168 4248 1416 4349 interrogatus
1436 4244 1483 4320 de
1504 4261 1671 4349 tempore
1695 4262 1731 4319 et
1752 4244 1869 4321 modo

447 4398 512 4446 sue
540 4372 785 4475 recepcionis,
813 4374 905 4449 dixit
924 4402 992 4478 per
1005 4376 1260 4481 juramentum
1284 4402 1393 4451 suum
1413 4375 1518 4482 quod
1537 4374 1608 4451 fuit
1632 4392 1802 4480 receptus
1831 4377 1870 4450 iu

448 4501 562 4578 domo
592 4502 638 4578 dc
673 4503 927 4592 Hubercourt,
960 4504 998 4578 in
1032 4505 1180 4581 instanti
1211 4503 1305 4583 festo
1335 4507 1538 4583 Nativitatis
1569 4507 1719 4583 Domini
1758 4526 1869 4582 erunt

447 4658 481 4707 vr
502 4633 585 4707 anni
609 4633 665 4709 vel
688 4653 830 4740 septem
850 4637 953 4721 anni,
979 4664 1047 4740 per
1064 4636 1214 4712 fratrem
1231 4638 1272 4713 R.
1296 4636 1344 4713 de
1364 4638 1441 4715 Gisi
1465 4655 1694 4743 receptorem
1710 4636 1871 4741 Campa—

449 4761 533 4851 nie,
559 4764 795 4869 presentibus
824 4765 997 4842 fratribus
1020 4768 1131 4842 Petro
1157 4784 1372 4873 preceptore
1398 4767 1497 4844 dicte
1523 4768 1673 4857 domus,
1697 4786 1734 4844 et
1755 4767 1869 4844 Petro
