4230 5956
421 443 495 519 ass
809 424 1008 517 esoces
1034 442 1129 515 nns
1155 443 1454 519 rnnrtlsns.

421 612 506 683 cum
528 582 755 663 bominibus.
781 581 880 660 Dixit
899 600 1023 661 tamen
1046 611 1114 690 per
1135 584 1391 691 juramentum
1409 584 1514 693 quod
1532 613 1722 692 nunquam
1743 587 1841 665 fecit.

476 718 725 820 Interrogatus
741 713 772 789 si
788 740 920 791 omnes
939 714 1000 791 alii
1022 715 1254 823 recipiuntur
1268 745 1337 822 per
1350 717 1465 795 istum
1477 716 1650 806 modum,
1672 716 1764 793 dixit
1776 744 1844 824 per

417 846 679 952 juramentum¹
691 871 801 920 suum
823 844 927 950 quod
946 846 1082 938 nescit,
1101 847 1188 952 quia
1204 876 1395 954 nunquam
1409 847 1503 925 vidit
1521 847 1687 953 aliquem
1706 847 1840 953 recipi;

419 992 545 1051 tamen
565 973 683 1050 credit
702 976 806 1081 quod
817 976 870 1052 sic
888 976 1121 1082 recipiuntur
1139 975 1215 1055 alii.
1228 978 1442 1084 Requisitus
1463 977 1510 1055 de
1526 977 1696 1083 predicto
1711 977 1841 1082 capite,

421 1105 513 1182 dixit
530 1133 599 1211 per
611 1107 866 1213 juramentum
882 1134 993 1182 suum
1011 1106 1114 1213 quod
1135 1134 1330 1215 nunquam
1349 1107 1442 1185 vidit
1461 1106 1570 1184 illud.

475 1237 726 1344 Interrogatus
743 1266 812 1342 per
825 1238 1080 1344 juramentum
1100 1265 1210 1314 suum
1229 1255 1357 1316 utrum
1373 1240 1424 1327 vi,
1447 1237 1504 1314 vel
1518 1255 1622 1315 metu
1642 1254 1846 1315 tormento-

419 1350 522 1455 rum,
542 1365 600 1442 vel
616 1368 760 1453 timore¹
772 1366 926 1474 alicujus
945 1394 1057 1473 pene,
1077 1396 1143 1444 seu
1163 1368 1287 1475 aliqua
1307 1396 1544 1476 quacumque
1565 1368 1613 1446 de
1633 1396 1757 1455 eausa,
1780 1367 1847 1443 ali-

421 1526 534 1605 quam
543 1496 735 1576 falsitatem
749 1496 912 1585 dixisset,
930 1497 989 1574 vel
1002 1498 1193 1575 veritatem
1207 1499 1396 1588 tacuisset,
1409 1499 1502 1575 dixit
1514 1527 1582 1605 per
1587 1499 1844 1605 juramentum

422 1657 533 1705 suum
554 1629 658 1735 quod
676 1656 768 1716 non,
790 1629 907 1705 immo
919 1655 1042 1705 veram
1062 1645 1099 1704 et
1117 1656 1257 1706 meram
1277 1630 1468 1706 veritatem
1489 1629 1595 1716 dixit,
1617 1645 1769 1734 propter
1788 1656 1844 1704 sa-

423 1759 538 1834 lutem
561 1759 682 1834 anime
702 1786 779 1834 sue.

479 2023 574 2097 ltem
594 2047 708 2109 anno,
730 2019 935 2108 indicione,
956 2047 1101 2109 mense,
1124 2019 1184 2096 die
1200 2081 1209 2107 ,
1228 2019 1448 2126 pontificatu
1468 2037 1505 2097 et
1530 2048 1626 2098 anno
1650 2020 1844 2125 predictis,

425 2151 463 2226 in
482 2148 580 2227 dicta
594 2150 843 2256 inquisitoris,
864 2167 1034 2227 nostrum
1054 2151 1284 2228 notariorum
1300 2169 1338 2227 et
1356 2148 1673 2257 infrascriptorum
1693 2150 1847 2227 testium

423 2280 612 2385 presencia
644 2279 890 2384 personaliter
917 2280 1141 2357 constitutus
1167 2278 1279 2357 irater
1306 2279 1550 2358 Theobaldus
1580 2280 1627 2355 de
1651 2278 1848 2356 Bafemont

424 2407 661 2485 Carnntensis
676 2409 853 2497 diocesis,
875 2409 987 2485 frater
1003 2409 1093 2488 dicti
1113 2409 1271 2499 ordinis,
1295 2428 1332 2487 et
1351 2409 1586 2515 dispensator
1602 2409 1698 2487 dicte
1713 2411 1847 2487 domus

424 2537 570 2645 Templi
583 2539 758 2628 Parisius,
782 2539 888 2616 etatis
900 2539 1050 2646 triginta
1070 2567 1253 2618 annorum
1269 2539 1328 2617 vel
1346 2540 1458 2633 circa,
1477 2559 1521 2619 ut
1535 2540 1698 2633 dicebat,
1714 2540 1847 2618 eodem

424 2669 541 2748 modo
556 2670 703 2778 juratus
722 2670 770 2746 de
790 2699 829 2746 se
850 2687 889 2747 et
907 2669 990 2747 eliis
1008 2670 1048 2748 in
1066 2699 1175 2748 causa
1191 2668 1281 2748 fidei
1305 2671 1430 2747 dicere
1449 2671 1658 2762 veritatem,
1679 2688 1716 2748 et
1735 2671 1849 2747 inter-

425 2819 575 2909 rogatus
594 2801 642 2878 de
660 2817 829 2908 tempore
850 2818 888 2878 et
905 2799 1020 2879 modo
1043 2827 1108 2879 sue
1132 2801 1377 2908 recepcionis‚
1401 2801 1493 2879 dixit
1511 2829 1578 2908 per
1592 2804 1848 2910 juramentum

427 2959 538 3009 suum
552 2931 656 3037 quod
670 2949 810 3036 septem
830 2932 915 3008 anni
936 2949 1025 3010 sunt
1043 2931 1159 3040 elapsi
1176 2931 1235 3009 vel
1255 2932 1351 3009 circa
1365 2932 1469 3038 quod
1487 2931 1565 3037 ipse
1586 2928 1659 3007 fuit
1677 2948 1850 3034 receptus

427 3061 466 3136 in
485 3059 599 3136 domo
620 3060 667 3136 de
688 3060 789 3137 Malo
809 3065 970 3168 Repastu
984 3063 1089 3169 juxta
1102 3064 1258 3168 Trapas,
1274 3091 1342 3167 per
1360 3060 1511 3138 fratrem
1531 3059 1744 3139 Gnidonem
1770 3088 1850 3163 pre-

427 3207 614 3295 ceptorem
639 3190 895 3278 Camotensis,
920 3192 1155 3299 presentibus
1174 3192 1337 3298 quodem
1357 3191 1466 3269 fratre
1494 3191 1660 3268 nacionis
1679 3188 1849 3266 Picardo-

427 3347 530 3404 rum,
553 3335 680 3395 vocato
705 3321 814 3396 Petro
838 3320 1010 3408 Picardo,
1036 3321 1232 3426 clavigeris
1258 3320 1355 3397 dicte
1385 3323 1534 3406 domus,
1562 3338 1599 3396 et
1624 3318 1848 3424 quibusdam

428 3448 508 3525 aliis
527 3447 575 3524 de
593 3476 754 3554 quorum
773 3450 989 3529 nominibus
1008 3478 1084 3527 non
1104 3449 1245 3528 recolit.
1262 3450 1363 3527 Dixit
1378 3451 1493 3525 eciam
1512 3477 1582 3553 per
1590 3450 1848 3556 juramentum

429 3607 539 3656 suum
555 3581 675 3684 quod,
692 3599 774 3687 post
790 3580 921 3658 multas
940 3581 1205 3688 promissiones
1223 3609 1290 3688 per
1311 3609 1397 3657 eum
1418 3580 1529 3656 factas
1549 3579 1596 3656 de
1619 3578 1849 3656 observando

430 3727 562 3788 statuta
584 3728 620 3786 et
639 3727 778 3787 secreta
797 3711 957 3801 ordinis,
978 3712 1051 3790 suit
1074 3729 1260 3819 receptus,
1289 3728 1326 3788 et
1351 3711 1514 3816 positum
1540 3708 1613 3786 luit
1639 3709 1685 3784 ad
1712 3708 1849 3784 collum

430 3871 540 3921 suurn
560 3842 777 3919 mantellum
798 3843 957 3933 ordinis,
980 3860 1017 3920 et
1035 3871 1103 3949 per
1123 3842 1232 3918 illum
1253 3842 1320 3948 qui
1343 3841 1484 3948 recepit
1507 3868 1593 3916 eum
1618 3839 1689 3915 luit
1718 3839 1850 3915 ductus

431 3974 480 4051 ad
497 3993 656 4080 partem,
685 3991 722 4049 et
747 3971 817 4051 luit
842 3973 966 4050 eidem
992 3972 1154 4049 exhibita
1178 3972 1348 4079 quedem-
1367 4000 1456 4048 crux
1480 3999 1564 4047 cum
1591 3968 1712 4077 effigie
1737 3968 1852 4045 lhesu

430 4101 580 4179 Christi.
605 4106 710 4181 Tunc
735 4104 834 4181 idem
859 4104 1040 4211 recipiens
1063 4103 1230 4209 precepit
1257 4102 1290 4178 ei
1315 4101 1419 4208 quod
1443 4100 1642 4206 abnegaret
1660 4099 1768 4175 illum
1788 4100 1851 4205 qui

430 4259 558 4337 passus
585 4232 655 4309 fuit
684 4235 811 4311 inilla
837 4263 961 4325 cruce3
985 4252 1077 4312 tunc
1097 4234 1153 4312 de
1180 4250 1354 4338 precepto
1381 4260 1450 4308 suo
1482 4231 1673 4336 abnegavit
1696 4230 1851 4307 lhesum

431 4363 621 4440 Christum
637 4380 707 4452 ter,
725 4383 762 4440 et
774 4365 939 4470 qualibet
955 4366 1030 4442 viee
1050 4365 1148 4472 spuit
1162 4393 1271 4469 supra
1285 4390 1446 4441 erucem.
1462 4362 1565 4439 Dixit
1575 4362 1691 4437 eciam
1707 4358 1771 4436 ille
1788 4360 1852 4463 qui

433 4493 600 4599 loquitur
618 4521 685 4599 per
698 4494 952 4600 juramentum
978 4523 1087 4570 suum
1113 4494 1215 4601 quod
1245 4495 1291 4571 de
1311 4510 1487 4599 precepto
1516 4490 1617 4568 illius
1644 4489 1853 4595 recipientis

433 4621 618 4699 osculatus
637 4621 705 4697 fuit
726 4649 813 4698 eum
833 4622 871 4696 in
890 4621 1068 4699 umbilico
1090 4624 1185 4704 etin
1204 4650 1280 4701 ore.
1303 4623 1388 4716 Quo
1408 4622 1520 4709 lacto,
1544 4621 1710 4726 precepit
1730 4618 1852 4695 eidem

434 4752 536 4854 quod
558 4752 710 4826 omnino
737 4751 937 4827 abstineret
960 4779 981 4826 a
1001 4750 1235 4840 mulieribus,
1263 4768 1301 4827 et
1323 4752 1354 4827 si
1375 4751 1475 4828 calor
1495 4752 1669 4828 naturalis
1688 4766 1854 4829 moveret
