4230 5956
456 455 531 529 ass
835 425 1031 523 rnocts
1060 446 1158 521 nas
1184 444 1491 522 venemens.

447 591 656 697 assumptis
686 584 932 696 cingebantur
961 616 1075 694 super
1105 585 1272 666 camisias
1303 616 1390 666 cum
1419 586 1564 693 quibus
1574 587 1763 695 jacebant
1794 596 1870 688 Qui

454 722 678 803 revelassent
707 734 846 796 secreta
879 716 1162 823 capitoliorum,
1196 716 1355 824 graviter
1373 715 1497 823 puniti
1523 715 1692 798 subrent.
1721 722 1871 802 Fratres

456 854 601 932 ordinis
623 850 689 958 qui
718 847 886 927 sciebant
912 846 1033 923 dictos
1058 873 1206 927 errores
1225 847 1385 929 luerunt
1403 845 1653 954 negligentes,
1668 851 1767 956 -qnia
1789 880 1870 931 non

457 995 698 1061 correxerunt
719 1004 784 1055 eos
802 1004 871 1054 nec
888 976 1213 1053 denunciaverunt
1235 975 1412 1054 Ecclesie.
1430 975 1485 1051 Er
1503 980 1682 1083 precepto
1701 983 1871 1085 superio-

454 1140 542 1191 rum
560 1136 717 1189 suorum
733 1104 855 1209 'fiebat
882 1104 1086 1184 elemosina
1110 1104 1296 1212 generalis
1314 1122 1378 1182 -ter
1395 1105 1436 1181 in
1455 1104 1669 1185 ebdomada
1696 1111 1873 1190 omnibus

454 1239 693 1320 venientibus
716 1253 755 1314 et
774 1235 910 1317 cotidie
935 1234 1160 1343 peregrinis,
1176 1251 1217 1311 et
1238 1234 1516 1341 precipiebatur
1533 1237 1643 1341 quod
1657 1215 1792 1317 eorum
1814 1268 1873 1318 ca-

455 1369 573 1478 pellas
590 1369 688 1447 bene
703 1381 878 1443 tenerent
895 1382 1059 1453 ornatas,
1081 1381 1120 1441 et
1135 1364 1239 1470 quod
1262 1392 1340 1443 non
1359 1364 1600 1471 acquirerent
1620 1366 1791 1447 indebite
1811 1398 1872 1448 or-

456 1499 549 1576 dini.
566 1495 751 1604 Capitulis
762 1493 857 1572 vidit
871 1493 1009 1583 teneri,
1024 1494 1137 1571 missa
1151 1492 1355 1585 celebrata,
1368 1494 1408 1569 in
1422 1522 1571 1585 aurora,
1580 1496 1707 1602 januis
1719 1497 1868 1588 clausis,

455 1647 495 1707 et
510 1626 777 1735 providebatur
792 1651 841 1700 ne
860 1622 1054 1701 audiretur
1073 1623 1234 1701 exterius
1249 1623 1355 1728 quod
1373 1623 1533 1703 interius
1548 1624 1739 1732 agebatur.
1756 1627 1870 1706 Ordi-

454 1775 540 1837 nata
556 1785 624 1863 per
638 1755 856 1862 Magistrum
869 1781 956 1830 cum
973 1769 1158 1830 conventu
1171 1769 1350 1829 servasset
1360 1769 1467 1832 totus
1478 1752 1590 1843 ordo,
1611 1770 1740 1833 oonua
1754 1785 1869 1864 quem

455 1916 557 1966 nunc
574 1885 728 1995 grandia
751 1881 940 1974 scandala,
962 1882 1124 1987 suspicio
1151 1898 1190 1958 et
1214 1880 1367 1959 infamia
1390 1899 1479 1961 stant
1496 1900 1645 1977 exortae
1669 1902 1708 1962 et
1729 1886 1870 1963 audivit

455 2016 530 2096 dici
541 2014 747 2093 alratribus
756 2010 918 2090 Geraldo
933 2010 1126 2091 laVernha
1137 2027 1356 2117 preceptore
1372 2012 1421 2089 de
1436 2013 1746 2119 Petregoncinio,
1760 2032 1799 2094 et
1808 2018 1872 2093 Pe

452 2166 513 2225 tro
527 2146 661 2225 Danbo
680 2161 773 2221 tunc
784 2158 1003 2248 preceptore
1018 2142 1059 2219 in
1072 2140 1266 2232 Vienesio,
1281 2141 1531 2221 servientibus
1548 2142 1766 2235 deffunctis,
1784 2164 1872 2223 sunt

454 2277 600 2353 circiter
612 2272 779 2365 tiranni,
792 2272 885 2347 dum
899 2270 1013 2348 simul
1023 2270 1236 2377 equitarent
1245 2271 1292 2348 dc
1305 2268 1483 2380 Villagast
1496 2272 1599 2378 apud
1612 2272 1744 2381 Civray
1757 2274 1871 2355 Picta·

454 2404 576 2483 vensis
596 2400 770 2487 diocesis,
790 2399 896 2506 quod
915 2399 1005 2477 dicti
1026 2427 1171 2478 errores
1184 2427 1261 2477 non
1278 2400 1502 2481 duraverant
1514 2399 1629 2509 longo
1645 2418 1815 2509 tempore
1829 2405 1869 2480 in

455 2533 605 2623 ordine,
632 2547 670 2607 et
691 2528 813 2636 quod,
838 2529 870 2605 si
894 2529 977 2607 Deo
1002 2529 1182 2635 placeret,
1206 2530 1452 2638 corrigerent,
1474 2546 1513 2607 et
1530 2529 1652 2609 credit
1665 2531 1747 2637 ipse
1763 2533 1871 2610 testis

453 2662 560 2769 qnod
572 2660 635 2737 alii
645 2659 776 2737 fratres
788 2657 932 2736 ordinis
942 2658 1195 2737 communiter
1207 2660 1344 2738 scirent
1355 2660 1475 2738 diuos
1486 2686 1634 2739 errores
1646 2659 1871 2741 confessatos

453 2820 522 2898 per
536 2819 642 2883 eum,
659 2805 698 2866 et
710 2788 815 2896 quod
828 2788 1004 2897 Magister
1016 2805 1056 2865 et
1069 2787 1133 2865 alii
1148 2787 1278 2867 iratres
1295 2788 1440 2868 ordinis
1457 2788 1591 2873 eedem
1606 2788 1683 2867 sint
1698 2789 1867 2869 confessi.

452 2925 537 3001 Non
562 2921 752 2999 obtulerat
770 2946 810 2997 se
830 2919 879 2996 ad
898 2918 1171 2997 deffensionem
1191 2920 1351 3010 ordinis,
1374 2947 1445 2999 nec
1463 2918 1586 2997 brerat
1601 2917 1702 2996 ultra
1721 2947 1838 2997 mare.

508 3049 724 3155 Requisitus
735 3047 767 3124 si
780 3048 833 3125 sic
846 3047 1072 3152 deposuerat
1081 3076 1209 3153 prece,
1224 3064 1420 3155 precepto,
1434 3049 1589 3137 timore,
1604 3073 1747 3140 amere,
1759 3049 1866 3136 odio,

453 3178 512 3260 vel
526 3176 725 3282 temporali
742 3177 902 3254 comodo
921 3178 1050 3255 habito
1067 3178 1126 3255 vel
1142 3178 1336 3272 habendo,
1356 3179 1552 3284 respondit
1563 3177 1668 3286 quod
1684 3206 1780 3272 non,
1801 3180 1870 3257 sed

452 3336 522 3415 pro
543 3307 695 3384 veritate
721 3304 900 3393 dicenda3
922 3306 983 3382 cui
1005 3305 1078 3382 luit
1099 3308 1313 3414 injunctum
1335 3308 1443 3415 quod
1466 3335 1546 3386 non
1570 3307 1750 3387 revelaret
1775 3310 1871 3387 hanc

453 3465 559 3517 suam
575 3434 873 3542 deposicionem,
890 3462 1087 3542 quousque
1108 3438 1366 3518 attesteciones
1379 3436 1522 3516 luerint
1535 3437 1745 3544 publicate;
1765 3456 1802 3518 et
1818 3440 1870 3517 iu·

453 3565 647 3675 telligebat
665 3564 851 3670 Latinum.

508 3833 637 3908 Frater
651 3824 879 3908 Guillelmus
893 3827 1031 3934 Aprilis
1044 3828 1224 3923 serviens,
1241 3829 1559 3910 Claramontensis
1575 3829 1747 3922 diocesis,
1765 3830 1869 3907 testis

452 3988 565 4067 supra
578 3960 743 4066 juratus,
764 3958 1022 4066 sexagenarius
1039 3959 1098 4036 vel
1112 3959 1224 4052 circa,
1245 3960 1312 4067 qui
1335 3960 1506 4038 habitum
1531 3959 1738 4039 voluntarie
1755 3958 1869 4035 dimi-

452 4105 550 4166 serat
570 4105 607 4164 et
623 4087 705 4164 radi
720 4085 857 4165 lecerat
873 4086 944 4166 sibi
962 4087 1136 4180 barbam,
1154 4117 1242 4166 cum
1261 4118 1338 4196 quo
1360 4090 1581 4196 inquisitum
1602 4088 1742 4177 fuerat,
1762 4088 1870 4166 abso·

450 4215 552 4295 lutus
568 4232 606 4292 et
620 4215 880 4295 reconciliatus
894 4246 963 4324 per
982 4219 1181 4296 dominum
1199 4219 1417 4325 episcopum
1437 4219 1799 4307 Claramontensem,
1817 4219 1871 4296 le·

443 4347 519 4427 ctis
528 4362 567 4423 et
577 4344 777 4452 diligenter
792 4349 966 4453 expositis
980 4349 1051 4425 sibi
1066 4349 1244 4427 omnibus
1259 4366 1298 4426 et
1309 4347 1466 4455 singulis
1480 4347 1663 4440 articulis,
1676 4349 1872 4454 respondit

450 4504 489 4554 se
507 4476 667 4568 nescire,
689 4504 759 4554 nec
783 4477 952 4567 credere,
981 4506 1050 4555 nec
1075 4480 1257 4558 audivisse
1279 4480 1353 4557 dici
1376 4480 1428 4557 de
1455 4479 1642 4559 contentis
1663 4480 1703 4556 in
1723 4477 1778 4555 eis
1799 4477 1872 4554 nisi

451 4606 556 4713 quod
576 4608 765 4713 sequitur:
789 4604 964 4683 videlicet
982 4608 1088 4711 quod
1115 4610 1195 4714 ipse
1212 4610 1318 4688 testis
1337 4609 1460 4688 luerat
1487 4608 1717 4716 receptusin
1729 4604 1869 4713 capella

452 4731 587 4810 domus
610 4732 759 4838 Templi
785 4733 833 4811 de
856 4730 1002 4810 Barleta
1027 4732 1067 4809 in
1089 4734 1244 4838 Apulia,
1271 4755 1362 4816 sunt
1383 4738 1531 4821 circiter
1554 4763 1649 4820 mv
1667 4737 1776 4826 anni,
1801 4762 1869 4842 per
