4230 5956
606 456 802 546 procas
827 475 922 547 uns
948 475 1251 547 rnurmsas.
1564 478 1638 554 uro

223 631 257 689 et
275 610 417 717 singula
436 628 606 688 contenta
626 613 666 687 in
686 614 755 702 eis,
778 614 877 691 salvo
896 614 1001 720 quod
1021 614 1112 691 dicit
1125 644 1163 691 se
1181 615 1332 690 credere
1348 614 1504 695 firmiter
1519 617 1638 697 silium

219 742 288 818 Dei
308 757 346 817 et
363 741 471 818 beate
491 742 653 849 Virginis
668 744 785 821 Marie
805 771 954 849 passum
982 744 1094 821 irrisae
1119 774 1187 849 pro
1207 745 1463 850 redemptione
1485 749 1639 826 humani

218 871 381 978 generis,
398 899 475 949 non
489 898 558 976 pro
573 873 651 949 suis
669 875 844 978 peccatis,
866 904 951 951 cum
967 904 1158 981 nunquam
1175 877 1390 982 peccaverit.
1407 877 1510 955 Dixit
1529 882 1639 956 etiam

218 1029 258 1078 se
274 1002 412 1078 habere
427 1030 532 1108 spem
548 1003 756 1082 salvationis
773 1004 943 1082 habende
963 1034 1031 1112 per
1052 1035 1155 1094 eum,
1178 1025 1215 1083 et
1231 1007 1332 1083 idem
1354 1007 1472 1084 credit
1493 1009 1540 1084 de
1560 1008 1642 1087 aliis

218 1132 394 1210 fratribus
419 1132 587 1239 ejusdem
615 1134 767 1212 ordinis.
799 1134 954 1213 Addidit
980 1137 1132 1243 insuper
1153 1153 1422 1214 sacramentum
1451 1137 1574 1214 altaris
1603 1167 1641 1213 se

220 1262 372 1340 credere
393 1281 430 1341 et
454 1263 523 1340 alia
543 1264 790 1343 ecclesiastica
808 1283 1052 1354 sacramenta,
1074 1285 1186 1371 prout
1203 1267 1367 1343 Ecclesia
1387 1267 1456 1345 Dei
1478 1285 1583 1343 tenet
1606 1285 1642 1344 et

190 1432 197 1437 ·
220 1393 345 1482 docet3
360 1393 508 1470 etidem
524 1394 642 1471 credit
655 1395 703 1471 de
719 1395 799 1472 aliis
814 1395 990 1473 fratribus
1009 1397 1151 1474 ordinis
1169 1396 1355 1473 antedicti.
1376 1395 1532 1474 Addidit
1546 1426 1642 1503 quo-

219 1551 348 1627 quase
369 1523 537 1610 credere,
560 1541 597 1599 et
617 1525 717 1600 idem
738 1526 857 1602 credit
876 1527 924 1603 de
944 1525 1025 1602 aliis
1044 1526 1233 1614 fratribus,
1256 1526 1361 1631 qnod
1381 1554 1450 1603 nec
1468 1527 1642 1633 Magister

219 1652 360 1727 ordinis
375 1653 449 1740 sui,
465 1680 535 1729 nec
544 1653 820 1760 aliqiris‚laycus
834 1656 951 1761 possit
959 1655 1121 1762 aliquem
1136 1656 1326 1735 absolvere
1341 1659 1551 1762 spernatis,
1566 1659 1636 1733 nisi

218 1782 287 1860 soli
305 1781 359 1857 illi
377 1783 442 1887 qui
461 1801 547 1860 sunt
566 1783 636 1860 rite
652 1786 813 1889 promoti
834 1787 882 1862 ad
903 1785 1074 1864 ordinem
1094 1786 1371 1863 sacerdotalem.

276 1910 335 1988 Ad
353 1938 590 1989 xxx-xxxin
609 1914 784 1991 articulos
798 1915 992 2003 inclusive,
1012 1915 1212 2021 diligenter
1231 1932 1267 1991 et
1282 1913 1469 2020 sigillatim
1487 1915 1642 1991 interro·

218 2057 338 2145 gatus,
359 2041 589 2146 respondens
605 2043 751 2150 negavit
767 2044 893 2121 omnia
907 2061 945 2121 et
958 2044 1103 2150 singula
1119 2061 1290 2122 contenta
1300 2044 1339 2119 in
1356 2043 1465 2119 dictis
1479 2044 1643 2120 articulis

220 2169 448 2274 simpliciter,
477 2189 629 2279 excepto
654 2172 783 2251 osculo
803 2175 879 2250 oris
897 2190 1060 2262 tantum,
1086 2174 1189 2280 quod
1208 2173 1347 2251 faciunt
1364 2174 1585 2278 recipientes
1605 2192 1643 2251 et

220 2301 359 2404 recepti
380 2300 427 2376 ad
442 2301 585 2378 dictum
597 2300 769 2378 ordinem
783 2302 931 2407 Templi
952 2303 991 2378 in
1005 2304 1223 2409 recepcione
1237 2330 1317 2390 sua,
1333 2305 1531 2411 insignum
1545 2332 1641 2380 amo·

220 2431 270 2506 ris
286 2447 324 2506 et
342 2431 501 2508 caritatis
521 2431 680 2509 fraterne
699 2449 830 2511 mutue
848 2433 946 2510 inter
964 2434 1075 2538 ipsos.

276 2559 334 2636 Ad
349 2586 637 2639 xxxmr-xxxrx
647 2561 823 2640 articulos
842 2563 1037 2651 inclusive,
1054 2563 1253 2671 diligenter
1273 2581 1309 2640 et
1323 2564 1509 2669 sigillatim
1526 2566 1642 2643 inter-

219 2700 384 2795 rogatus]
404 2692 632 2796 respondens
651 2694 798 2798 negavit
816 2694 916 2798 ipsos
935 2693 1111 2771 articulos
1126 2710 1164 2769 et
1184 2696 1310 2771 omnia
1335 2710 1373 2769 et
1394 2693 1539 2799 singula
1554 2721 1640 2770 con-

219 2836 321 2896 tenta
340 2821 379 2896 in
403 2823 472 2913 eis,
493 2821 591 2900 salvo
611 2821 923 2929 quod-confessus
944 2840 1001 2899 est
1017 2822 1121 2927 quod
1137 2823 1216 2926 ipsc
1231 2823 1295 2928 qui
1314 2821 1484 2927 loquitur
1502 2822 1574 2899 fuit
1586 2852 1641 2899 re-

221 2968 350 3055 ceptus
361 2951 400 3027 in
413 2950 554 3057 capella
569 2952 703 3030 domus
713 2953 831 3031 Mansi
844 2953 927 3041 Dei,
940 2952 1075 3029 clausis
1085 2952 1221 3057 januis,
1240 2968 1278 3032 et
1292 2952 1450 3030 exclusis
1462 2953 1640 3031 omnibus

220 3079 317 3169 aliis,
334 3082 495 3187 exceptis
509 3081 686 3160 fratribus
702 3082 872 3188 ejusdem
885 3082 1026 3160 ordinis
1039 3083 1103 3189 qui
1116 3084 1285 3170 aderant,
1302 3082 1429 3159 dicens
1443 3110 1482 3159 se
1497 3084 1638 3159 nescire

221 3208 314 3314 qnid
333 3208 412 3288 vult
444 3239 575 3289 sonare
608 3240 679 3288 nec
708 3212 832 3290 dicere
862 3213 1029 3290 talentu
1051 3240 1115 3316 pro
1130 3215 1313 3318 professis,
1342 3241 1427 3289 cum
1453 3213 1500 3288 sit
1523 3212 1639 3290 homo

221 3339 391 3445 simplex,
411 3341 531 3420 rudus
550 3359 586 3418 et
604 3342 738 3449 laycus.

277 3469 334 3545 Ad
344 3470 495 3550 xl--xlv
514 3471 687 3550 articados
696 3471 891 3560 inclusive,
909 3472 1107 3579 diligenter
1120 3488 1159 3548 et
1172 3473 1360 3578 sigillatim
1375 3475 1637 3575 interrogatus,

221 3601 366 3705 negavit
378 3601 594 3706 simpliciter
612 3602 712 3706 ipsos
730 3601 903 3678 articulos
919 3618 957 3677 et
970 3602 1096 3677 omnia
1116 3617 1153 3676 et
1168 3601 1310 3707 singula
1331 3616 1502 3676 contenta
1518 3598 1637 3675 ineis.

276 3727 334 3803 Ad
355 3728 584 3805 xlvi-laxus
604 3727 777 3805 articulos
798 3727 992 3816 inclusive,
1011 3728 1212 3832 diligenter
1231 3745 1268 3805 et
1288 3727 1473 3834 sigillatim
1484 3729 1641 3805 interro-

221 3873 343 3962 gatus,
358 3857 589 3962 respondens
600 3856 745 3962 negavit
764 3857 863 3963 ipsos
877 3855 1051 3935 articulos
1068 3874 1105 3934 et
1123 3859 1247 3934 omnia
1260 3875 1298 3934 et
1311 3858 1454 3962 singula
1467 3874 1638 3934 contenta

166 4090 168 4094 y
223 3986 260 4060 in
281 3987 346 4063 eis.

276 4116 376 4193 Dixit
391 4135 514 4194 tamen
532 4144 572 4194 se
591 4133 739 4223 portare
756 4116 947 4225 cingulum
962 4116 1037 4194 sive
1054 4117 1246 4194 cordulam
1266 4145 1377 4223 saper
1396 4117 1581 4197 camisiam
1602 4119 1640 4194 in

222 4246 369 4351 signum
388 4247 561 4325 castitatis
576 4250 769 4340 servande,
787 4265 832 4326 ut
844 4248 979 4335 credit,
996 4274 1070 4324 non
1084 4265 1209 4324 tamen
1226 4247 1330 4354 quod
1343 4246 1457 4325 fuerit
1469 4265 1562 4324 taeta
1574 4247 1640 4323 ali·

222 4375 281 4451 cui
297 4377 406 4482 capiti
427 4405 492 4453 seu
512 4377 638 4484 ydolo.
1577 4465 1582 4473 ,

278 4506 435 4584 Addidit
449 4508 564 4584 eciam
580 4535 619 4585 se
634 4507 785 4584 credere
806 4507 911 4613 quod
927 4536 970 4585 ea
989 4536 1062 4613 que
1078 4524 1238 4614 aguntur
1251 4525 1288 4583 et
1303 4508 1481 4584 dicuntur
1494 4507 1533 4583 in
1548 4508 1642 4612 capi·

221 4634 309 4713 tulis
328 4665 404 4715 non
426 4637 586 4715 debeant
603 4637 774 4726 revelari,
796 4638 914 4715 nescit
931 4654 1056 4715 tamen
1075 4665 1223 4715 causam
1243 4665 1369 4744 quare.

279 4767 337 4845 Ad
348 4766 615 4845 lxma-lxxxi
630 4765 805 4846 articulos
815 4766 1012 4857 inclusive,
1025 4766 1223 4875 diligenter
1236 4783 1273 4844 et
1286 4765 1470 4874 sigillatim
1484 4766 1641 4844 interro-
