4230 5956
457 465 531 537 aas
841 442 1036 535 rnocss
1061 460 1156 534 nas
1186 459 1483 535 renarrans.

456 621 495 683 et
515 605 595 711 ipse
615 604 680 710 qui
700 601 866 709 loquitur
889 603 982 680 dixit
1000 603 1103 708 quod
1124 604 1193 693 eis;
1219 620 1257 681 et
1277 621 1366 680 ωηο
1389 601 1579 709 predictus
1599 599 1784 707 recipiens
1799 603 1869 683 sibi

456 734 549 813 dixit
562 734 665 841 quod
675 731 869 840 oportebat
883 734 989 837 quod
1005 732 1204 838 abnegaret
1217 761 1306 810 eum
1322 734 1428 841 cujus
1441 758 1573 839 ymago
1589 744 1666 808 erat
1679 731 1733 809 ibi
1746 750 1815 822 ter,
1833 753 1872 813 et

453 881 512 942 ter
523 871 674 971 spueret
690 892 800 969 supra
812 890 961 938 crucem
979 880 1014 938 et
1028 862 1237 971 ymaginem
1255 861 1422 951 easdem,
1440 879 1478 938 et
1496 860 1661 968 precepit
1679 861 1750 938 sibi
1765 866 1870 970 quod

454 994 527 1072 hoc
544 994 697 1082 faceret3
719 1009 755 1068 et
773 1009 862 1069 tunc
882 992 961 1097 ipse
981 992 1044 1098 qui
1072 991 1239 1097 loquitur
1257 993 1403 1096 negavit
1421 1008 1488 1080 ter,
1513 1008 1551 1068 et
1569 1008 1626 1066 ter
1640 990 1743 1098 spuit
1760 1021 1869 1098 supra

453 1152 602 1202 crucem
627 1139 664 1199 et
682 1122 894 1228 ymaginem
917 1121 1117 1228 predictas,
1136 1138 1172 1196 et
1193 1120 1264 1197 hec
1286 1119 1373 1196 lecit
1397 1148 1480 1213 ore,
1501 1119 1662 1197 sednon
1678 1121 1807 1210 corde,
1829 1140 1870 1199 ut

454 1253 557 1332 dixit.
578 1256 671 1331 Item
691 1250 784 1328 dixit
801 1279 867 1356 per
885 1251 1141 1357 juramentum
1157 1278 1286 1338 suum,
1307 1250 1412 1356 quod
1431 1248 1619 1328 osculatus
1639 1248 1709 1328 luit
1727 1251 1870 1329 dictum

452 1384 694 1489 recipientem
718 1383 757 1457 in
776 1382 957 1458 umbilico
982 1399 1021 1457 et
1043 1382 1083 1457 in
1101 1408 1185 1469 ore,
1204 1396 1243 1457 et
1261 1408 1335 1457 non
1359 1380 1463 1471 alibi3
1486 1398 1523 1458 et
1546 1381 1714 1487 precepit
1736 1382 1807 1459 sibi
1834 1401 1871 1459 et

453 1513 545 1589 dixit
561 1513 682 1589 dictus
698 1512 880 1616 recipiens
895 1510 998 1618 quod
1013 1511 1043 1587 si
1062 1509 1161 1587 calor
1175 1508 1351 1587 natumlis
1365 1527 1531 1587 moveret
1549 1539 1653 1599 eum,
1670 1512 1774 1616 quod
1789 1512 1867 1616 ipse

452 1643 645 1720 accederet
658 1643 705 1719 ad
718 1642 847 1719 fratres
865 1670 968 1730 suos,
987 1658 1025 1718 et
1042 1641 1288 1718 haberetrem
1305 1670 1391 1719 cum
1412 1642 1484 1731 eis;
1501 1640 1569 1720 sed
1581 1640 1660 1748 ipse
1673 1670 1866 1750 nunquam

452 1770 555 1861 feeit,
575 1789 618 1849 ut
634 1771 735 1850 dixit.

506 1903 599 1979 ltem
624 1901 824 2006 requisitus
838 1929 906 2006 per
920 1901 1194 2008 juramentum,
1212 1917 1340 1977 utrum
1359 1901 1411 1987 vi,
1432 1899 1490 1976 vel
1509 1917 1614 1978 metu
1632 1902 1787 1977 carceris
1801 1919 1866 1978 aut

450 2047 740 2121 tormentorum,
764 2030 897 2106 dixerit
919 2030 1022 2107 aliud
1047 2059 1158 2136 quam
1178 2029 1385 2118 veritatem,
1412 2030 1505 2108 dixit
1525 2059 1593 2136 per
1610 2031 1865 2137 juramentum

451 2189 561 2238 snum
581 2160 686 2267 quod
705 2188 796 2250 non,
822 2177 860 2235 et
878 2161 982 2266 quod
1006 2189 1138 2265 puram
1167 2160 1358 2238 veritatem
1383 2160 1475 2237 dixit
1499 2188 1568 2265 pro
1597 2160 1717 2238 salute
1742 2162 1864 2239 anime

451 2316 531 2367 sue.

504 2553 597 2630 Item
624 2580 738 2642 anno,
766 2552 968 2645 indicione,
995 2551 1231 2659 pontificatu,
1258 2580 1357 2630 anno
1384 2572 1422 2630 et
1447 2553 1509 2629 die
1534 2554 1725 2658 predictis,
1753 2552 1864 2630 frater

447 2682 635 2761 lohannes
650 2682 697 2760 de
718 2682 957 2761 Amblanvilla
974 2702 1170 2791 preceptor
1184 2683 1231 2762 de
1249 2683 1432 2771 Puteolis,
1457 2683 1795 2790 quinquagenarius
1808 2684 1865 2761 vel

449 2813 560 2905 circa,
592 2815 727 2895 eodem
754 2813 869 2894 modo
893 2815 1128 2905 constitutus,
1151 2815 1297 2922 juratus
1325 2832 1363 2892 et
1390 2815 1655 2922 interrogatus,
1682 2813 1775 2891 dixit
1797 2842 1865 2920 per

442 2944 698 3050 juramentum
726 2973 837 3022 suum
865 2946 967 3052 quod
990 2944 1089 3021 bene
1109 2963 1197 3024 sunt
1218 2964 1294 3024 tres
1316 2945 1401 3021 anni
1426 2944 1483 3022 vel
1507 2945 1602 3019 circa
1626 2943 1739 3047 elapsi
1760 2942 1864 3049 quod

447 3071 519 3148 luit
536 3092 707 3180 receptus
722 3076 761 3149 in
777 3076 927 3179 grangia
949 3076 996 3150 de
1016 3075 1235 3165 Messelent,
1256 3104 1323 3181 per
1337 3074 1488 3153 fratrem
1508 3076 1704 3180 Hugonem
1728 3074 1776 3149 de
1795 3075 1863 3151 Pa-

446 3200 564 3276 raudo
588 3201 816 3278 visitatorem
839 3203 1008 3289 Francie,
1039 3204 1274 3308 presentibus
1303 3203 1415 3280 fratre
1443 3204 1611 3280 lohanne
1644 3221 1861 3309 preceptore

446 3326 495 3404 de
514 3329 665 3405 Yvriaco
686 3329 725 3404 in
746 3331 1021 3434 Weuquesino‚
1044 3348 1082 3406 et
1100 3330 1212 3407 fratre
1227 3331 1335 3407 Petro
1356 3349 1524 3408 morante
1540 3330 1640 3436 apud
1654 3334 1785 3409 Barne.

500 3460 595 3536 ltem
620 3459 712 3535 dixit
739 3488 807 3565 per
821 3460 1077 3566 juramentum
1104 3462 1208 3566 quod
1233 3460 1423 3566 predictus
1451 3461 1636 3567 recipiens
1663 3460 1752 3539 lecit
1776 3492 1862 3539 eum

440 3588 566 3693 jurare
586 3618 727 3667 servare
749 3606 883 3667 statuta
898 3607 937 3666 et
950 3607 1090 3666 secreta
1104 3590 1264 3680 ordinis,
1284 3608 1322 3667 et
1340 3591 1467 3696 posuit
1484 3591 1555 3668 sibi
1578 3592 1796 3669 mantellum
1815 3595 1860 3669 ad

445 3718 599 3808 collum,
620 3738 657 3797 et
672 3738 799 3825 postea
814 3737 961 3798 ostensa
976 3720 1047 3797 sibi
1062 3749 1171 3797 cruce
1188 3750 1274 3798 cum
1296 3720 1417 3828 effigie
1432 3721 1547 3798 Jhesu
1562 3721 1699 3800 Christi
1714 3723 1752 3796 in
1768 3751 1860 3826 quo-

446 3848 531 3926 dam
550 3850 705 3938 missali,
727 3852 908 3956 recipiens
924 3851 1083 3958 quesivit
1103 3850 1149 3927 ab
1172 3879 1218 3929 eo
1240 3852 1271 3927 si
1292 3850 1467 3928 credebat
1485 3853 1589 3958 quod
1610 3869 1705 3929 esset
1723 3850 1859 3929 lhesus

445 3977 614 4056 Christus
643 3982 749 4087 cujus
768 4008 900 4088 ymago
921 3997 999 4056 erat
1018 3980 1092 4068 ibi,
1114 3998 1151 4056 et
1168 3981 1246 4087 ipse
1264 3981 1329 4086 qui
1353 3981 1523 4086 loquitur
1540 3979 1733 4087 respondit
1754 3982 1859 4086 quod

444 4106 513 4198 sic;
531 4125 568 4184 et
583 4126 673 4187 ωηο
695 4111 798 4187 idem
814 4110 995 4217 recipiens
1014 4109 1181 4216 precepit
1200 4110 1270 4187 sibi
1290 4110 1394 4216 quod
1408 4110 1607 4218 abnegaret
1620 4129 1678 4188 ter
1696 4138 1800 4199 eum,
1823 4128 1860 4188 et

442 4252 500 4312 ter
525 4256 676 4343 spueret
694 4269 804 4347 supra
829 4270 975 4318 crucem
1002 4257 1040 4317 et
1061 4240 1271 4348 ymaginem
1291 4239 1491 4345 predictas,
1515 4259 1553 4317 et
1577 4256 1666 4317 tunc
1689 4241 1768 4346 ipse
1793 4241 1856 4346 qni

442 4365 610 4475 loquitur
628 4371 773 4477 negavit
789 4400 875 4447 enm
886 4388 945 4448 ter
964 4399 1040 4463 ore,
1063 4371 1130 4449 sed
1149 4399 1225 4449 non
1240 4372 1368 4459 corde,
1386 4389 1429 4448 ut
1446 4371 1552 4460 dixit,
1570 4389 1608 4448 et
1625 4369 1731 4449 linxit
1746 4388 1805 4447 ter
1818 4399 1857 4447 se

442 4524 573 4603 spuere
591 4528 700 4605 supra
721 4529 868 4578 crucem
884 4519 923 4577 et
934 4501 1144 4607 ymaginem
1158 4500 1357 4605 predictas,
1380 4502 1446 4578 sed
1462 4502 1562 4608 spuit
1581 4502 1628 4578 ad
1646 4520 1800 4590 terram,
1815 4517 1858 4577 ut

442 4625 546 4705 dixit.

496 4757 589 4831 ltem
609 4757 701 4833 dixit
718 4758 838 4863 quod,
862 4760 908 4836 de
921 4776 1097 4865 precepto
1115 4762 1344 4867 recipientis,
1361 4761 1440 4867 ipse
1453 4762 1637 4840 osculatus
1646 4761 1718 4838 luit
1732 4761 1854 4865 ipsum
