4230 5956
639 471 835 565 necess
864 491 956 563 nes
981 489 1279 562 annumeras.
1598 498 1667 568 ios

254 633 440 711 Ecclesie.⁴
460 630 692 710 Elemosinas
722 649 760 710 et
788 630 1078 737 hospitalitatem
1108 632 1203 709 vidit
1232 633 1494 709 convenienter
1522 633 1603 709 lieri
1631 653 1668 710 et

254 763 387 841 servari
403 763 442 838 in
455 761 632 839 domibus
651 762 795 838 ordinis
811 762 849 837 in
863 760 1002 867 quibus
1013 761 1084 837 luit
1099 778 1345 839 conversatus.
1366 761 1489 838 Nescit
1506 762 1669 866 qualiter

253 894 478 971 tenebantur
497 893 687 998 capitulla,
699 893 787 998 quia
808 915 883 968 oon
904 892 1075 969 interfuit
1091 921 1160 969 nec
1181 893 1228 970 de
1250 894 1322 970 hoe
1341 891 1541 998 inquisivit.
1557 892 1669 971 Ordi-

252 1041 335 1100 nata
352 1053 420 1130 per
439 1021 656 1128 Magistrum
668 1051 753 1099 cum
765 1039 951 1099 conventu
971 1040 1111 1099 servata
1131 1022 1347 1100 fuissentin
1367 1023 1516 1113 ordine,
1538 1040 1665 1100 contra

253 1179 366 1259 quem
387 1181 487 1230 nunc
507 1152 677 1231 scandala
697 1152 866 1259 grandia,
889 1152 1050 1258 suspicio
1070 1170 1108 1229 et
1127 1152 1275 1229 inlamia
1292 1171 1381 1229 sunt
1393 1153 1508 1230 modo
1527 1170 1664 1231 exorta.

310 1283 525 1388 Requisitus
543 1282 573 1357 si
590 1283 643 1360 sic
662 1283 838 1389 deposuit
854 1311 978 1389 prece,
1000 1301 1193 1389 precepto,
1214 1285 1368 1377 timore,
1390 1310 1533 1374 amore,
1558 1284 1664 1378 odio,

252 1413 310 1489 vel
325 1411 523 1517 temporali
543 1412 705 1488 comodo
722 1412 851 1489 habito
865 1412 924 1488 vel
941 1411 1134 1499 habendo,
1152 1413 1348 1519 respondit
1367 1412 1472 1518 quod
1488 1440 1582 1501 non,
1600 1416 1666 1491 sed

251 1572 319 1648 pro
349 1542 500 1619 veritate
524 1541 700 1632 dicenda;
732 1543 792 1621 cui
816 1543 888 1619 snit
907 1542 1118 1650 injunctum
1142 1546 1245 1649 quod
1271 1572 1347 1621 non
1370 1544 1551 1621 revelaret
1572 1546 1668 1622 hanc

253 1700 358 1749 snam
372 1673 663 1778 deposicionem,
674 1701 873 1778 quousque
889 1675 1149 1752 attestaciones
1164 1674 1303 1751 luerint
1315 1673 1522 1780 publicate;
1539 1692 1577 1750 et
1591 1703 1666 1751 non

253 1802 441 1879 obtulerat
458 1830 497 1879 se
517 1803 566 1879 ad
585 1802 859 1881 deffensionem
881 1801 1036 1880 ordinis.

309 1934 398 2009 Acta
412 1929 565 2009 fuerunt
579 1933 650 2008 hec
664 1933 725 2008 die
747 1948 785 2008 et
804 1930 888 2007 loco
903 1932 1097 2037 predictis,
1116 1932 1354 2037 presentibus
1373 1932 1550 2037 magistro
1566 1932 1668 2008 elmi·

252 2061 324 2147 sio,
340 2088 402 2137 me
422 2061 677 2136 Floriamonte
696 2060 915 2146 Dondedei,
937 2077 975 2135 et
987 2060 1069 2135 aliis
1089 2061 1243 2136 notariis
1257 2088 1367 2166 supra
1384 2060 1522 2138 ultimo
1543 2063 1666 2138 nomi-

134 2219 138 2224 ·
253 2189 358 2267 natis.
384 2189 517 2266 Dictus
544 2205 671 2265 tamen
691 2190 863 2266 Matheus
892 2189 1082 2295 predictus
1106 2217 1183 2266 non
1203 2189 1373 2266 interfuit
1397 2192 1664 2268 examinacioni

253 2319 342 2395 dicti
360 2318 483 2396 lratris
504 2319 784 2407 Bartholomaei,
802 2346 842 2395 se
861 2347 1046 2395 excusans.

307 2583 498 2671 Posthac,
523 2583 583 2659 die
598 2582 773 2660 Mercurii
788 2584 979 2688 sequenti,
1001 2611 1076 2690 que
1096 2584 1168 2661 luit
1186 2611 1289 2661 xxnu
1308 2585 1388 2661 dies
1417 2585 1506 2661 dicti
1527 2566 1668 2663 mensis

252 2713 395 2801 Marcii,
425 2711 498 2790 luit
520 2712 706 2789 adductus
729 2711 775 2789 ad
798 2713 1028 2816 presenciam
1050 2713 1272 2790 eorumdem
1296 2715 1538 2790 dominorum
1563 2743 1667 2792 com·
1714 2773 1722 2794 2

253 2843 524 2932 misseriorum,
554 2843 594 2916 in
618 2842 733 2918 domo
763 2841 930 2946 predicta
958 2842 1104 2919 domini
1129 2842 1227 2918 Petri
1258 2841 1306 2917 de
1327 2843 1530 2933 Sahaudia,
1552 2843 1665 2921 frater

251 2972 404 3049 auditus
421 2972 468 3048 de
487 2973 616 3049 Monte
635 2971 801 3074 Laudato
827 2973 1005 3062 serviens,
1028 2972 1260 3051 Turonensis
1283 2972 1456 3062 diocesis,
1476 2976 1581 3051 testis
1603 3004 1665 3051 sn-

252 3130 316 3208 pra
326 3101 489 3208 juratus,
509 3100 731 3177 mantellum
753 3101 897 3178 ordinis
913 3119 950 3178 et
964 3101 1118 3178 barbam
1135 3101 1335 3193 defferens,
1351 3104 1665 3210 quadragenarius

251 3231 308 3308 vel
323 3231 434 3318 circa,
455 3259 541 3307 cum
561 3257 639 3335 quo
658 3230 880 3336 inquisitum
902 3230 1038 3319 fuerat,
1060 3232 1255 3309 absolutus
1271 3249 1310 3307 et
1323 3232 1582 3311 reconciliatus
1597 3263 1665 3340 per

253 3360 451 3438 dominum
470 3360 792 3466 archiepiscopum
812 3362 1084 3438 Turonensem.
1116 3362 1238 3438 Lectis
1261 3377 1386 3438 autem
1408 3378 1446 3438 et
1466 3361 1668 3470 diligenter

253 3490 426 3595 expositis
450 3491 521 3568 sibi
542 3491 720 3568 omnibus
739 3509 777 3568 et
796 3492 953 3598 singulis
977 3492 1158 3583 articulis,
1187 3493 1462 3598 protestacione
1485 3495 1665 3599 premissa

252 3621 355 3726 quod
367 3647 442 3697 non
458 3621 622 3698 intendit
634 3622 811 3699 recedere
824 3649 844 3698 a
858 3622 1097 3727 deposicione
1116 3650 1184 3727 per
1201 3650 1288 3698 eum
1310 3622 1400 3698 lacta
1422 3650 1546 3699 coram
1564 3623 1666 3701 dicto

253 3749 408 3826 domino
429 3751 723 3857 archiepiscopo,
746 3752 941 3857 respondit
959 3780 999 3829 se
1012 3753 1172 3840 nescire,
1191 3781 1260 3829 nec
1279 3754 1448 3842 medere,
1472 3781 1541 3829 nec
1558 3755 1665 3830 audi-

252 3879 345 3956 visse
377 3881 451 3957 dici
480 3880 528 3958 de
558 3882 744 3959 contentis
771 3882 810 3958 in
832 3882 886 3959 eis
909 3881 981 3957 nisi
1006 3882 1108 3986 quod
1138 3883 1318 3986 sequitur.
1345 3882 1446 3959 Dixit
1471 3886 1607 3986 nempe
1625 3910 1664 3958 se

251 4008 366 4087 luisse
380 4029 588 4116 receptum,
616 4012 714 4087 circa
733 4013 874 4089 instans
892 4011 1029 4089 festum
1049 4012 1248 4087 nativitatis
1273 4011 1388 4087 sancti
1404 4009 1583 4087 lobannis
1601 4014 1664 4088 Ba·

250 4139 362 4241 ptiste
377 4157 488 4215 erunt
506 4140 653 4217 circiter
669 4166 754 4219 xvtn
773 4140 879 4229 anni,
896 4139 936 4214 in
949 4139 1088 4245 capella
1103 4140 1239 4215 domus
1250 4138 1399 4244 Templi
1418 4140 1659 4248 Angavensis,

250 4293 317 4372 per
341 4265 492 4344 fratrem
512 4270 664 4346 Petrum
692 4270 739 4346 de
764 4269 932 4346 Mandito
959 4269 1170 4373 quondam,
1202 4284 1294 4344 tune
1316 4269 1443 4346 locum
1468 4288 1662 4350 tenentem

250 4395 467 4482 visitatoris,
507 4397 743 4500 presentibus
778 4395 952 4473 fratribus
990 4395 1194 4504 Reginaldo
1222 4399 1416 4476 Bertrandi
1447 4402 1587 4491 milite,
1627 4421 1664 4480 et

249 4523 439 4629 Stephano
472 4524 521 4602 de
556 4525 730 4603 Ambasia
764 4541 982 4632 preceptore
1014 4527 1112 4603 dicte
1148 4527 1299 4618 domus,
1333 4531 1516 4608 avunculo
1546 4531 1664 4638 ipsius

250 4655 376 4745 testis,
411 4654 633 4741 deffunctis,
671 4657 711 4731 in
742 4656 842 4732 hunc
878 4655 1033 4732 modum
1063 4687 1071 4729 ε
1100 4684 1186 4732 nam
1224 4686 1309 4733 cum
1345 4657 1561 4766 frequenter
1598 4690 1664 4770 pe-

251 4783 373 4861 ciisset
392 4812 526 4888 panem
547 4802 585 4863 et
604 4813 738 4890 aquam
766 4785 927 4873 ordinis,
949 4803 987 4862 et
1011 4785 1208 4863 obtulisset
1230 4815 1268 4865 se
1289 4789 1382 4866 velle
1407 4789 1487 4866 lieri
1516 4821 1662 4870 servum
