4230 5956
363 408 437 479 asa
751 379 948 476 rnocts
976 403 1072 473 uss
1098 400 1397 477 rsurcrsns.

362 543 564 653 inquisitor
588 544 700 649 peciit
726 542 772 619 ab
801 570 863 631 eo,
898 572 966 648 per
991 542 1247 649 juramentum
1276 572 1386 621 suum
1415 545 1521 621 tactis
1545 547 1784 623 mmosanctis

360 674 568 783 Evangeliis
594 675 732 751 iterum
756 673 910 766 lactum,
947 691 1072 751 utrum
1092 676 1130 750 in
1151 674 1392 780 deposicioue
1418 703 1499 764 sua,
1528 678 1679 781 propter
1705 692 1784 752 tor·

361 804 1194 912 menta,velmetutormentorum,velaliqua
1207 804 1781 911 aliacausa,aliquamveritatem

360 937 553 1023 tacuisset,
576 934 633 1010 vel
650 934 847 1011 falsitatem
868 936 1127 1014 immiscuisset
1146 953 1209 1013 aut
1228 936 1389 1013 dixisset.
1411 935 1487 1029 Qui
1507 935 1701 1042 respondit
1716 964 1783 1041 per

355 1066 613 1173 juramentum
622 1094 731 1142 suum
740 1066 844 1170 quod
855 1094 947 1155 non;
957 1068 1075 1143 immo
1086 1067 1417 1173 puramveritatem
1431 1064 1572 1143 dixerat
1581 1083 1619 1142 et
1629 1092 1781 1141 meram.

377 1222 381 1231 ’
415 1197 550 1273 Actum
575 1195 810 1301 presentibus
831 1196 940 1273 dictis
963 1197 1073 1274 fratrc
1094 1196 1300 1304 Reginaldo
1318 1199 1443 1303 priore
1461 1197 1509 1274 de
1529 1197 1703 1284 Pissiaco,
1724 1224 1784 1273 or-

361 1325 459 1403 dinis
487 1325 786 1415 Predicatorum3
817 1328 992 1432 magistro
1018 1326 1222 1433 Reginaldo
1246 1326 1294 1404 de
1317 1326 1532 1434 Albigniaco
1563 1325 1782 1402 Bituriceusi

360 1456 554 1545 canonico;
572 1455 775 1534 Guillelmo
796 1455 844 1531 de
863 1459 1048 1564 Hangesto
1063 1458 1229 1547 seniore;
1249 1451 1453 1535 Guillelmo
1467 1457 1514 1533 de
1528 1456 1687 1560 Choque
1704 1459 1782 1532 cive

359 1585 573 1675 Parisiensi;
593 1603 629 1662 et
646 1585 851 1664 Guillelmo
864 1586 913 1663 de
925 1589 1128 1694 Hangestu,
1151 1584 1372 1692 etpluribus
1385 1585 1465 1663 aliis
1480 1585 1639 1663 testibus
1651 1587 1696 1662 ad
1712 1587 1782 1663 hoc
1866 1589 1877 1600 “

359 1717 497 1794 vocatis
506 1732 542 1793 et
555 1717 827 1822 rogatisilnno,
837 1717 1036 1806 indicione,
1047 1715 1276 1824 pontificatu,
1290 1714 1501 1792 annuetdis
1510 1714 1648 1820 quibus
1658 1744 1780 1822 supra.

416 1979 463 2054 Et
483 2006 552 2084 ego
570 1979 734 2057 Amisius
747 1979 794 2057 de
816 1981 1026 2057 Aurelianis
1046 1979 1167 2055 dictus
1187 1976 1222 2053 le
1242 1974 1356 2062 Ratis,
1377 1976 1533 2053 clericus
1553 1992 1781 2051 sacrosancte

360 2108 523 2182 Romane
549 2109 730 2199 Ecclesie,
760 2111 925 2186 notarius
948 2107 1138 2214 publicus,
1164 2107 1354 2213 premissis
1377 2105 1679 2212 juramentorum
1700 2134 1783 2212 pre-

360 2236 595 2323 stationibus,
610 2236 904 2314 confessionibus
916 2267 984 2314 seu
998 2237 1303 2341 deposicionibus
1316 2253 1355 2312 et
1369 2234 1545 2312 omnibus
1556 2235 1654 2324 aliis,
1670 2253 1782 2342 prout

360 2366 533 2470 superius
558 2382 643 2441 sunt
671 2393 855 2470 expressa,
882 2394 955 2442 una
981 2394 1067 2442 cum
1095 2366 1351 2470 suprascriptis
1369 2366 1527 2445 testibus
1547 2383 1585 2443 et
1604 2365 1780 2475 magistro

360 2494 540 2572 Gaufrido
559 2494 828 2599 dictoChalop,
845 2497 989 2572 notario
1004 2494 1172 2600 publico,
1191 2523 1344 2601 presens
1358 2495 1526 2584 interlui,
1541 2525 1598 2585 ac,
1614 2499 1660 2573 de
1678 2525 1782 2572 man-

361 2624 447 2701 dato
467 2624 697 2731 inquisitoris
716 2624 890 2730 predicti,
913 2624 1001 2701 huic
1016 2626 1261 2702 instrumento
1279 2624 1428 2731 publico
1448 2653 1508 2703 me
1529 2625 1728 2733 subscripsi
1744 2629 1781 2701 in

359 2756 616 2832 testimouium
632 2755 915 2862 premissorum,
930 2754 1098 2861 illudque
1112 2756 1218 2864 signo
1234 2783 1319 2833 meo
1340 2756 1450 2834 solito
1465 2758 1603 2863 signavi
1620 2774 1779 2863 rogatus.

416 3017 463 3091 Et
477 3044 548 3121 ego
567 3015 769 3094 Gaulridus
792 3014 982 3121 Enguelor
1000 3016 1121 3093 dictus
1144 3015 1304 3122 Cbalop,
1327 3000 1485 3095 clericus
1503 3016 1677 3095 Dolensis
1698 3016 1779 3098 dio-

360 3145 471 3234 cesis,
493 3144 690 3250 apostolica
711 3145 930 3223 auctoritate
949 3145 1117 3223 notarius
1136 3145 1325 3251 publicus,
1346 3147 1536 3253 premissis
1555 3146 1731 3223 omnibus
1745 3165 1780 3222 et

360 3274 530 3381 singulis,
553 3304 625 3351 una
647 3304 732 3351 cum
760 3275 868 3351 dictis
889 3275 1061 3380 magistro
1086 3274 1228 3352 Amisio
1249 3277 1296 3352 de
1319 3276 1541 3364 Aurelianis,
1563 3277 1695 3352 eadem
1715 3302 1780 3350 au-

360 3409 528 3484 ctoritate
545 3407 688 3483 notario
702 3406 871 3512 publicu,
888 3425 925 3483 et
939 3406 1096 3483 testibus
1110 3407 1381 3513 suprascriptis,
1398 3433 1550 3513 presens
1560 3406 1728 3491 interlui,
1743 3422 1779 3480 et

360 3539 398 3612 in
418 3537 675 3614 testimonium
696 3537 965 3642 premissorum
987 3565 1046 3615 me
1066 3537 1265 3644 subscripsi
1289 3537 1477 3643 premissis
1495 3537 1534 3612 in
1554 3535 1624 3612 hac
1641 3552 1679 3609 et
1697 3564 1779 3639 pre·

359 3667 504 3743 cedenti
527 3667 642 3772 peciis
661 3667 774 3744 simul
799 3668 890 3744 sutis
914 3666 1113 3757 contentis,
1140 3685 1177 3743 et
1195 3668 1343 3774 signum
1366 3682 1492 3743 meum
1518 3665 1778 3770 apposuicon-

358 3817 504 3874 suetum
524 3815 673 3876 vocatus
693 3816 730 3874 et
747 3816 907 3904 rogatus.

414 4059 455 4133 ln
469 4059 606 4136 Christi
628 4064 780 4141 nomine
805 4091 925 4140 amen.
952 4065 1077 4141 Pateat
1096 4061 1290 4148 universis,
1312 4088 1379 4166 per
1394 4057 1467 4136 hoc
1486 4086 1639 4164 presens
1658 4056 1778 4161 publi-

358 4216 442 4263 cum
463 4188 768 4282 instrumentum,
791 4193 894 4299 quod
915 4220 1014 4270 anno
1032 4192 1191 4270 Domini·
1204 4188 1404 4267 millesimo
1425 4203 1505 4267 ecc⁰
1525 4190 1699 4293 septimo,
1723 4187 1778 4262 in·

358 4317 506 4396 dicione
527 4337 644 4410 serta,
663 4352 790 4400 mense
810 4324 970 4412 octobri,
993 4324 1163 4403 vicesima
1186 4322 1247 4399 die
1265 4320 1434 4429 ejusdem
1455 4318 1607 4407 mensis,
1623 4314 1777 4424 pontili-

357 4468 457 4526 catus
488 4452 706 4528 sanctissimi
731 4453 843 4558 patris
869 4454 1023 4529 domini·
1039 4453 1241 4531 Clementis
1275 4452 1397 4528 divina
1422 4448 1655 4557 providentia
1683 4473 1776 4553 pape

356 4579 475 4680 quinti
498 4608 595 4656 anno
618 4581 801 4668 secundo,
823 4580 1043 4687 inreligiosi
1063 4584 1131 4659 viri
1154 4601 1190 4659 et
1210 4582 1356 4659 honesti
1376 4580 1499 4657 fratris
1516 4576 1706 4657 Guillelmi
1727 4575 1775 4651 de

355 4705 514 4784 Parisius
540 4708 681 4788 ordinis
710 4704 1004 4798 Predicaitorum,
1048 4712 1278 4816 inquisitoris
1315 4710 1481 4787 heretice
1519 4708 1704 4815 pravitatis
1738 4705 1776 4780 in
