4230 5956
691 477 886 570 procus
914 498 1009 568 nas
1035 495 1335 568 ruurmaas.
1651 498 1723 570 rat

308 640 458 744 phetam
478 638 543 743 qui
564 664 692 742 passus
709 636 781 714 fuit
799 639 837 713 in
853 664 911 726 oa,
929 654 966 713 et
978 655 1035 714 ter
1054 654 1206 743 spueret
1224 664 1335 742 supra
1355 663 1451 712 eam.
1472 636 1546 728 Qui
1568 638 1728 715 existens

307 786 397 845 tunc
426 767 602 845 undecim
626 796 807 845 annorum
831 767 1085 860 solummodo,
1104 784 1146 842 ut
1165 766 1328 854 dicebat,
1354 764 1547 872 abnegavit
1565 766 1729 873 propbe-

308 917 384 977 tarn
403 899 612 1007 predictum
625 917 692 989 ter,
710 915 748 976 et
760 898 1014 1004 qualibetvice
1030 898 1130 1004 spuit
1145 896 1403 1004 supradictam
1423 924 1583 973 crucem.
1598 897 1729 975 Postea

309 1028 410 1107 idem
430 1030 613 1136 recipiens
637 1030 803 1135 precepit
828 1028 897 1105 sibi
919 1027 1024 1135 quod
1048 1029 1248 1106 abstineret
1268 1056 1288 1104 a
1309 1026 1548 1115 mulieribus,
1571 1043 1608 1103 ct
1627 1054 1731 1105 conr-

311 1160 482 1236 misceret
501 1186 539 1235 se
557 1188 642 1237 cunr
659 1159 741 1235 aliis
760 1156 952 1247 fratribus,
980 1159 1010 1235 si
1035 1156 1160 1247 vellet,
1187 1176 1225 1235 et
1244 1185 1309 1235 eos
1329 1156 1501 1233 similiter
1519 1156 1732 1235 admitteret

312 1317 439 1367 secum
456 1288 601 1367 adhoc.
621 1291 763 1366 Tamen
780 1289 860 1395 ipse
880 1288 945 1395 qui
956 1287 1124 1393 loquitur
1139 1287 1231 1364 dixit
1244 1288 1347 1394 quod
1361 1286 1434 1364 boc
1448 1314 1524 1363 non
1544 1285 1650 1376 lecit,
1663 1314 1733 1364 nec

312 1419 496 1524 permisit;
516 1419 644 1496 dicens
663 1420 767 1526 quod
792 1419 950 1524 ipsemet
969 1417 1112 1523 aliquos
1131 1416 1271 1524 recepit
1290 1417 1440 1505 fratres,
1469 1417 1536 1494 sed
1556 1417 1636 1523 ipse
1657 1445 1733 1495 nou

311 1548 399 1625 lecit
412 1578 480 1653 per
498 1546 611 1626 istum
631 1549 804 1638 modum,
820 1576 889 1625 nec
906 1548 988 1625 lieri
1009 1547 1205 1626 mandavit.

367 1681 616 1785 Interrogatus
636 1679 683 1756 de
703 1678 849 1767 osculo,
870 1677 963 1754 dixit
980 1706 1048 1783 per
1065 1679 1321 1785 juramentum
1341 1709 1453 1756 suum
1473 1678 1577 1785 quod
1597 1676 1734 1755 oscula-

313 1828 372 1888 tus
393 1809 463 1885 tuit
482 1826 714 1915 receptorem
734 1838 843 1887 suum
864 1808 903 1885 in
922 1836 986 1885 ore
1000 1810 1258 1898 solummodo,
1282 1826 1318 1887 et
1339 1808 1446 1898 dixit,
1465 1836 1533 1914 per
1546 1809 1735 1914 juramen·

313 1956 395 2015 tum
415 1967 524 2016 suum
545 1940 680 2015 iterum
703 1939 916 2043 prestitum,
944 1939 1048 2044 quod
1069 1967 1110 2014 ea
1133 1967 1215 2043 quae
1236 1938 1326 2013 dixit
1345 1954 1431 2014 sunt
1452 1965 1551 2025 vera,
1576 1954 1613 2014 et
1630 1935 1736 2043 quod

314 2070 367 2157 vi,
388 2068 446 2145 vol
466 2085 569 2145 metu
587 2069 761 2174 prisionis
776 2084 841 2144 aut
858 2068 1053 2156 tormenti,
1076 2093 1152 2142 non
1168 2066 1260 2143 dixit
1282 2066 1384 2143 aliud
1396 2095 1508 2173 quam
1526 2067 1734 2154 veritatem,

315 2199 440 2275 necin
462 2197 626 2304 predicta
640 2194 874 2274 confessione
895 2224 960 2273 sua
981 2196 1184 2272 immiscuit
1201 2196 1409 2274 salsitatem.

371 2328 502 2405 Actum
522 2326 759 2434 presentibus
779 2327 887 2403 dictis
912 2325 1022 2404 lratre
1046 2327 1250 2432 Reginaldo
1275 2329 1400 2433 priore
1426 2326 1472 2403 de
1498 2328 1676 2415 Pissiaco,
1699 2346 1738 2405 et

315 2456 520 2536 Guillelmo
541 2458 587 2534 do
610 2458 809 2562 Hangesto‚
832 2474 869 2533 et
889 2455 969 2532 aliis
983 2456 1141 2533 testibus
1161 2456 1298 2534 adhoc
1318 2459 1462 2534 vocatis.

373 2725 464 2799 Item
480 2750 593 2812 anno,
616 2722 820 2810 indicione,
843 2720 1075 2829 pontificatu,
1098 2750 1194 2799 anno
1215 2740 1253 2799 et
1271 2722 1334 2798 die
1357 2720 1547 2826 predictis,
1571 2722 1611 2797 in
1631 2720 1737 2797 dictis

319 2852 494 2929 domibus
511 2851 660 2958 Templi
680 2852 855 2941 Parisius,
871 2854 909 2928 in
925 2851 1015 2928 dicti
1030 2850 1174 2928 domini
1190 2850 1435 2957 inquisitoris,
1452 2867 1621 2926 nostrum
1634 2867 1739 2927 nota-

319 2984 459 3059 riorum
478 2982 717 3087 publicorum
743 2998 780 3056 et
806 2982 961 3058 testium
984 2980 1301 3085 infrascriptorum
1327 2979 1514 3087 presencia
1533 2977 1739 3085 personali-

319 3130 375 3188 ter
394 3111 617 3189 constitutus
631 3111 745 3188 lrater
758 3100 945 3188 lohannes
959 3111 1007 3188 de
1021 3110 1176 3199 Nivella,
1193 3112 1340 3219 juratus
1353 3112 1489 3188 eodem
1505 3110 1620 3188 modo
1637 3110 1685 3186 de
1699 3139 1738 3186 se

320 3241 410 3317 etde
420 3241 516 3331 aliis,
529 3242 567 3317 in
583 3240 681 3318 dicta
696 3269 804 3318 causa
817 3241 924 3329 lidei,
941 3241 1087 3349 plenam
1099 3270 1248 3347 ‚puram
1261 3259 1298 3319 et
1312 3242 1491 3348 integram
1507 3241 1632 3319 dicere
1646 3243 1742 3319 veri-

318 3389 451 3460 tatem,
475 3389 511 3447 et
526 3373 772 3478 interrogatus
787 3372 834 3449 de
850 3391 1018 3478 tempore
1037 3390 1075 3449 et
1089 3371 1203 3450 modo
1218 3372 1446 3479 recepcionis
1466 3400 1548 3461 sue,
1567 3371 1658 3449 dixit
1673 3400 1741 3479 per

314 3501 569 3606 juramentum
587 3530 698 3579 suum
713 3502 816 3608 quod
833 3502 1056 3581 bienniovel
1068 3503 1162 3578 circa
1183 3503 1307 3609 elapso
1327 3519 1497 3607 receptus
1515 3501 1586 3577 luit
1601 3500 1739 3605 Capue,

320 3658 386 3734 per
400 3629 550 3709 fratrem
567 3633 767 3740 Symonem
782 3642 1041 3740 preceptorem
1056 3632 1193 3710 domus
1213 3632 1313 3709 illius
1328 3631 1417 3720 loci,
1439 3648 1609 3739 presente
1629 3627 1740 3705 fratre

320 3761 487 3838 tohanne
515 3761 703 3869 capellano
730 3762 819 3837 dicti
840 3763 994 3839 ordinis.
1015 3763 1063 3837 Et
1087 3759 1177 3837 dixit
1200 3788 1268 3866 per
1288 3763 1542 3868 juramentum
1571 3768 1683 3835 suum
1705 3775 1742 3836 et

322 3892 535 3998 recognovit
560 3891 664 3997 quod
685 3920 729 3968 eo
755 3910 923 4000 recepto,
951 3891 1198 3998 promissione
1218 3890 1266 3968 ab
1287 3918 1332 3967 eo
1351 3891 1443 3968 lacta
1467 3890 1514 3966 de
1538 3888 1683 3965 statutis
1705 3905 1743 3965 et

323 4023 472 4098 secretis
492 4023 633 4098 ordinis
651 4023 911 4114 observandis,
934 4040 971 4100 et
990 4023 1166 4100 mantello
1187 4022 1257 4100 sibi
1277 4022 1323 4098 ad
1345 4021 1486 4098 collum
1505 4022 1644 4128 posito,
1662 4020 1740 4127 ipse

325 4150 508 4227 osculatus
531 4152 603 4227 suit
628 4154 887 4258 recipientem,
908 4155 1031 4261 primo
1052 4154 1171 4230 inore
1192 4169 1231 4228 ct
1249 4152 1413 4230 secundo
1432 4152 1470 4227 in
1492 4152 1686 4241 umbilico,
1706 4171 1742 4228 et

324 4281 438 4356 tercio
458 4297 557 4356 retro
578 4282 617 4357 in
633 4280 707 4359 fine
727 4283 831 4388 spine
851 4284 970 4371 dorsi3
991 4284 1120 4360 dicens
1138 4310 1206 4390 per
1218 4283 1474 4389 juramentum
1493 4310 1602 4360 suum
1625 4282 1741 4360 eciam

325 4410 429 4515 quod
448 4410 647 4515 recipiens,
677 4413 863 4518 preposita
889 4412 961 4491 sibi
989 4440 1113 4500 cruce,
1142 4412 1307 4518 precepit
1330 4412 1401 4488 sibi
1422 4413 1528 4519 quod
1544 4411 1744 4516 abnegaret

327 4567 408 4615 eam
419 4557 488 4627 ter,
507 4558 543 4618 et
561 4559 620 4619 ter
633 4559 785 4648 spueret
803 4571 912 4648 supra
929 4571 1022 4620 eam.
1040 4544 1123 4637 Que
1140 4543 1306 4649 predicta
1321 4542 1425 4632 lecit;
1446 4545 1511 4620 sed
1528 4570 1605 4620 non
1621 4570 1745 4619 recor·

327 4670 437 4747 datur
455 4684 583 4748 utrum
604 4672 786 4778 recipiens
797 4673 893 4751 dixit
907 4674 978 4751 sibi
995 4675 1098 4780 quod
1119 4672 1256 4750 laceret
1270 4673 1342 4750 hoc
1359 4675 1513 4752 nomine
1529 4672 1744 4751 velracione

327 4801 443 4907 ipsius
454 4801 520 4908 qui
534 4831 661 4908 passus
680 4802 751 4881 luit
769 4805 807 4880 in
827 4832 887 4893 ea,
905 4805 1024 4883 autin
1040 4804 1216 4911 despectu
1232 4804 1414 4913 ejusdem.
1428 4805 1514 4899 Quo
1531 4803 1627 4882 facto
1643 4802 1746 4881 idem

435 4960 540 5019 raonis
557 4980 855 5021 exstruentes-
871 4983 904 5021 ιι.
1539 4957 1578 5023 36
