4230 5956
368 483 415 558 sn
760 458 953 554 Procas
980 478 1073 550 ons
1099 440 1398 548 antiatinus.

366 623 493 733 quoad
524 621 641 714 licita,
674 620 741 699 sed
774 623 899 730 primo
935 620 1081 698 dixerat
1114 617 1153 694 in
1189 614 1363 725 generale
1399 613 1552 691 fratrem
1589 613 1796 720 quemdam

366 755 528 833 militem
548 753 810 860 Lotoringum,
837 752 944 861 cujus
965 778 1105 830 nomen
1131 748 1191 828 vel
1220 774 1431 855 cognomen
1450 745 1614 853 ignorat,
1641 746 1683 823 in
1705 776 1798 855 qua·
1847 821 1850 824 ,

366 888 455 965 dam
484 913 629 964 camera
654 886 796 962 domus·
814 882 964 988 Templi
996 883 1044 961 de
1074 880 1278 960 Moncourt
1305 876 1588 959 Cathalanensis
1615 877 1794 970 diocesis,
1856 881 1868 889 ’

365 1048 434 1124 per
453 1016 598 1095 dictum
621 1014 775 1094 fratrem
803 1017 958 1094 Petrum
981 1015 1029 1093 de
1055 1012 1251 1101 Torbona,
1275 1028 1365 1090 sunt
1379 1037 1471 1090 >xxvi
1491 1009 1580 1087 anni
1600 1008 1666 1093 vol
1678 1010 1794 1103 circa
1865 1036 1871 1044 ·

257 1186 260 1193 ·
366 1147 603 1256 presentibus
626 1148 728 1227 dicto
746 1147 860 1226 fratre
882 1149 1086 1254 Raynafflo
1112 1161 1152 1224 et
1173 1144 1255 1251 ipso
1274 1160 1384 1223 teste.
1411 1142 1519 1225 Vidit
1537 1143 1663 1223 eciam·
1678 1140 1796 1259 τῇ

366 1277 727 1359 fratremTerricum
742 1278 777 1357 le
793 1278 892 1357 Petit
906 1276 1168 1356 Laudunensis
1181 1275 1358 1365 diocesis,
1373 1290 1411 1352 et
1424 1273 1579 1352 fratrem
1591 1274 1747 1355 Petram
1757 1272 1795 1353 le
1824 1365 1826 1368 y

367 1414 521 1521 bergier
535 1413 583 1491 de
598 1411 841 1491 Viromandia
856 1411 1058 1490 servientes
1072 1409 1288 1517 quondam,
1306 1404 1421 1484 simul
1440 1407 1481 1483 in
1501 1404 1644 1512 capella
1657 1405 1796 1487 domas

367 1543 519 1649 Templi
534 1542 582 1620 de
596 1542 684 1622 Bois
698 1542 896 1619 Remsnsis
908 1540 1088 1630 diocesis,
1105 1568 1173 1645 per
1187 1537 1343 1616 fratrem
1357 1537 1583 1616 Therricum
1598 1536 1795 1644 quondam

366 1691 626 1782 preceptorem
642 1690 736 1752 tunc
749 1673 914 1752 baillivie
928 1674 977 1750 de
994 1671 1175 1761 Merlans‚
1192 1669 1432 1778 presentibus
1451 1667 1631 1746 fratribus
1642 1665 1794 1746 Albrico

366 1806 590 1914 agricultore
611 1824 650 1885 et
670 1805 837 1913 quodam
857 1805 932 1884 alio
951 1803 1125 1913 bergerio
1147 1803 1246 1881 dicte
1272 1802 1411 1880 domus
1429 1801 1497 1908 qui
1516 1800 1717 1879 vocabatur
1735 1801 1797 1878 Pe

364 1953 461 2029 trus,
487 1957 576 2038 sunt
602 1965 705 2016 xxnn
729 1938 819 2015 anni
838 1938 898 2015 vel
927 1937 1035 2015 circa.
1057 1934 1232 2013 Pluriom
1256 1932 1542 2042 recepcionibus
1568 1961 1646 2012 non
1660 1931 1796 2010 recolit

364 2095 404 2144 se
430 2068 668 2161 interfuisse,
697 2086 741 2146 ut
762 2068 866 2145 dixit.
892 2068 1109 2175 Requisitus
1140 2066 1274 2145 iterato
1292 2067 1322 2145 si
1351 2065 1472 2144 credit
1488 2064 1594 2173 qnod
1614 2063 1795 2169 inrecep

367 2197 539 2275 cionibus
572 2197 734 2276 aliorum
768 2198 827 2276 vel
858 2201 1117 2305 predictorum
1145 2199 1204 2277 vel
1238 2216 1325 2308 post
1354 2199 1640 2277 intervenerunt
1670 2197 1795 2304 aliqua

366 2327 511 2417 illicita,
540 2329 736 2437 respondit
754 2357 794 2408 se
813 2331 947 2437 pocius
978 2330 1131 2408 credere
1155 2332 1261 2438 quod
1280 2358 1357 2408 non
1376 2331 1661 2408 intervenerunt
1680 2333 1794 2435 quam

367 2460 619 2566 contrarium.
639 2461 756 2553 Item,
794 2460 889 2547 dixit
914 2461 1021 2570 quod
1050 2461 1149 2540 bene
1179 2462 1358 2541 credebat
1387 2460 1642 2540 ecelesiasticis
1673 2486 1793 2536 sacra-

369 2591 525 2681 mentis,
555 2609 595 2669 et
618 2592 737 2671 credit
761 2591 865 2700 quod
880 2592 943 2671 alii
964 2591 1096 2672 fratres
1120 2592 1264 2671 ordinis
1287 2593 1425 2672 eodem
1443 2593 1561 2672 modo
1578 2591 1791 2679 crederent

366 2738 404 2798 et
418 2723 523 2828 quod
547 2750 681 2802 eorum
700 2724 920 2802 sacerdotes
938 2723 1066 2802 debite
1091 2723 1335 2803 celebrarent.
1365 2725 1498 2804 Statim
1524 2751 1597 2832 pro
1619 2720 1794 2831 professis

364 2853 613 2933 habebantur.
638 2851 820 2933 Jnrabant
848 2856 1023 2933 ordinem
1048 2883 1127 2932 non
1152 2855 1264 2933 exire.
1290 2855 1532 2934 Clandestiue
1562 2851 1795 2962 recipieban-

365 3000 439 3074 tur,
465 2986 581 3065 nullis
601 2985 838 3093 presentibus
856 2987 928 3064 nisi
948 2986 1124 3065 fratribus
1155 2986 1311 3065 ordinis.
1339 2987 1518 3067 Cordnlis
1547 2984 1794 3095 cingebantur

366 3117 566 3223 assumptis
595 3116 702 3220 tunde
731 3115 908 3197 volebant
928 3147 1040 3226 supra
1062 3119 1234 3197 camisias⁴
1257 3148 1353 3196 cum.
1368 3119 1509 3226 quibus
1528 3117 1714 3228 jacebant.
1735 3119 1793 3194 In·

361 3244 593 3352 jungebatur
613 3247 667 3325 eis
682 3248 722 3325 in
737 3249 912 3355 gencrale
928 3251 1035 3358 qnod
1050 3279 1128 3328 non
1147 3250 1356 3329 revelarent
1370 3267 1513 3330 secreta
1526 3248 1790 3357 capitulorum,

366 3403 445 3455 non
468 3376 640 3456 faciendo
664 3378 864 3484 specialem
892 3381 1132 3459 mencionem
1156 3382 1203 3459 de
1228 3382 1345 3460 modo
1365 3380 1612 3490 recepcionis,
1637 3397 1676 3458 et
1699 3379 1794 3458 dice·

365 3507 477 3585 batur
496 3509 551 3586 eis
562 3510 665 3616 qnod
681 3510 711 3586 si
735 3510 956 3602 revelarent,
978 3513 1183 3620 perderent
1197 3513 1383 3591 habitum.
1400 3513 1658 3593 Eleemosinas
1672 3529 1711 3591 et
1724 3513 1793 3591 bo-

364 3639 611 3748 spitnlitatem.
620 3641 712 3719 vidit
731 3642 997 3720 convenienter
1014 3643 1096 3721 fieri
1115 3662 1156 3722 et
1173 3646 1307 3722 servari
1328 3646 1367 3721 in
1388 3646 1568 3725 domibus
1587 3645 1730 3724 ordinis
1751 3646 1791 3723 in

363 3768 504 3878 qrnbns
514 3769 659 3851 'exstitit
672 3791 944 3861 commoratus,
960 3791 999 3851 et
1012 3775 1251 3891 reservabant
1265 3776 1413 3855 bonnm
1433 3779 1561 3856 vinnm
1580 3807 1650 3885 pro
1665 3777 1792 3857 loren-

362 3901 479 3983 sibus.
503 3902 787 4011 Precipiebatur
811 3904 866 3982 eis
886 3906 990 4012 qood
1009 3907 1147 4018 debitis
1163 3909 1303 3999 modis,
1327 3912 1394 3988 sed
1415 3939 1495 3988 non
1514 3908 1709 3997 indebitis,
1732 3938 1792 3986 ac·

362 4036 557 4141 quirerent
592 4036 729 4114 ordini.
764 4036 951 4145 Capitolia
974 4016 1175 4147 singularia
1201 4040 1343 4147 quibus
1366 4041 1538 4120 interfuit
1557 4039 1651 4117 vidit
1668 4043 1789 4117 teneri
1824 4064 1837 4085 '

364 4166 411 4242 de
432 4166 511 4254 die,
529 4167 655 4275 januis
674 4158 827 4262 clausis,
849 4169 966 4250 nullis
980 4172 1218 4278 presentibus
1240 4173 1311 4249 nisi
1336 4173 1513 4253 fratribus
1537 4149 1701 4284 ordinis,
1724 4173 1790 4279 qui

362 4315 542 4376 servasset
574 4300 677 4405 quod
711 4331 869 4411 magnus
900 4303 1076 4411 Magister
1114 4334 1202 4383 cum
1239 4323 1424 4384 conventu
1449 4304 1648 4383 statuisset.
1683 4303 1791 4378 Nunc

293 4421 297 4444 ‘
360 4430 516 4534 grandia
540 4431 729 4522 scandala,
755 4433 917 4539 suspicio
943 4452 981 4513 et
1000 4435 1154 4514 infamia
1180 4454 1269 4515 sunt
1290 4452 1416 4516 exorta
1445 4455 1573 4515 contra
1595 4434 1787 4523 ordinem,

361 4560 410 4634 ad
429 4561 535 4669 cujus
554 4561 827 4671 deffensionem
850 4591 889 4639 se
915 4562 1104 4642 obtulerat
1125 4595 1200 4643 nna
1220 4597 1306 4645 cum
1323 4568 1421 4657 aliis,
1444 4585 1573 4645 contra
1591 4594 1707 4673 quem
1725 4592 1791 4640 au-

361 4688 455 4766 divit
472 4690 547 4766 dici
568 4721 748 4800 magnum
767 4694 988 4802 Magistrum
1006 4714 1044 4774 et
1059 4697 1152 4775 alios
1171 4699 1296 4806 aliqua
1312 4700 1501 4779 confessos
1516 4698 1648 4787 luisset
1668 4714 1706 4775 et
1719 4693 1791 4774 suit

360 4819 399 4894 in
433 4819 678 4928 deposicione
706 4852 775 4902 sua
806 4842 1034 4931 protestatus
1058 4830 1163 4936 quod
1189 4858 1268 4907 non
1304 4831 1536 4911 intendebat.
1556 4828 1735 4907 recedere
1771 4853 1792 4903 a
