4230 5956
435 448 512 523 rso
821 431 1018 526 rnocts
1043 450 1140 524 nus
1166 450 1468 525 Taurumue.

436 587 767 696 domibusTempli
778 590 956 679 Parisius,
966 593 1113 699 juratus
1123 590 1259 670 eodem
1266 592 1492 672 modo-dese
1502 592 1596 671 etde
1603 592 1697 687 eliis,
1707 597 1746 675 in
1764 599 1863 678 dicta

436 719 653 810 causafidei,
665 720 826 828 plenam,
839 750 972 829 puram
982 704 1208 831 etintegram
1218 722 1344 802 dicere
1352 723 1602 813 veritatem,·ct
1612 724 1862 837 interrogatus

435 851 707 958 detemporcet
719 851 1168 959 modorecepcionis'sue,
1181 853 1276 931 dixit
1290 881 1358 960 per
1366 855 1625 962 juramentum
1636 860 1863 966 suumquod

434 979 691 1088 luitreceptus
701 984 740 1059 in
756 983 922 1090 predicta
938 983 1052 1062 domo
1067 985 1243 1073 Parisius,
1262 984 1392 1091 viginti
1406 985 1516 1063 annis
1529 984 1589 1063 vel
1601 987 1859 1096 circaelapsis,

435 1134 511 1220 per
524 1112 678 1193 statrem
696 1115 904 1192 iohannem
926 1115 974 1193 de
1000 1116 1131 1193 Turno
1153 1115 1427 1194 thesaurarium
1446 1134 1537 1193 tunc
1555 1119 1740 1225 temporis
1764 1120 1863 1199 dicte

437 1243 589 1333 domus,
609 1244 842 1352 presentibus
860 1245 1030 1351 predicto
1048 1245 1162 1324 haue
1180 1245 1380 1324 liemrmdo
1391 1247 1441 1324 de
1454 1245 1641 1339 Larchent
1654 1264 1694 1326 et
1705 1249 1864 1356 quibus·

438 1373 526 1450 dem
544 1373 626 1451 aliis
640 1373 816 1454 fratribus
835 1377 953 1483 ipsius
971 1375 1134 1468 ordinis,
1156 1374 1204 1453 de
1218 1402 1379 1482 quorum
1395 1375 1616 1455 nominibus
1629 1405 1708 1455 non
1716 1380 1859 1458 recolit.

434 1505 482 1581 Et
504 1505 694 1583 consessus
712 1506 784 1584 luit
812 1535 881 1613 per
901 1508 1157 1615 juramentum
1183 1523 1222 1584 et
1242 1509 1458 1613 recognovit
1476 1507 1598 1614 quod,
1612 1529 1671 1585 ,eo
1690 1527 1858 1616 recepto,

433 1637 611 1713 mantello
640 1637 688 1713 ad
712 1637 848 1714 collum
874 1637 945 1716 sibi
963 1636 1116 1725 tradito,
1138 1651 1177 1714 et
1196 1637 1445 1744 promissione
1463 1637 1557 1722 facta
1583 1638 1631 1716 de
1649 1642 1797 1719 statutis
1818 1659 1855 1719 et

437 1769 588 1846 secretis
613 1766 755 1845 ordinis
779 1769 1032 1858 observandis,
1053 1769 1132 1874 ipse
1152 1767 1220 1874 qui
1240 1768 1421 1874 loquitur,
1443 1768 1493 1847 de
1515 1768 1692 1847 mandato
1712 1789 1751 1848 et
1768 1799 1856 1876 pre·

438 1917 545 2005 cepto
566 1898 656 1977 dieti
672 1900 901 2006 recipientis,
918 1899 1064 2006 negavit
1081 1898 1292 2008 Christum,
1314 1915 1352 1976 ct
1371 1900 1474 2006 spuit
1490 1927 1600 2006 supra
1619 1926 1770 1978 crucem
1786 1904 1860 1980 cla·

437 2029 549 2111 midis
566 2059 633 2109 sue
653 2031 785 2119 semel;
805 2030 949 2116 dicens,
970 2057 1039 2136 per
1056 2033 1314 2136 juramentum
1340 2054 1454 2107 suum
1477 2058 1592 2135 super
1609 2030 1684 2109 hoc
1709 2058 1731 2107 a
1755 2032 1855 2110 dicto

436 2162 589 2240 domiuo
610 2162 830 2266 inquisitore
854 2160 1071 2266 repetitum,
1096 2174 1134 2236 et
1152 2159 1290 2237 iterum
1307 2161 1507 2266 prestitum
1533 2159 1581 2259 ab
1607 2161 1690 2266 ipso
1714 2163 1855 2267 priore,

436 2291 594 2398 quodid
610 2289 714 2396 quod
727 2288 916 2367 consessus
933 2306 989 2365 eet
1002 2316 1131 2365 verum
1153 2305 1224 2378 est,
1247 2305 1285 2366 et
1299 2288 1404 2395 quod
1417 2289 1521 2369 aliud
1536 2268 1655 2397 quam*
1665 2292 1856 2370 veritatem

435 2425 486 2511 vi,
508 2420 567 2501 vel
587 2437 691 2498 metu
706 2420 880 2528 prisionis
899 2434 963 2496 aut
982 2420 1174 2515 tormenti,
1193 2446 1270 2497 non
1290 2418 1394 2497 dixit.
1809 2494 1812 2500 ,

492 2554 624 2630 Actum
652 2548 888 2657 presentibus
917 2548 1025 2626 dictis
1055 2547 1167 2627 fratre
1194 2548 1421 2658 Reginaldo,
1448 2550 1573 2655 priore
1601 2552 1650 2628 de
1678 2552 1853 2642 Pissiaco,

439 2681 642 2763 Guillelrno
658 2682 706 2759 dc
724 2683 925 2789 Hangesto,
948 2697 986 2759 et
1003 2679 1085 2759 aliis
1103 2680 1263 2762 testibus
1282 2680 1331 2758 ad
1349 2679 1577 2792 hocvocatis
1592 2700 1630 2760 et
1648 2685 1798 2791 rogatis.

490 2950 582 3026 Item
603 2978 714 3037 anno,
738 2948 943 3036 indicione,
965 2947 1204 3055 pontificatu,
1226 2975 1327 3025 anno
1346 2964 1385 3025 et
1403 2946 1467 3025 die
1483 2944 1673 3053 predictis,
1695 2947 1736 3023 in
1757 2947 1856 3024 dicta

436 3078 549 3154 domo
569 3078 717 3184 Templi
744 3079 922 3167 Parisius,
949 3078 1101 3156 indicti
1122 3078 1267 3156 domini
1291 3077 1538 3184 inquisitoris,
1558 3094 1729 3154 nostrum
1748 3095 1856 3153 nota·

434 3208 577 3283 riorum
593 3208 830 3312 publicorum
849 3226 887 3285 ct
900 3209 1053 3286 testium
1070 3206 1392 3314 infrascriptorunr
1406 3207 1597 3313 presencia
1615 3206 1857 3312 personaliter

436 3339 658 3414 constitutus
677 3336 790 3414 irater
809 3338 935 3416 Guido
954 3337 1169 3444 Delphinus
1192 3337 1301 3415 miles
1310 3364 1322 3428 ,·
1339 3339 1485 3444 juratus
1511 3337 1646 3416 eodem
1672 3337 1787 3415 modo
1807 3337 1854 3415 de

434 3495 474 3544 se
489 3486 527 3545 et
545 3468 593 3544 de
611 3468 694 3544 aliis
714 3487 751 3545 ct
771 3470 869 3546 dieta
883 3497 992 3545 causa
1010 3468 1099 3546 fidei
1121 3470 1289 3575 plenam,
1311 3497 1443 3575 puram
1465 3485 1503 3544 et
1526 3468 1708 3574 integram
1728 3468 1852 3544 dicere

433 3601 643 3687 ueritatem,
667 3616 705 3674 et
724 3599 970 3705 interrogatus
984 3598 1032 3676 de
1050 3618 1221 3706 tempore
1233 3600 1396 3677 etmodo
1410 3598 1640 3703 recepcionis
1659 3626 1743 3686 sue,
1764 3598 1855 3673 dixit

433 3759 502 3834 per
515 3733 772 3840 juramentum
792 3759 919 3819 suum,
936 3730 1041 3837 quod
1055 3748 1230 3838 receptus
1244 3729 1317 3807 suit
1336 3731 1376 3807 in
1395 3728 1530 3807 ordine
1545 3727 1714 3834 predicto
1729 3728 1768 3802 in
1784 3727 1853 3803 Ar-

433 3863 572 3951 vernia,
589 3864 628 3938 in
648 3861 808 3968 quadam
824 3863 938 3939 domo
961 3861 1050 3939 dicti
1071 3861 1212 3938 ordinis
1232 3878 1357 3941 vocata
1380 3860 1416 3936 la
1437 3861 1613 3946 Vausete,
1644 3857 1771 3961 viginti
1790 3883 1853 3931 sex

434 3994 540 4069 annis
560 3994 616 4069 vel
637 3994 733 4071 circa
753 3993 903 4100 elapsis,
922 4019 992 4098 per
1005 3991 1157 4069 fratrem
1176 3991 1408 4069 Franconcm
1428 3989 1478 4071 de,
1495 3988 1651 4076 Bomio,
1672 4014 1852 4063 unacum

435 4118 584 4200 duobus
604 4123 684 4199 aliis
701 4121 875 4201 fratribus
895 4121 1092 4229 capellanis
1109 4121 1175 4228 qui
1194 4120 1348 4198 fuerunt
1366 4119 1508 4226 recepti
1529 4144 1615 4194 eum
1641 4145 1687 4194 eo
1712 4145 1781 4224 per
1796 4115 1853 4196 ¹di-

434 4271 534 4333 ctum
551 4253 700 4335 fratrem
720 4256 961 4331 Franconem.
988 4253 1034 4329 Et
1060 4252 1250 4331 confessus
1274 4250 1345 4328 fuit
1370 4270 1407 4327 et
1425 4248 1639 4355 recognovit
1661 4275 1730 4354 per
1752 4248 1854 4354 jura-

433 4404 603 4465 mentum
620 4414 728 4462 suum
749 4386 870 4492 quod,
889 4412 935 4462 eo
954 4403 1121 4489 recepto,
1139 4382 1387 4490 promissione
1402 4381 1448 4458 ab
1461 4408 1508 4457 eo
1521 4378 1615 4456 lacta
1633 4377 1851 4464 destitutis,

433 4515 765 4597 consuetudinibus
787 4533 825 4592 et
847 4515 998 4591 secretis
1018 4512 1160 4591 ordinis
1179 4511 1435 4602 observandis,
1459 4527 1496 4588 et
1514 4507 1695 4586 mantello
1715 4507 1787 4584 sibi
1807 4507 1854 4583 ad

433 4645 572 4723 collum
593 4647 731 4752 posito,
759 4644 951 4752 predictus
969 4644 1154 4748 recipiens
1178 4644 1282 4720 duxit
1310 4670 1398 4720 eum
1426 4641 1475 4718 ad
1501 4640 1705 4747 quemdam
1728 4637 1852 4715 locum

433 4773 654 4863 obscurum,
671 4794 725 4864 ct,
739 4793 886 4854 ostensa
905 4773 976 4851 sibi
1002 4802 1128 4861 cruce,
1150 4773 1405 4878 precepitsibi
1422 4772 1528 4878 quod
1545 4771 1744 4875 abnegaret
1754 4794 1850 4872 pro·
