4230 5956
685 480 880 567 Pnoctts
911 494 1007 566 DES
1038 493 1339 569 TEMPLIERS.
1646 504 1719 575 227

306 637 398 712 lavet
418 634 514 710 hauc
543 659 649 709 suam
671 632 968 738 deposicionem,
992 657 1190 741 quousque
1212 637 1472 715 attestaciones
1492 638 1633 718 fuerint
1653 667 1722 748 pu-

305 765 462 855 blicate;
478 781 516 841 et
525 762 761 870 intelligebat
773 763 958 842 Latinum.

361 897 490 989 Frater
520 893 706 971 Jordanus
737 894 852 972 Pauta
885 893 1063 984 serviens,
1098 895 1375 974 Lemovicensis
1414 896 1589 989 diocesis,
1616 901 1723 978 testis

306 1053 418 1132 supra
432 1025 595 1133 juratus,
617 1037 701 1101 ιιι·
720 1053 907 1103 annorum
921 1024 978 1101 vel
993 1025 1105 1113 circa,
1129 1024 1285 1103 barbam
1307 1027 1374 1103 sed
1395 1056 1472 1104 non
1486 1029 1721 1107 'mantellum

307 1155 510 1244 defferens,
532 1154 621 1260 quia
644 1154 768 1260 ipsum
801 1141 993 1234 dimiserat
1021 1171 1202 1234 vetustate
1230 1175 1512 1264 consumptum,
1537 1188 1623 1236 curn
1644 1187 1722 1266 quo

307 1285 529 1393 inquisitum
554 1284 696 1377 fuerat,
713 1285 909 1363 absolutus
933 1303 971 1363 et
991 1286 1255 1364 reconciliatus
1275 1316 1342 1393 per
1365 1289 1564 1366 dominum
1584 1291 1722 1367 Lemo-

305 1416 491 1495 vicensem
514 1414 751 1521 episcopum,
773 1415 880 1494 lectis
902 1433 942 1493 et
965 1416 1166 1523 diligenter
1190 1417 1365 1523 expositis
1389 1419 1461 1497 sibi
1484 1419 1661 1496 omnibus
1685 1434 1724 1497 e't

306 1545 464 1653 singulis
489 1544 674 1635 articulis,
706 1546 902 1651 respondit
924 1547 1029 1652 quod
1055 1547 1204 1624 nullum
1231 1547 1348 1625 alium
1376 1547 1519 1625 viderat
1542 1549 1656 1655 recipi
1681 1550 1721 1625 in

306 1675 454 1763 ordine,
484 1701 554 1752 nec
587 1675 807 1753 interfuerat
835 1677 1008 1782 capitulis
1036 1705 1187 1766 eorum,
1214 1679 1318 1755 unde
1344 1677 1533 1756 nesciebat
1560 1677 1723 1785 qualiter

305 1806 367 1883 alii
387 1804 664 1910 recipiebantur
683 1805 722 1881 in
741 1807 884 1884 ordine.
912 1806 1101 1886 Credebat
1121 1824 1248 1884 tumen
1272 1807 1377 1913 quod
1396 1806 1653 1911 reciperentur
1674 1807 1723 1882 si·

306 1952 369 2013 cut
402 1935 482 2040 ipse
514 1935 586 2011 fuit
619 1950 811 2041 receptus,
840 1937 936 2012 circa
965 1937 1107 2013 instans
1133 1936 1272 2013 festum
1302 1935 1583 2040 Assumpcionis
1611 1935 1721 2012 beate

307 2065 423 2143 Maris
438 2081 548 2142 erunt
565 2090 588 2142 v
608 2065 711 2150 anni,
736 2065 776 2141 in
797 2064 937 2169 capella
961 2065 1099 2142 domus
1122 2064 1271 2169 Templi
1298 2067 1344 2141 de
1374 2063 1561 2141 Paulbaco
1592 2066 1724 2142 Lemo

234 2205 242 2216 '
306 2194 461 2272 vicensis
487 2193 661 2278 diocesis,
692 2222 761 2298 per
783 2194 936 2272 fratrem
956 2194 1209 2272 Humbertum
1241 2197 1288 2272 de
1316 2196 1536 2274 Conborino
1561 2194 1723 2273 militem

189 2332 191 2336 '
305 2326 517 2432 quondam,
541 2325 778 2430 presentibus
801 2325 980 2404 fratribus
998 2326 1102 2403 Helia
1132 2326 1335 2434 Aymerici,
1358 2329 1513 2404 detento
1541 2328 1580 2403 in
1605 2327 1724 2404 Picta·

303 2457 376 2547 via,
403 2455 568 2534 Roberto
595 2454 793 2535 Guillelmi
824 2472 1044 2561 preceptore
1074 2457 1121 2533 de
1152 2457 1271 2535 Podio
1301 2458 1466 2548 Bonino,
1497 2458 1666 2536 detento·
1683 2459 1722 2533 in

307 2586 578 2676 Lemovieinio,
598 2584 869 2677 servientibus,
889 2602 927 2664 et
945 2585 1151 2665 Guillelmo
1179 2587 1226 2664 de
1251 2569 1423 2695 Preyssac
1453 2587 1571 2664 milite
1598 2614 1723 2694 quon·

306 2681 404 2792 dam.
422 2716 545 2823 Aquo
559 2734 752 2821 receptore
771 2716 885 2822 peciit
899 2701 1037 2823 panem
1053 2735 1092 2793 et
1110 2745 1246 2823 aquam
1265 2735 1303 2794 et
1317 2718 1534 2794 societatem
1555 2717 1720 2803 ordinis,

306 2846 446 2952 quibus
470 2845 541 2923 sibi
570 2847 769 2933 concessis,
798 2846 886 2924 fecit
908 2875 995 2924 enm
1015 2874 1146 2923 vovere
1172 2864 1210 2923 et
1228 2847 1356 2952 jurare
1382 2846 1604 2933 castitatem,
1631 2845 1721 2924 obe·

308 2974 511 3063 dienciam,
536 2977 657 3068 vivere
679 2977 760 3053 sine
781 2976 953 3082 proprio,
976 3003 1120 3053 servare
1149 2976 1272 3053 bonos
1300 3004 1390 3052 usus
1421 2992 1460 3052 et
1484 2974 1603 3053 bonas
1634 3002 1725 3052 con·

301 3104 526 3199 ,suetudines
546 3106 709 3194 ordinis,
734 3134 811 3183 non
838 3105 1001 3183 revelare
1027 3123 1167 3183 secreta
1189 3105 1472 3212 capituliornm,
1495 3122 1534 3182 et
1551 3133 1621 3210 pro
1648 3104 1722 3182 alio

306 3234 438 3313 ordine
468 3263 548 3313 non
582 3235 781 3315 dimittere·
804 3235 979 3313 ordinem
1013 3235 1286 3342 supradictum,
1324 3253 1361 3313 et
1396 3235 1503 3342 quod
1528 3252 1624 3312 esset
1647 3262 1724 3311 seo

306 3394 373 3443 vus
393 3382 431 3442 et
449 3365 613 3444 esclavus
632 3367 792 3457 ordiuis;
816 3385 852 3444 et
872 3367 1048 3473 imposito
1076 3367 1147 3444 sibi
1168 3365 1364 3452 mantello,
1389 3367 1468 3472 ipse
1492 3384 1663 3472 receptor
1685 3382 1725 3444 et

306 3513 466 3574 astantes
489 3495 645 3575 fuerunt
659 3499 815 3577 osculati
840 3499 879 3575 in
892 3526 974 3589 ore,
992 3515 1031 3574 et
1050 3499 1172 3575 dictus
1183 3499 1289 3575 testis
1308 3497 1381 3574 fuit
1396 3498 1513 3574 eciam
1534 3497 1722 3574 osculatus

306 3625 429 3731 ipsum
451 3645 684 3734 receptorem
706 3631 745 3705 in
761 3632 939 3718 humero,
962 3659 1005 3705 ex
1025 3647 1127 3733 parte
1143 3629 1336 3719 anteriori,
1354 3657 1468 3734 super
1485 3644 1612 3703 vestes.
1635 3625 1723 3702 Post

307 3785 381 3863 que
404 3760 572 3864 precepit
591 3759 626 3835 ei
655 3761 693 3836 in
719 3759 911 3866 presencia
931 3759 1090 3839 aliorum
1113 3759 1217 3864 quod
1239 3760 1443 3864 abnegaret
1462 3774 1520 3833 ter
1549 3756 1720 3844 Jbesum,

308 3889 443 3994 etipse
473 3890 580 3966 testis
605 3888 800 3998 abnegavit
822 3908 881 3967 ter
907 3890 1079 3980 Jbesum,
1107 3888 1196 3995 quin
1224 3886 1346 3965 dictus
1375 3903 1547 3990 receptor
1573 3882 1721 3974 dixit-ei

307 4019 412 4122 quod
450 4046 540 4097 eum
576 4021 748 4098 similiter
782 4022 844 4098 alii
871 4020 1002 4099 fratres
1030 4018 1174 4096 ordinis
1202 4018 1457 4123 abnegabant3
1477 4031 1513 4090 et
1534 4015 1605 4091 boc
1630 4013 1723 4091 dixit

308 4172 347 4222 se
362 4145 492 4226 iecisse
507 4177 591 4239 ore,
608 4178 684 4228 non
707 4152 839 4241 corde,
861 4123 1023 4257 ecquod
1042 4149 1113 4226 alia
1133 4147 1261 4225 illicita
1278 4174 1357 4223 non
1383 4147 1665 4223 intervenerunt
1682 4144 1722 4221 in

309 4275 407 4353 dicta
422 4305 488 4354 sua
508 4280 728 4385 recepcione
756 4310 826 4358 nec
849 4297 949 4386 post,
966 4307 1037 4356 nec
1060 4277 1181 4354 credit
1199 4276 1592 4381 quodintervenirent
1606 4275 1646 4351 in
1664 4301 1723 4350 re-

307 4405 549 4514 ceptionibus
567 4408 796 4487 aliorumvel
813 4425 906 4515 post.
925 4409 1036 4498 Item,
1055 4406 1147 4483 dixit
1166 4405 1272 4513 quod
1291 4407 1331 4484 in
1351 4407 1413 4485 die
1424 4406 1581 4486 Veneris
1599 4418 1723 4481 sancta

307 4537 440 4615 devote
459 4555 498 4616 et.
522 4555 735 4617 reverenter
755 4537 960 4618 adorabant
982 4564 1153 4626 crucem,
1180 4553 1220 4614 et
1244 4538 1350 4644 quod
1369 4538 1448 4643 ipse
1472 4537 1569 4615 bene
1595 4533 1725 4612 crede·

308 4667 373 4747 bat
401 4668 658 4749 ecclesiasticis
683 4669 940 4761 sacramentis,
971 4685 1009 4746 et
1036 4667 1156 4746 credit
1183 4667 1288 4774 quod
1319 4667 1382 4744 alii
1413 4665 1543 4745 fratres
1577 4663 1722 4742 ordinis

308 4800 444 4879 eodem
465 4801 581 4880 modo
600 4800 813 4892 crederent,
836 4815 875 4877 et
893 4799 998 4909 quod
1024 4828 1157 4879 eorum
1178 4799 1388 4877 sacerdotes
1408 4797 1534 4875 debite
1558 4793 1724 4874 celebra·

1528 4954 1576 5015 29.
