4230 5956
360 457 433 530 res
744 434 939 527 110011
963 452 1059 525 urs
1084 450 1385 524 1111111111.

413 596 471 672 Ad
486 594 713 674 1111-11111
733 594 907 673 articulos
927 591 1120 680 inclusive,
1143 591 1340 697 diligenter
1359 610 1397 668 et
1416 589 1604 695 sigillatim
1620 590 1786 667 interro-

356 743 479 833 gatus,
500 725 646 833 negavit
671 725 771 831 ipsos
790 722 965 802 articulos
991 739 1028 800 01
1057 723 1184 799 omnia
1215 738 1254 798 et
1277 720 1420 828 singula
1446 736 1621 797 contenta
1646 721 1686 795 in
1714 722 1783 797 eis.

357 854 566 934 Confitetur
582 872 707 931 tamen
725 854 830 961 quod
844 854 997 959 quando
1013 851 1144 929 fratres
1159 852 1392 956 recipiuntur
1405 849 1453 927 ad
1469 850 1641 926 ordinem
1660 851 1787 956 predi·

357 1001 469 1074 ctum,
487 985 693 1091 injungitur
708 985 761 1061 eis
776 985 881 1089 quod
893 1000 1047 1088 portent
1060 980 1250 1088 cingulum
1270 982 1346 1058 sive
1366 981 1560 1059 cordulam
1573 979 1712 1058 lineam
1727 983 1786 1060 vel

359 1115 406 1191 de
421 1115 505 1191 lana
518 1116 558 1191 in
572 1115 720 1220 signum
740 1114 950 1191 castitatisa
967 1141 1007 1189 se
1025 1113 1208 1218 promisse
1223 1140 1371 1218 semper
1384 1111 1577 1202 babendo,
1599 1130 1639 1190 et
1660 1113 1787 1191 nnlla-

356 1262 467 1322 tenus
483 1243 701 1323 deserende.
721 1244 822 1321 Dixit
834 1262 962 1321 tamen
975 1244 1180 1351 quodcum
1196 1243 1305 1320 dictis
1320 1240 1485 1320 cordulis
1497 1271 1569 1319 nec
1582 1246 1703 1350 capita
1714 1273 1788 1321 nec

356 1374 466 1480 ydola
481 1375 683 1481 cinguntur
697 1403 768 1451 100
780 1391 994 1481 tanguntur,
1007 1401 1078 1451 nec
1092 1374 1145 1451 eis
1159 1374 1366 1479 precipitur
1383 1373 1434 1449 ita
1445 1373 1545 1480 tangi
1559 1373 1618 1451 101
1631 1375 1731 1481 cingi
1742 1393 1803 1452 11.

358 1504 397 1579 11
416 1504 571 1582 articulo
591 1506 816 1582 continetur.

413 1636 506 1712 ltem
536 1636 627 1713 dixit
655 1636 702 1713 de
732 1664 837 1714 more
866 1666 945 1715 esse
971 1653 1010 1714 et
1031 1653 1169 1715 statuto
1192 1637 1308 1743 ipsius
1330 1634 1489 1724 ordinis,
1508 1653 1554 1713 ut
1570 1635 1703 1713 1111101
1721 1665 1788 1715 no

357 1767 449 1843 viter
470 1767 608 1873 recepti
636 1766 798 1845 debeant
811 1768 937 1873 jurare
958 1784 996 1843 et
1010 1768 1140 1874 jurant
1158 1784 1291 1844 statuta
1313 1785 1351 1843 et
1373 1766 1494 1844 bonos
1517 1794 1642 1845 mores
1665 1769 1788 1875 ipsius

358 1897 503 1974 ordinis
515 1898 720 1988 custodire,
743 1898 933 2006 interque
953 1916 1057 1986 sunt,
1079 1914 1123 1975 11
1142 1926 1272 2004 eaque
1284 1913 1444 2004 aguntur
1461 1914 1499 1975 et
1517 1895 1615 1974 fiunt
1633 1899 1674 1975 in
1690 1900 1787 2005 capi-

357 2025 445 2105 tulis
460 2028 578 2133 ipsius
594 2027 735 2105 ordinis
754 2027 869 2106 nullis
887 2026 967 2104 aliis
985 2025 1198 2105 revelentur
1218 2027 1334 2104 eciam
1357 2028 1475 2133 ipsius
1493 2027 1638 2105 ordinis
1654 2028 1788 2106 iratri-

356 2155 446 2247 bus,
468 2159 540 2234 nisi
556 2157 629 2235 illis
649 2158 822 2235 duntaxat
839 2159 903 2264 qui
924 2159 962 2234 in
978 2157 1067 2265 ipsis
1086 2158 1255 2265 capitulis
1272 2157 1472 2247 affuenmt,
1496 2174 1535 2235 et
1550 2158 1582 2234 si
1593 2187 1615 2235 a
1627 2187 1786 2267 quoque

359 2288 584 2365 contrarium
598 2306 780 2393 ageretur,
799 2289 986 2366 convictus
1000 2289 1058 2366 101
1074 2288 1262 2367 confessus
1283 2288 1543 2366 excluderetur
1554 2287 1720 2367 totaliter
1734 2291 1786 2367 ab

358 2415 490 2492 ordine
510 2415 740 2523 supradicto,
762 2435 799 2495 01
817 2435 959 2496 careret
973 2419 1077 2496 omni
1097 2419 1178 2525 ejus
1198 2417 1358 2497 comodo
1379 2436 1418 2495 et
1436 2419 1593 2496 honore.

413 2544 471 2623 Ad
488 2545 589 2624 1111111
608 2545 804 2624 articulum
826 2547 1021 2655 diligenter
1048 2549 1313 2654 interrogatus,
1345 2547 1439 2625 dixit
1464 2566 1502 2625 01
1524 2549 1721 2656 respondit
1746 2569 1785 2628 et

357 2676 545 2755 coufessus
565 2677 737 2784 estquod
756 2677 889 2756 fratres
907 2678 997 2756 dicti
1018 2678 1160 2757 ordinis
1179 2679 1335 2756 licenter
1350 2696 1507 2786 possunt
1527 2678 1600 2757 sibi
1619 2680 1669 2757 de
1687 2709 1786 2788 qua-

356 2807 449 2886 libet
463 2808 643 2916 religione
654 2808 856 2915 approbata
865 2808 1002 2916 eligere
1020 2809 1249 2887 consessores
1263 2836 1350 2886 suos
1370 2838 1465 2917 quos
1480 2810 1624 2898 volunt,
1641 2811 1786 2919 quibus

358 2956 515 3045 possunt
542 2968 607 3017 sua
634 2941 802 3018 confiteri
831 2957 979 3045 peccata
1001 2938 1033 3017 si
1060 2958 1145 3017 sunt
1168 2938 1381 3046 presbiteri,
1408 2957 1447 3018 et
1468 2940 1514 3019 ab
1539 2941 1592 3018 011
1612 2943 1784 3049 1001ρο10

358 3069 587 3170 penitenciae
601 3069 792 3160 salutares3
815 3088 852 3147 et
865 3071 938 3147 hoc
957 3071 1058 3149 idem
1077 3071 1131 3148 eis
1149 3070 1237 3148 licet
1257 3069 1378 3148 facere
1398 3071 1445 3148 de
1465 3071 1656 3149 sacerdote
1676 3102 1785 3151 secu-

355 3194 443 3282 lari,
467 3196 558 3272 dum
572 3213 696 3272 tamen
717 3228 736 3273 a
757 3227 824 3274 suo
844 3199 985 3305 prelato
1006 3199 1076 3276 sibi
1097 3201 1145 3277 sit
1165 3199 1249 3279 data
1271 3200 1426 3279 licencia
1440 3199 1694 3281 consessiones
1717 3233 1785 3281 au·

356 3322 449 3399 dire.
469 3322 625 3401 Addidit
641 3343 764 3401 tamen
783 3328 886 3432 quod
905 3344 994 3403 tunc
1014 3329 1165 3405 demum
1191 3359 1256 3406 sua
1281 3331 1504 3408 confitentur
1521 3350 1672 3438 peccata
1698 3333 1784 3412 aliis

358 3470 456 3529 extra
470 3452 628 3531 domum
637 3456 795 3561 Templi,
804 3456 955 3562 quando
969 3485 1045 3534 non
1058 3459 1197 3535 habent
1209 3458 1422 3539 facultatem
1433 3462 1550 3568 ipsius
1559 3463 1704 3541 ordinis
1713 3462 1784 3541 lra-

356 3601 451 3659 trem
471 3584 702 3691 capellanum
723 3603 760 3661 01
781 3587 1032 3691 presbiterum
1054 3589 1216 3666 adeundi
1238 3619 1306 3697 pro
1327 3592 1405 3669 suis
1421 3592 1640 3669 criminibus
1661 3593 1782 3671 conli-

356 3715 477 3791 tondis
498 3716 632 3794 eidem.
1488 3802 1493 3810 ,

411 3845 470 3923 Ad
488 3846 723 3927 lxxv—lxxxi
745 3851 917 3928 articulos
937 3852 1129 3943 inclusive,
1150 3854 1349 3961 diligenter
1364 3874 1400 3932 01
1415 3856 1603 3963 sigillatim
1619 3858 1783 3936 interro-

355 3993 476 4080 gatus,
497 3980 726 4083 respondens
748 3981 839 4058 dixit
858 3983 961 4088 quod
977 3981 1105 4060 fratres
1125 3985 1282 4089 predicti
1304 3986 1447 4063 ordinis
1466 4014 1544 4064 non
1564 3985 1719 4064 fuerunt
1741 3990 1780 4064 in

356 4105 583 4214 negligencia
603 4111 812 4216 corrigendi
833 4141 902 4188 nec
921 4130 1044 4189 sancte
1060 4113 1129 4190 Dei
1145 4115 1307 4192 Ecclesie
1323 4117 1544 4206 nunciandi,
1561 4118 1692 4195 neceb
1709 4119 1780 4196 ob·

356 4238 540 4313 servancia
563 4238 746 4317 dictorum
774 4272 944 4319 errorum
968 4272 1045 4320 non
1066 4244 1307 4333 destiterunt,
1331 4247 1418 4323 ideo
1440 4249 1525 4353 quia
1552 4248 1591 4323 in
1612 4248 1692 4352 ipso
1715 4277 1780 4326 or·

356 4367 442 4443 dine
472 4397 548 4445 101
578 4369 747 4461 1101111,
769 4372 904 4448 necde
933 4374 986 4449 eis
1010 4373 1066 4451 vel
1093 4403 1224 4453 eorum
1253 4376 1377 4483 aliquo
1407 4406 1572 4484 unquam
1600 4379 1640 4452 in
1674 4378 1779 4457 dicto

355 4496 485 4574 ordine
504 4501 644 4575 mentio
666 4499 789 4607 aliqua
808 4501 879 4577 luit
898 4501 1005 4593 lacta,
1025 4534 1142 4611 usque
1163 4508 1211 4584 ad
1229 4525 1377 4614 tempus
1397 4509 1577 4615 captionis
1597 4525 1634 4585 01
1653 4509 1782 4587 deten-

354 4626 466 4704 tionis
487 4659 629 4708 eorum.
651 4631 806 4738 Reliqua
833 4634 956 4710 omnia
983 4653 1019 4711 et
1045 4636 1189 4742 singula
1214 4655 1386 4715 contenta
1414 4639 1453 4714 in
1479 4639 1586 4716 dictis
1612 4640 1781 4718 articulis

354 4758 498 4861 negavit
517 4788 585 4836 nec
605 4761 762 4838 credidit
782 4791 860 4840 esse
882 4792 976 4840 vera.
