4230 5956
991 270 1013 349 ag

422 468 497 549 rte
753 388 1003 543 *edoces
1031 466 1126 540 uus
1153 462 1449 537 renarrans,

418 610 697 721 capituliorum,
718 607 833 686 laicus
848 609 1045 714 presidens
1060 605 1209 683 dicebat
1222 603 1400 681 iratribus
1418 603 1489 679 hoc
1505 601 1644 678 modo:
1668 601 1751 677 «De
1769 600 1842 677 hiis

418 874 571 962 domus,
594 871 701 948 laciat
722 872 828 948 vobis
843 873 945 947 Deus
969 869 1083 947 talem
1104 866 1380 972 indulgenciam
1406 864 1557 971 qualern
1580 863 1668 940 lecit
1694 863 1845 970 Magda-

417 1004 502 1080 leue
521 1004 567 1080 de
589 1003 747 1108 peccatis
763 1003 856 1090 suis,
872 1019 909 1078 et
926 1017 1053 1107 rogate
1068 1000 1192 1075 Deum
1213 997 1317 1104 quod
1331 996 1524 1102 indulgeat
1535 994 1642 1073 vobis
1662 1011 1699 1071 et
1713 994 1841 1071 nobis,

419 1150 456 1211 et
470 1161 539 1211 nos
559 1134 674 1209 eciam
696 1162 870 1239 rogamus
892 1132 996 1239 quod
1018 1129 1211 1235 indulgeat
1231 1129 1333 1206 vobis
1354 1146 1391 1204 et
1411 1127 1531 1204 nobis.
1550 1164 1562 1193 ι
1578 1125 1794 1234 Requisitus
1814 1126 1844 1202 si

418 1292 485 1368 per
495 1262 609 1340 talem
629 1262 910 1340 absolucionem
927 1259 1128 1338 credebant
1143 1287 1222 1336 esse
1238 1257 1401 1335 absoluti
1417 1286 1437 1334 a
1453 1257 1632 1363 peccatis,
1650 1257 1844 1362 respondit

419 1393 525 1498 quod
542 1394 621 1497 ipse
638 1420 712 1469 non
731 1392 924 1479 credebat,
947 1419 1016 1466 nec
1032 1389 1151 1465 credit
1171 1388 1274 1494 quod
1295 1388 1356 1464 alii
1377 1387 1575 1463 crederent
1594 1387 1665 1465 nisi
1686 1386 1844 1464 consite-

420 1541 550 1600 rentur
571 1521 837 1598 sacerdotibus.
856 1521 1026 1598 Predicta
1041 1536 1167 1595 autem
1185 1518 1326 1595 audivit
1340 1519 1376 1592 in
1393 1518 1567 1624 capitulis
1581 1546 1656 1625 que
1668 1515 1844 1594 teneban-

420 1670 482 1728 tur
505 1652 602 1728 ultra
625 1679 726 1727 mare
749 1680 817 1756 per
841 1651 983 1727 dictum
1006 1648 1156 1724 lratrem
1183 1647 1413 1725 Ademarum
1441 1648 1489 1724 de
1514 1649 1714 1756 Peyrucaa,
1742 1665 1779 1725 et
1803 1649 1841 1723 in

420 1780 606 1869 Alvernia,
636 1782 674 1857 in
696 1780 866 1886 capitulis
890 1809 964 1887 que
989 1778 1214 1855 tenebantur
1234 1807 1301 1883 per
1320 1778 1461 1855 dictum
1483 1777 1634 1855 fratrem
1655 1778 1842 1856 Humber-

419 1928 499 1987 tum
524 1911 676 1988 Blaucti.
704 1911 836 1988 Statim
862 1938 931 2016 pro
951 1908 1127 2014 professis
1151 1908 1398 1985 habebantur.
1421 1908 1527 1987 Clam
1551 1907 1837 2013 recipiebantur,

419 2041 534 2119 nullis
554 2041 791 2149 presentibus
810 2042 882 2117 nisi
907 2039 1084 2116 fratribus
1112 2038 1272 2125 ordinis,
1293 2067 1336 2115 ex
1367 2069 1443 2143 quo
1463 2040 1590 2132 credit
1613 2039 1717 2146 quod
1744 2057 1842 2116 esset

420 2173 580 2274 suspicio
601 2171 696 2247 mala
717 2189 844 2247 contra
867 2199 943 2248 eos.
968 2168 1143 2247 Cordulis
1165 2168 1408 2277 cingebantur
1427 2197 1540 2276 super
1562 2171 1730 2246 camisias
1754 2198 1840 2245 curn

421 2299 559 2404 quibus
573 2299 764 2405 jacebant;
783 2301 900 2375 nescit
919 2318 1043 2375 tamen
1060 2327 1129 2375 nec
1144 2299 1263 2375 credit
1281 2299 1384 2405 quod
1403 2317 1600 2407 tangerent
1616 2301 1733 2405 capita
1750 2301 1841 2405 ydo-

421 2427 558 2504 lorum.
578 2428 653 2519 Qui
669 2426 895 2504 revelassent
916 2444 1056 2504 secreta
1079 2428 1341 2534 capituliorum
1361 2430 1484 2536 puniti
1501 2430 1673 2525 luissent,
1693 2430 1759 2507 sed
1776 2459 1840 2506 ne-

421 2559 489 2638 scit
501 2557 674 2663 qualiter.
695 2559 841 2634 Fratres
860 2557 1020 2634 scientes
1039 2586 1186 2635 errores
1207 2559 1440 2667 negligentes
1464 2559 1639 2649 fuerunt,
1661 2560 1839 2666 quianon

420 2706 661 2766 correxerunt
683 2705 720 2764 et
738 2716 815 2765 non
836 2689 1155 2766 denunciaverunt
1173 2689 1349 2767 Ecclesia.
1371 2690 1602 2768 Elemosinas
1621 2708 1658 2768 et
1677 2691 1840 2795 hospita-

421 2818 561 2896 litatem
582 2818 674 2895 vidit
693 2820 958 2907 convenienter
987 2818 1068 2895 fieri
1091 2837 1128 2895 et
1155 2820 1306 2910 servari,
1329 2819 1427 2897 ultra
1459 2849 1561 2897 mare
1590 2838 1629 2897 et
1654 2838 1772 2908 extra,
1803 2822 1841 2895 in
1927 2885 1930 2890 .

356 3056 360 3063 Ι
422 2949 599 3047 domibus
622 2949 765 3026 ordinis
785 2950 823 3025 in
844 2949 983 3056 quibus
1002 2949 1074 3025 luit
1096 2967 1360 3028 commoratus.
1376 2952 1479 3030 Vidit
1496 2953 1598 3058 quod
1620 2951 1716 3028 clam
1735 2969 1841 3027 tene·

421 3078 559 3153 bantur
578 3077 769 3182 capitulia,
786 3080 911 3185 januis
930 3078 1082 3171 clausis,
1101 3098 1137 3158 et
1156 3080 1423 3185 providebatur
1436 3081 1541 3189 quod
1555 3107 1631 3158 nou
1647 3080 1840 3157 audiretur

422 3207 585 3283 exterius
603 3207 709 3312 quod
724 3208 881 3284 interius
901 3208 1088 3314 agebatur.
1112 3211 1260 3288 Servata
1279 3210 1440 3288 luissent
1471 3212 1510 3286 iu
1536 3210 1669 3288 ordine
1693 3240 1735 3289 ea
1767 3239 1841 3316 que

422 3363 578 3441 magnus
590 3338 765 3443 Magister
784 3367 869 3415 cum
891 3357 1075 3417 conventu
1095 3371 1164 3420 suo
1186 3344 1372 3420 statuisset
1386 3360 1423 3419 et
1443 3343 1663 3420 ordinasset.
1679 3342 1841 3421 Grandia

422 3465 605 3554 scandala,
628 3469 788 3573 suspicio
811 3486 847 3545 et
867 3468 1016 3546 infamia
1038 3489 1191 3578 propter
1209 3474 1375 3578 predicta
1403 3491 1530 3550 contra
1555 3473 1730 3550 ordinem
1756 3491 1842 3550 sunt

423 3611 559 3673 exorta.
581 3596 711 3673 lllicita
733 3598 936 3677 consessata
956 3629 1023 3706 per
1044 3630 1130 3679 eum
1152 3603 1272 3679 credit
1290 3603 1396 3708 quod
1416 3620 1541 3679 essent
1562 3620 1649 3679 nota
1669 3601 1843 3680 fratribus

423 3725 580 3816 ordinis,
603 3748 730 3806 contra
750 3760 864 3837 quern
883 3733 1025 3809 audivit
1045 3734 1117 3809 dici
1139 3762 1318 3840 magnum
1349 3735 1570 3842 Magistrum
1598 3751 1636 3810 et
1662 3733 1755 3810 alios
1779 3732 1843 3809 ali-

422 3884 516 3960 quos
537 3886 700 3948 errores,
724 3864 840 3938 nescit
859 3881 986 3939 tamen
1006 3892 1119 3970 quos,
1139 3864 1252 3941 luisse
1274 3863 1472 3941 confessos.

478 3990 691 4095 Requisitus
710 3992 739 4068 si
762 3994 814 4068 sic
831 3994 1057 4100 deposuerat
1066 4024 1191 4099 prece,
1207 4012 1395 4101 precepto,
1414 3995 1567 4084 timore,
1585 4022 1722 4081 amore,
1739 3996 1840 4082 odio,

424 4115 480 4190 vel
499 4121 697 4223 temporali
719 4124 879 4201 comodo
902 4126 1030 4209 habito
1048 4126 1106 4202 vel
1127 4125 1315 4216 habendo,
1334 4127 1531 4231 respondit
1546 4126 1650 4232 quod
1666 4152 1760 4212 nou,
1778 4124 1845 4201 sed

424 4274 492 4351 pro
517 4249 668 4327 veritate
694 4253 868 4342 dicenda3
895 4257 953 4332 cui
980 4256 1051 4333 luit
1076 4257 1285 4363 injunctum
1312 4256 1416 4361 quod
1442 4283 1519 4333 non
1544 4255 1725 4333 revelaret
1752 4254 1846 4331 hanc

423 4407 528 4455 suam
544 4380 843 4485 deposicionern,
866 4413 1063 4491 quousque
1079 4386 1338 4463 attestaciones
1356 4385 1496 4462 suerint
1508 4385 1755 4490 publicate3et
1769 4411 1845 4460 non

424 4510 611 4588 obtulerat
625 4541 664 4588 se
680 4515 724 4588 ad
748 4513 1018 4590 deffensionem
1038 4515 1180 4592 ordinis
1200 4515 1413 4622 supradicti.

458 4845 461 4849 ,
479 4770 606 4846 Frater
621 4774 801 4878 Rogerius
821 4774 868 4849 de
890 4777 994 4879 Rupe
1020 4776 1198 4863 serviens,
1216 4778 1458 4854 Bituricensis
1480 4779 1651 4867 diocesis,
1668 4776 1773 4853 testis
1789 4804 1845 4852 su-
