4230 5956
618 463 814 554 exuens
839 482 935 554 nus
961 480 1260 556 TEMPLIERS.
1575 483 1648 559 uos

288 621 345 698 Ad
365 619 477 697 lxxiur
498 620 694 697 articulum
716 621 916 730 diligenter
933 622 1195 729 interrogatus,
1219 622 1312 699 dixit
1332 641 1368 699 et
1391 625 1588 730 respondit
1608 645 1650 704 ut

231 779 341 856 snpra
360 751 398 827 in
418 777 517 828 xxuu
537 750 692 828 articulo
712 768 767 828 est
785 781 1006 859 responsum
1028 781 1095 858 per
1114 782 1214 830 eum.

286 880 345 957 Ad
356 880 592 960 lxxv—lxxxi
609 883 784 962 articulos
800 884 994 973 inclusive,
1016 884 1213 991 diligenter
1229 902 1266 961 et
1283 883 1470 992 sigillatim
1489 887 1651 965 interro·

231 1028 351 1120 gatus,
374 1010 604 1116 respondens
619 1013 763 1118 negavit
781 1015 880 1119 ipsos
896 1014 1070 1091 articulos
1086 1034 1123 1092 et
1133 1015 1258 1092 omnia
1272 1033 1309 1092 et
1320 1014 1463 1123 singula
1478 1032 1650 1093 contenta

232 1142 271 1218 in
291 1143 361 1234 cis,
380 1143 469 1249 quia
489 1170 634 1220 errores
649 1143 696 1219 de
717 1144 854 1250 quibus
873 1145 996 1250 agitur
1008 1145 1047 1221 in
1064 1145 1208 1222 eisdem
1228 1146 1266 1220 in
1282 1146 1381 1224 dicto
1402 1144 1534 1222 ordine
1554 1175 1651 1223 nun-

232 1301 346 1380 quam
373 1272 526 1350 fucrunt
551 1302 620 1350 uec
646 1291 732 1351 sunt
755 1303 823 1351 nec
846 1275 962 1381 aliqui
990 1276 1221 1353 eorumdem.
1246 1277 1291 1355 Et
1316 1276 1403 1355 ideo
1427 1276 1651 1384 negligentia

232 1403 363 1480 ascribi
382 1401 439 1479 vel
458 1404 631 1508 imputari
657 1432 732 1482 non
756 1406 880 1510 potuit
898 1405 1175 1510 presidentibus
1197 1405 1267 1509 ipsi
1289 1403 1410 1482 ordini
1431 1433 1500 1482 nec
1520 1434 1651 1483 eorum

231 1531 416 1621 fratribus,
429 1533 459 1607 si
473 1530 592 1611 dictos
612 1561 756 1611 errores
775 1535 840 1641 qui
859 1535 1013 1611 inveniri
1029 1563 1105 1610 non
1121 1550 1294 1640 poterant
1308 1534 1465 1611 minime
1485 1563 1652 1613 correxe-

231 1679 319 1739 runt
328 1688 396 1738 nec
404 1678 527 1739 sancte
542 1663 613 1740 Dei
624 1662 788 1741 Ecclesia
803 1665 1040 1753 nunciarunt,
1053 1664 1139 1771 quia
1148 1663 1254 1769 quod
1265 1692 1342 1741 non
1356 1680 1422 1750 est,
1438 1663 1570 1768 corrigi
1582 1691 1651 1741 nec

231 1791 398 1870 nunciari
417 1809 480 1869 aut
499 1794 635 1898 corripi
655 1822 730 1870 non
746 1812 885 1899 potest,
907 1811 950 1871 ut
966 1794 1069 1872 dixit.

286 1922 345 1999 Ad
363 1921 473 2000 lxxxix
492 1923 691 2000 articulum
707 1924 905 2031 diligenter
917 1925 1181 2030 interrogatus,
1197 1922 1428 2029 respondens
1444 1924 1536 2001 dixit
1546 1925 1649 2031 quod

232 2054 262 2129 si
282 2053 347 2160 qui
363 2052 491 2129 fratres
506 2051 552 2129 de
574 2052 710 2155 quibus
730 2054 768 2129 in
783 2052 938 2132 articulo
953 2055 1073 2160 agitur
1090 2052 1247 2132 confessi
1268 2054 1344 2130 sint
1363 2052 1424 2130 illa
1446 2052 1493 2130 de
1514 2053 1651 2160 quibus

232 2185 352 2292 agitur
361 2183 400 2258 in
413 2182 560 2272 eodem,
577 2182 669 2260 dixit
684 2184 782 2290 ipsos
798 2183 932 2261 falsum
943 2183 1130 2262 confessos
1145 2182 1237 2273 fore,
1250 2212 1336 2261 cum
1352 2182 1504 2261 indicto
1519 2185 1650 2262 ordine

231 2314 378 2422 Templi
397 2342 581 2421 nusquam
597 2340 701 2392 error
719 2315 776 2393 vel
795 2314 917 2423 aliqua
932 2313 1022 2393 fidei
1041 2315 1249 2393 orthodoxe
1263 2313 1444 2396 contraria
1458 2312 1504 2391 ab
1519 2313 1651 2420 aliqui·

231 2442 303 2521 bus
331 2443 506 2520 fratribus
531 2444 701 2550 ejusdem
727 2444 871 2522 ordinis
895 2446 969 2523 sint
993 2446 1200 2522 commissa.
1227 2446 1322 2521 Ymo
1352 2443 1470 2519 credit
1495 2471 1559 2520 eos
1584 2445 1650 2551 qui

233 2573 390 2653 confessi
409 2590 498 2651 sunt
516 2593 628 2680 prout
642 2576 680 2651 in
700 2574 854 2654 articulo
870 2575 1006 2653 dicitur
1024 2574 1135 2654 falsos
1148 2574 1279 2651 fratres
1291 2572 1421 2660 fuisse,
1445 2591 1482 2649 et
1499 2573 1592 2650 falso
1613 2591 1651 2650 et

232 2704 441 2783 adulterino
457 2704 572 2782 modo
593 2705 763 2783 habitum
779 2705 867 2782 dicti
886 2706 1029 2783 ordinis
1041 2706 1257 2811 suscepisse.

288 2835 347 2913 Ad
361 2835 503 2924 lxxxm,
522 2835 659 2913 lxxxxiii
675 2852 713 2912 et
728 2834 832 2913 lxxxv
847 2835 1021 2915 articulos
1039 2834 1233 2925 inclusive,
1255 2833 1453 2942 diligenter
1468 2849 1506 2909 et
1517 2833 1652 2939 sigilla·

233 2966 299 3040 tim
318 2965 583 3073 interrogatus,
600 2966 792 3072 respondit
810 2966 916 3073 quod
935 2966 966 3043 si
985 2965 1142 3073 predicti
1163 2966 1229 3073 qui
1246 2963 1377 3041 fratres
1398 2962 1488 3040 dicti
1508 2962 1651 3040 ordinis

232 3094 464 3201 appellantur
483 3096 521 3170 in
541 3095 704 3173 articulis
720 3095 941 3202 supradictis
955 3094 1112 3174 confessi
1128 3095 1280 3172 fuerunt
1295 3110 1469 3171 contenta
1486 3091 1525 3169 in
1542 3091 1651 3169 dictis

231 3223 411 3314 articulis,
429 3225 467 3300 in
485 3226 676 3329 presencia
697 3225 841 3303 domini
861 3225 978 3303 nostri
998 3225 1134 3302 summi
1151 3223 1336 3330 pontificis
1351 3239 1389 3301 et
1411 3224 1650 3301 dominorum

232 3354 474 3432 cardinalium
494 3353 647 3432 fratrum
668 3357 748 3464 ejus
768 3384 854 3433 curn
868 3357 1082 3462 juramento
1102 3355 1254 3461 proprio
1278 3371 1315 3430 et
1334 3354 1373 3429 in
1392 3352 1505 3460 pleno
1530 3353 1652 3431 consi·

231 3486 346 3563 storio
360 3485 529 3592 ejusdem
545 3485 685 3564 domini
699 3487 835 3564 summi
845 3484 1040 3592 pontificis,
1048 3485 1143 3564 salva
1155 3485 1212 3562 sui
1228 3482 1445 3562 excellentia
1457 3500 1495 3560 et
1507 3484 1650 3559 honore
1664 3576 1671 3583 ι

232 3633 270 3692 et
283 3616 523 3694 dominorum
543 3616 782 3694 cardinalium
796 3618 1016 3704 reverentia,
1036 3614 1194 3720 predicti
1207 3612 1336 3690 fratres
1350 3612 1416 3717 qui
1429 3639 1567 3687 nomen
1580 3610 1651 3687 fra-

230 3761 332 3821 trum
345 3743 433 3820 dicti
445 3743 589 3819 ordinis
605 3744 753 3848 Templi
774 3743 845 3819 sibi
860 3760 1000 3819 temere
1013 3758 1251 3847 usurparunt,
1269 3739 1358 3817 falsa
1373 3738 1528 3817 confessi
1544 3757 1648 3828 sunt,

232 3874 319 3978 quia
337 3901 406 3950 nec
429 3901 586 3979 usquam
606 3872 748 3948 dictum
767 3900 836 3948 nec
860 3899 1018 3979 usquam
1040 3870 1199 3948 relatum
1228 3897 1298 3946 nec
1321 3869 1492 3946 auditum
1516 3867 1588 3945 fuit
1612 3870 1649 3944 in

233 4001 332 4080 dicto
354 4002 484 4080 ordine
503 4002 599 4081 illud
618 4001 721 4108 quod
739 4002 896 4108 predicti
916 4001 1175 4079 confessisunt
1193 3997 1284 4077 falso
1305 3996 1432 4076 modo.

288 4130 346 4209 Ad
365 4133 483 4211 lxxxvi
505 4133 700 4210 articulum
717 4132 923 4239 ⁴diligenter
946 4133 1206 4238 interrogatus,
1233 4129 1324 4206 dixit
1344 4131 1448 4236 quod
1472 4130 1552 4237 ipsc
1580 4128 1651 4209 fuit

233 4279 403 4368 receptus
422 4263 461 4339 in
476 4261 625 4340 fratrem
640 4263 727 4340 dicti
746 4263 943 4346 ordinisin
964 4260 1118 4339 ecclesia
1133 4288 1201 4337 seu
1221 4258 1360 4365 capella
1379 4258 1513 4338 domus
1530 4261 1649 4337 Mausi

233 4393 319 4480 Dei,
349 4391 482 4470 clausis
505 4394 630 4501 januis
649 4393 766 4498 ipsius
785 4391 942 4499 capelle,
959 4391 1071 4469 simul
1091 4418 1176 4467 curn
1195 4389 1365 4468 Ferrario
1387 4389 1473 4467 Hoti
1495 4406 1533 4467 et
1555 4393 1649 4498 Ray-

233 4522 376 4598 mundo
393 4522 542 4599 Remilli
563 4521 738 4599 fratribus
750 4522 920 4630 ejusdem
943 4520 1103 4611 ordinis,
1125 4547 1194 4625 per
1214 4519 1365 4596 fratrem
1387 4517 1646 4624 Raymundum

237 4650 283 4728 de
303 4650 440 4729 Gardia
453 4669 710 4758 preceptorem
726 4651 893 4759 ejusdem
905 4650 1040 4730 domus
1052 4650 1170 4728 Mansi
1187 4648 1268 4739 Dei,
1280 4648 1340 4724 die
1355 4646 1550 4725 Dominicn
1565 4667 1649 4727 ante

233 4781 443 4860 Adventum
458 4783 608 4861 Domini
628 4783 794 4888 proxime
814 4779 1032 4888 preteritum
1048 4780 1201 4858 fuerunt
1221 4792 1301 4855 1¹„oe
1318 4777 1404 4855 anni
1422 4776 1550 4883 elapsi,
1572 4808 1652 4886 pre·

342 4939 446 4999 crocis
462 4957 514 4999 nes
529 4955 701 4999 rrxrxrrns.
718 4957 808 4998 -11.
1446 4932 1483 5014 59
