4230 5956
458 439 531 511 aso
840 411 1034 504 raocts
1060 429 1155 500 ons
1183 426 1479 500 rnurmnns.

458 572 622 652 ostendit
640 569 711 648 sihi
730 570 939 677 ymaginem
958 565 1122 646 cmcilixi
1134 567 1318 673 depictam
1331 567 1369 641 in
1385 593 1491 642 cruce
1512 565 1552 640 in
1570 565 1736 670 quodam
1754 564 1866 659 libro,

457 719 494 779 et
511 702 676 808 precepit
695 701 765 777 sibi
786 717 822 776 et
839 699 1005 805 injunxit
1022 696 1127 804 quod
1145 714 1295 801 spueret
1319 713 1377 772 ter
1401 720 1512 799 super
1532 721 1613 770 eam
1631 724 1640 769 :
1659 696 1763 804 quod
1784 697 1870 775 lecit

456 859 538 920 ore,
559 831 720 909 sednon
742 829 871 918 corde,
891 845 934 903 ut
953 827 1056 904 dixit.

510 964 604 1041 ltcm
633 960 725 1034 dixit
755 986 824 1061 per
849 959 1102 1063 juramentum
1130 955 1232 1060 quod
1261 953 1445 1057 recipiens
1472 953 1639 1060 precepit
1665 954 1737 1031 sibi
1767 956 1868 1061 quod

456 1089 684 1167 oscularetur
700 1114 787 1163 eum
806 1087 845 1160 in
866 1113 929 1162 ore
951 1101 988 1161 et
1009 1085 1047 1159 in
1069 1083 1143 1159 line
1161 1083 1264 1187 spine
1281 1082 1382 1158 dorsi
1399 1112 1407 1157 :
1425 1084 1530 1188 quod
1548 1079 1635 1159 fecit
1659 1083 1794 1160 inritus
1815 1103 1869 1161 ta·

456 1245 542 1295 men
563 1218 611 1294 de
635 1230 738 1321 parte
758 1213 939 1290 inferiori.

511 1350 602 1424 Item
623 1345 713 1421 dixit
728 1342 831 1451 quod
849 1341 1011 1448 prelatus
1028 1341 1210 1447 recipiens
1222 1341 1388 1445 precepit
1405 1339 1477 1416 sibi
1495 1341 1599 1447 quod
1617 1341 1647 1418 si
1659 1341 1795 1421 frames
1813 1347 1870 1421 sui

456 1474 597 1552 ordinis
616 1474 751 1551 vellent
768 1473 908 1550 habere
927 1500 1008 1548 rem
1027 1471 1222 1547 carnaliter
1241 1497 1326 1546 cum
1352 1497 1417 1559 eo,
1439 1469 1544 1576 quod
1561 1470 1641 1577 ipse
1660 1471 1871 1550 admitteret

455 1629 520 1679 eos
539 1602 694 1691 adhoc,
713 1602 840 1677 dicens
855 1601 973 1677 dictus
991 1598 1174 1704 recipiens
1193 1598 1297 1705 quod
1317 1599 1396 1704 ipse
1415 1615 1586 1704 receptus
1608 1599 1704 1678 bene
1726 1617 1870 1705 poterat

455 1729 625 1807 similiter
644 1730 780 1807 habere
802 1758 883 1807 rem
904 1758 990 1805 cum
1011 1728 1085 1816 eis,
1108 1728 1138 1803 si
1157 1724 1290 1815 vellet3
1309 1727 1377 1805 sed
1397 1727 1477 1834 ipse
1491 1755 1681 1834 nunquam
1703 1728 1806 1817 lecit,
1828 1750 1870 1807 ut

456 1859 560 1936 dixit

510 1989 604 2065 Item
622 1987 714 2065 dixit
729 1988 835 2094 quod
854 1985 971 2063 credit
985 1985 1088 2092 quod
1108 1984 1171 2061 alii
1194 1983 1324 2061 fratres
1345 1984 1435 2064 dicti
1463 1986 1604 2065 ordinis
1622 1987 1738 2063 modo
1759 1987 1870 2063 simili

455 2118 690 2221 recipiantur.

510 2247 604 2324 Item
618 2247 710 2322 dixit
727 2274 795 2350 per
803 2246 1056 2350 juramentum
1072 2272 1182 2320 suum
1200 2243 1304 2349 quod
1324 2245 1376 2332 vi,
1393 2243 1450 2321 vel
1470 2261 1576 2322 metu
1600 2263 1871 2324 tormentorum

454 2374 514 2453 vel
543 2375 631 2451 alias
660 2402 735 2451 non
756 2375 846 2451 dixit
871 2375 973 2449 aliud
999 2402 1110 2478 quam
1134 2374 1346 2462 veritatem,
1376 2401 1445 2450 nec
1467 2374 1507 2450 in
1530 2375 1717 2479 premissis
1737 2377 1871 2452 ‚immi-

456 2504 552 2581 scuit
576 2502 741 2609 aliquam
765 2502 975 2591 lalsitatem‚
994 2519 1031 2580 et
1055 2502 1158 2608 quod
1177 2530 1319 2579 meram
1339 2502 1531 2580 veritatem
1553 2504 1646 2580 dixit
1663 2531 1731 2610 pro
1752 2504 1869 2582 salute

423 2680 427 2685 -
456 2660 580 2711 omme
599 2660 678 2709 sue.

512 2893 604 2971 ltem
626 2891 738 2969 frater
762 2891 1004 2969 Constancius
1022 2892 1069 2968 de
1088 2890 1231 2967 Biciaco
1255 2889 1289 2966 la
1315 2888 1445 2977 Ceste,
1465 2915 1613 2970 morans
1640 2892 1808 2981 Pruvini,
1836 2911 1872 2970 et

456 3022 626 3099 venditor
640 3022 809 3098 vinorum
830 3021 965 3097 domus
984 3019 1133 3125 Templi
1151 3018 1240 3096 dicti
1256 3017 1346 3107 loci,
1363 3017 1673 3125 quadragenarius
1688 3020 1746 3096 vel
1759 3022 1869 3108 circa,

458 3150 593 3226 eodem
612 3149 727 3225 modo
743 3148 981 3234 constitutus,
993 3149 1138 3253 juratus
1154 3164 1191 3224 et
1202 3147 1419 3253 requisitus,
1442 3147 1533 3224 dixit
1543 3176 1612 3252 per
1618 3148 1870 3254 juramentum

456 3305 567 3355 suum
587 3278 691 3381 quod
709 3277 805 3353 bene
825 3293 912 3352 sunt
923 3303 986 3352 run
1001 3277 1087 3352 anni
1103 3276 1160 3350 vel
1180 3277 1274 3351 circa
1290 3276 1419 3381 elapsi,
1436 3275 1540 3382 quod
1554 3274 1625 3353 fuit
1644 3297 1814 3384 receptus
1832 3282 1871 3356 in

457 3408 570 3487 domo
598 3406 744 3512 Templi
768 3405 1041 3494 Cabilonensis‚
1068 3434 1134 3510 per
1158 3405 1307 3482 fratrem
1336 3406 1511 3485 Odonem
1542 3406 1588 3483 de
1617 3407 1746 3485 Castro
1771 3410 1870 3487 Novo

455 3554 713 3644 preceptorem
738 3535 883 3612 ballivie
908 3534 1182 3623 cabilonensis,
1210 3536 1445 3640 presentibus
1469 3535 1642 3613 fratribus
1669 3536 1869 3616 Guillehno

457 3667 708 3773 dispensatore
723 3682 812 3740 tunc
830 3664 1029 3769 temporis,
1048 3682 1085 3740 et
1104 3664 1294 3769 Stephano
1315 3664 1362 3740 de
1379 3666 1486 3742 Buris
1503 3665 1672 3775 bergerio
1690 3666 1785 3743 dicte
1807 3668 1869 3742 do-

457 3823 558 3882 mus,
577 3796 658 3900 qui,
677 3811 720 3871 ut
733 3794 871 3880 credit,
893 3810 979 3870 sunt
998 3796 1152 3881 mortui,
1171 3810 1209 3870 et
1226 3794 1454 3900 quibusdam
1466 3794 1558 3871 aliis.

512 3926 605 4001 ltem
632 3924 724 4001 dixit
747 3952 814 4031 per
835 3924 1089 4030 juramentum
1116 3952 1225 4001 suum
1251 3924 1370 4029 quod,
1399 3952 1444 4000 eo
1468 3942 1634 4030 recepto,
1653 3924 1868 4030 juramento

458 4052 611 4158 prestito
629 4053 675 4130 ab
693 4054 825 4131 eodem
842 4053 888 4130 de
909 4053 1052 4129 statutis
1070 4070 1107 4130 et
1125 4054 1273 4130 secretis
1291 4052 1432 4129 ordinis
1447 4054 1703 4142 observandis,
1722 4070 1758 4133 et
1772 4080 1871 4129 man-

444 4180 545 4265 tello
560 4182 631 4259 sibi
653 4184 700 4260 ad
716 4184 855 4263 collum
869 4185 1009 4290 posito,
1027 4184 1208 4290 recipiens
1229 4183 1393 4261 ostendit
1415 4184 1484 4260 sibi
1504 4184 1703 4289 quamdam
1722 4212 1868 4260 crucem

457 4329 667 4420 argenteam
681 4341 765 4388 cum
777 4315 945 4421 ymagine
961 4312 1138 4403 crucifixi,
1156 4313 1364 4418 precipiens
1373 4312 1443 4389 sibi
1458 4313 1561 4419 quod
1571 4312 1773 4422 abnegaret
1785 4341 1869 4388 eum

458 4444 563 4551 cujus
577 4469 708 4552 ymago
723 4460 800 4519 erat
814 4442 866 4518 ibi
887 4461 954 4528 ter,
973 4461 1009 4519 ct
1020 4461 1078 4520 ter
1095 4460 1244 4548 spueret
1258 4472 1369 4548 supra
1384 4471 1487 4532 eam3
1505 4459 1542 4518 et
1560 4473 1644 4519 cum
1661 4444 1733 4520 hoc
1749 4441 1868 4520 lacere

457 4591 661 4664 recusaret,
684 4573 865 4679 recipiens
876 4589 913 4647 et
928 4572 988 4648 alii
1006 4573 1135 4651 fratres
1155 4591 1374 4678 acceperunt
1395 4603 1481 4650 enm
1496 4602 1564 4679 per
1584 4591 1693 4680 caput
1712 4602 1779 4678 per
1794 4601 1869 4648 soa·

457 4701 578 4806 pules,
601 4720 639 4780 et
651 4701 737 4779 alibi
759 4731 825 4807 per
848 4730 998 4806 corpus,
1020 4721 1057 4779 et
1073 4703 1332 4808 compulerunt
1344 4731 1430 4779 eum
1446 4731 1578 4806 spuere
1596 4731 1704 4808 supra
1722 4728 1867 4777 crucem
