4230 5956
631 456 827 549 rnocns
852 476 949 548 ons
979 474 1275 547 rnurmnns.
1590 473 1664 549 aso

301 618 358 695 Ad
374 617 483 694 lxxxu
496 615 695 693 articulum
716 616 917 723 diiigenter
929 616 1194 721 interrogatus,
1212 614 1441 715 respondens
1456 616 1549 694 dixit
1562 621 1665 724 quod
1754 698 1758 705 ,

245 751 273 825 si
303 749 432 825 fratres
463 746 551 823 dicti
582 747 725 824 ordinis
752 749 791 824 in
818 776 949 854 magna
978 745 1221 825 multitudine
1242 745 1317 824 sive
1335 774 1442 851 parva
1466 748 1665 856 injudicio

244 881 318 956 sive
340 898 440 955 extra
457 879 495 954 in
512 876 666 985 publico
688 906 755 956 seu
771 878 895 956 oculto
911 876 1064 955 fuerunt
1088 877 1245 955 confessi
1270 875 1436 983 predicta
1456 876 1502 955 de
1527 881 1666 984 quibus

244 1011 366 1117 agitur
384 1011 421 1086 in
442 1008 577 1087 eodem
598 1007 772 1098 articulo,
794 1009 898 1114 quod
918 1037 995 1086 non
1021 1008 1155 1096 credit,
1179 1006 1269 1083 dicit
1286 1006 1386 1111 ipsos
1405 1007 1594 1086 veritatem
1614 1029 1667 1087 ta-

245 1141 365 1219 cuisse
393 1159 430 1218 et
457 1139 654 1218 falsitatem
687 1141 922 1247 expressisse,
952 1168 1037 1216 cum
1066 1167 1251 1245 nusquam
1281 1165 1426 1214 errores
1453 1141 1500 1217 de
1529 1140 1667 1246 quibus

245 1273 365 1380 agitur
381 1271 575 1379 excogitati
591 1270 732 1347 fuerint
748 1273 787 1347 in
808 1271 939 1348 ordine
958 1268 1166 1375 sepedicto,
1187 1285 1300 1373 prout
1319 1268 1448 1345 credit.

302 1402 359 1479 Ad
375 1403 515 1491 lxxxm,
537 1401 674 1479 lxxxnn
691 1418 727 1478 et
737 1400 844 1479 lxxxv
857 1400 1030 1477 articulos
1045 1399 1241 1488 inclusive,
1261 1398 1458 1504 diligenter
1476 1418 1513 1478 et
1533 1401 1667 1509 sigilla·
1773 1493 1780 1504 ,

244 1535 312 1609 tim
324 1533 582 1638 interrogatus,
592 1531 786 1636 respondit
797 1531 901 1638 qnod
913 1532 943 1608 si
955 1530 1112 1637 predicti
1127 1531 1191 1636 qui
1208 1528 1338 1607 fratres
1354 1530 1442 1607 dicti
1459 1529 1600 1609 ordinis
1609 1562 1668 1640 ap

243 1661 447 1767 pellantur,
469 1661 508 1737 in
529 1661 694 1737 articulis
713 1660 935 1766 supradictis
954 1659 1109 1737 confessi
1130 1658 1283 1737 fuerunt
1302 1677 1473 1737 contenta
1495 1661 1534 1737 in
1555 1663 1608 1739 eis
1628 1663 1673 1740 in·

244 1791 433 1898 presencia
454 1791 598 1869 domini
616 1792 733 1869 nostri
753 1792 891 1868 summi
908 1790 1097 1896 pontificis
1114 1809 1151 1867 et
1166 1791 1404 1868 dominorum
1423 1791 1667 1871 cardinalium

246 1951 331 1998 cum
348 1924 563 2028 juramento
578 1922 748 2027 proprio,
769 1939 805 1998 et
820 1923 858 1997 in
874 1921 986 2026 pleno
1004 1921 1223 1998 consistorio
1233 1936 1355 1997 sancte
1371 1920 1495 2013 Sedis,
1509 1922 1666 2001 confessi

245 2069 332 2130 sunt
350 2052 388 2127 in
409 2050 583 2128 omnibus
601 2051 778 2157 predictis
804 2067 842 2127 et
865 2050 1021 2158 singulis
1046 2049 1235 2127 erroribus
1253 2049 1466 2141 falsitatem,
1489 2051 1585 2129 salva
1607 2082 1667 2131 ex-

246 2182 418 2260 cellentia
434 2199 471 2260 et
491 2182 680 2259 sanctitate
699 2181 869 2288 ejusdem
892 2180 1035 2259 domini
1055 2181 1173 2258 nostri
1190 2180 1328 2258 summi
1348 2180 1533 2287 pontificis
1552 2201 1589 2261 et
1609 2213 1667 2262 re-

245 2313 413 2390 verencia
434 2313 677 2390 dominorum
693 2312 938 2391 cardinalium
952 2311 1108 2391 fratrum
1124 2310 1214 2418 ejus.

301 2443 359 2520 Ad
378 2443 499 2521 lxxxvr
512 2441 707 2520 articulum
723 2443 922 2550 diligenter
933 2442 1199 2549 interrogatus,
1213 2444 1445 2548 respondens
1460 2443 1552 2521 dixit
1563 2446 1667 2552 quod

246 2575 324 2679 ipse
344 2572 415 2650 fuit
434 2590 605 2681 receptus
623 2574 663 2649 in
689 2573 840 2650 fratrem
860 2572 950 2649 dicti
971 2572 1113 2650 ordinis
1133 2571 1245 2649 simul
1264 2601 1351 2650 cnm
1369 2572 1480 2650 fratre
1496 2573 1666 2653 Johanne

246 2703 294 2780 de
315 2702 499 2780 Alcanada
526 2719 565 2780 et
591 2702 702 2780 fratre
727 2705 891 2781 Bonanat
917 2703 1045 2809 Regis,
1070 2730 1139 2807 per
1164 2701 1316 2779 fratrem
1336 2704 1597 2809 Raymundum
1619 2704 1667 2784 dc

247 2834 348 2912 Falte
369 2834 607 2912 castellanum
623 2851 713 2911 tunc
732 2832 969 2923 Montissoni,
993 2832 1093 2937 apud
1107 2832 1430 2923 Montemsonum,
1451 2834 1491 2910 in
1507 2836 1667 2940 capitulo

128 2998 137 3013 ·
246 2965 364 3070 ipsius
383 2965 471 3055 loci,
494 2965 532 3041 in
551 2964 674 3072 vigilia
689 2964 804 3041 sancti
818 2963 968 3041 Martini
982 2962 1135 3040 fuerunt
1150 2990 1200 3040 xu
1218 2965 1304 3039 anni
1326 2962 1455 3071 elapsi,
1472 2964 1512 3041 in
1532 2967 1667 3044 eodem

247 3095 407 3201 capitulo
431 3095 636 3173 astantibus
657 3113 694 3173 et
711 3095 947 3202 presentibus
972 3095 1011 3170 in
1037 3094 1321 3199 recepcionibus
1341 3095 1418 3172 suis
1438 3093 1602 3176 Arnaldo
1621 3096 1668 3175 de

246 3226 457 3317 Banbullis,
478 3226 682 3306 Guillelmo
703 3227 750 3303 de
765 3224 938 3315 Castelvi,
959 3224 1096 3302 laoobo
1121 3223 1168 3300 de
1184 3223 1327 3303 Vilalba
1345 3224 1544 3315 militibus,
1565 3227 1605 3303 P.
1621 3228 1668 3304 de

247 3359 408 3465 Lupario
430 3357 636 3436 cambrerio
658 3374 695 3434 et
708 3356 881 3463 pluribus
902 3354 983 3433 aliis
999 3354 1174 3432 fratribus
1190 3353 1279 3432 dicti
1295 3356 1455 3462 Templi.

302 3490 358 3565 De
387 3489 510 3567 modis
539 3505 664 3565 autem
693 3515 759 3563 sue
787 3485 1019 3591 recepcionis
1039 3502 1076 3562 et
1095 3483 1255 3563 aliorum
1280 3484 1436 3562 fratrum
1456 3487 1520 3591 qui
1540 3513 1667 3564 secum

248 3619 346 3695 dicta
364 3618 425 3696 die
445 3618 596 3695 fuerunt
615 3618 752 3722 recepti
774 3617 811 3691 in
833 3615 965 3693 fratres
985 3615 1073 3690 dicti
1094 3614 1251 3701 ordinis,
1274 3631 1311 3690 et
1331 3614 1413 3690 aliis
1431 3616 1669 3720 tangentibus

248 3766 285 3826 et
309 3746 593 3826 circumstantiis
618 3746 736 3853 ipsam
760 3745 1035 3850 recepcionem,
1055 3743 1148 3819 dixit
1171 3743 1272 3820 idem
1292 3742 1332 3818 in
1351 3743 1525 3821 omnibus
1545 3762 1584 3822 et
1601 3774 1669 3850 per

248 3879 372 3955 omnia
390 3879 429 3953 in
445 3876 580 3954 effectu
590 3891 635 3953 ut
648 3874 760 3952 frater
773 3874 1057 3953 Bartholomeus
1068 3873 1115 3950 de
1126 3874 1251 3963 Turri,
1268 3874 1374 3951 testis
1387 3874 1542 3980 primus,
1558 3905 1668 3983 supra

248 4009 425 4114 deposuit
444 4008 484 4084 in
499 4005 572 4085 boc
591 4006 729 4084 eodem
747 4003 921 4094 articulo,
948 4021 987 4082 et
1004 4020 1049 4081 ut
1068 4005 1281 4082 continetur
1305 4005 1344 4081 in
1369 4004 1470 4082 dicto
1489 4004 1587 4083 libro
1608 4035 1669 4084 ex·

248 4139 387 4229 bibito,
411 4156 454 4215 ut
473 4139 607 4228 credit,
628 4166 697 4244 per
716 4137 878 4214 eundem
898 4135 1051 4213 domino
1068 4135 1241 4242 episcopo
1254 4134 1467 4240 inquisitori
1483 4136 1664 4243 predicto.

304 4268 361 4346 Ad
383 4268 515 4347 lxxxvu
536 4286 574 4346 et
591 4267 736 4345 lxxxvur
762 4283 800 4342 et
825 4264 1001 4343 ultimum
1022 4263 1196 4342 articulos
1213 4265 1411 4371 diligenter
1428 4282 1466 4342 et
1482 4266 1668 4372 sigillatim

248 4400 512 4506 interrogatus,
541 4397 768 4505 respondens
795 4396 887 4473 dixit
910 4396 957 4473 de
986 4395 1168 4473 contentis
1188 4395 1363 4474 omnibus
1391 4414 1428 4474 et
1453 4397 1610 4504 singulis
1629 4399 1668 4476 in

250 4529 415 4608 articulis
431 4529 651 4636 supradictis
670 4557 709 4606 se
728 4527 877 4634 penitus
895 4525 1010 4603 nichil
1030 4526 1182 4604 credere
1202 4555 1325 4634 neque
1346 4527 1452 4604 scire.
1503 4532 1511 4543 ''

306 4662 428 4768 Super
442 4659 725 4738 circumstantiis
739 4685 826 4735 vero
844 4675 881 4734 et
898 4656 979 4735 aliis
999 4657 1046 4734 de
1061 4656 1198 4764 quibus
1217 4657 1401 4764 jubentur
1425 4656 1514 4735 dicti
1537 4657 1668 4736 fratres

249 4793 386 4900 inquiri
421 4791 628 4872 secundum
652 4789 757 4898 quod
784 4790 987 4898 inquirenti
1016 4789 1135 4867 visum
1161 4787 1274 4866 fuerit
1307 4789 1481 4896 expedire
1511 4789 1669 4869 interro·
