4230 5956
477 452 550 525 aaa
865 429 1061 520 rnocts
1086 447 1181 518 nas
1206 444 1502 517 rrurmnns

478 617 587 667 suum
606 588 711 696 quod
725 588 927 666 inhibitum
941 587 1014 664 fuit
1029 587 1100 665 sibi
1118 615 1166 663 ne
1184 586 1370 664 habitaret
1387 615 1473 663 cum
1487 585 1726 679 mulieribus,
1749 608 1812 666 aut
1826 589 1893 665 ali·

475 720 579 826 quod
599 707 792 796 servicium
810 719 856 795 ab
877 719 930 794 eis
945 718 1141 822 acciperet,
1157 735 1194 793 et
1209 717 1418 822 injunctum
1435 715 1507 793 fuit
1525 715 1595 793 sibi
1615 719 1720 823 quod
1740 721 1771 797 si
1790 721 1892 796 calor

476 849 653 927 naturalis
672 866 839 925 moveret
853 877 959 937 eum,
976 848 1080 952 quod
1092 847 1351 923 commisceret
1369 875 1408 922 se
1428 846 1699 925 cumfratribus
1720 850 1806 927 dicti
1828 877 1889 927 or-

479 981 591 1068 dinis,
613 997 650 1057 et
670 981 740 1055 hoc
753 979 798 1054 ab
816 978 896 1053 aliis
910 995 1112 1082 pateretur.
1128 976 1343 1081 Requisitus
1358 992 1483 1052 utrum
1497 976 1590 1052 vidit
1603 977 1749 1083 aliquos
1762 979 1889 1056 iratres

477 1109 606 1213 recipi,
637 1107 728 1183 dixit
746 1107 850 1213 quod
874 1107 926 1181 sic
945 1134 1080 1194 unum,
1108 1122 1146 1181 et
1168 1105 1261 1181 vidit
1280 1106 1386 1210 quod
1403 1121 1576 1210 receptus
1599 1104 1672 1183 fuit
1697 1108 1888 1212 perillum

477 1238 632 1315 modum
655 1262 723 1343 per
742 1265 856 1343 quem
870 1236 961 1311 dixit
986 1263 1025 1312 se
1052 1233 1164 1311 luisse
1185 1251 1401 1338 receptum,
1415 1252 1567 1340 excepto
1582 1236 1687 1341 quod
1704 1263 1782 1313 non
1801 1237 1891 1313 vidit

477 1368 571 1472 quid
588 1367 726 1443 factum
749 1366 820 1442 fuit
839 1365 907 1441 sibi
931 1366 968 1440 in
994 1364 1228 1452 abscondito;
1260 1381 1297 1440 et
1312 1363 1408 1440 dixit
1426 1393 1495 1469 per
1505 1366 1757 1471 juramentum
1779 1396 1890 1444 suum

476 1496 706 1602 quodcredit
715 1497 817 1600 quod
831 1522 961 1572 omnes
976 1494 1037 1570 alii
1049 1494 1177 1570 iratres
1191 1494 1238 1569 de
1254 1493 1387 1570 ordine
1400 1493 1513 1572 simili
1524 1495 1638 1572 modo
1651 1496 1887 1601 recipiantur,

477 1626 565 1732 quia
581 1654 657 1702 non
677 1625 795 1701 credit
810 1624 913 1730 quod
931 1653 1049 1702 novus
1064 1625 1201 1701 modus
1221 1621 1338 1702 factus
1353 1622 1482 1707 fuisset
1495 1652 1563 1729 pro
1579 1651 1636 1701 eo.
1655 1625 1756 1702 Dixit
1772 1627 1886 1702 eciam

474 1784 543 1861 per
556 1755 812 1862 juramentum
831 1783 940 1831 suum
959 1754 1160 1861 requisitus
1180 1753 1286 1858 quod
1305 1753 1344 1830 in
1363 1782 1429 1832 sua
1450 1753 1684 1859 deposicione
1706 1755 1757 1841 vi,
1782 1772 1885 1831 metu

476 1886 629 1963 carceris
652 1885 709 1961 vel
734 1902 1024 1972 tormentorum,
1045 1883 1104 1959 vel
1130 1883 1199 1959 alia
1219 1910 1455 1988 quacumque
1477 1882 1523 1959 de
1543 1910 1667 1971 causa,
1688 1911 1766 1959 non
1795 1884 1887 1959 dixit

475 2016 533 2094 vel
553 2017 756 2095 immiscuit
783 2015 992 2100 salsitatem,
1016 2014 1083 2090 sed
1109 2012 1215 2119 quod
1232 2042 1362 2117 puram
1383 2030 1420 2089 et
1438 2013 1621 2120 integram
1636 2011 1777 2090 dixerat
1795 2015 1887 2088 veri-

474 2164 599 2224 tatem.

530 2410 620 2482 item
635 2406 746 2482 frater
759 2407 944 2483 Johannes
960 2406 1008 2484 de
1028 2408 1196 2495 Bersees,
1217 2407 1321 2484 etatis
1333 2433 1391 2483 xxi
1404 2432 1606 2494 annorum,
1624 2433 1770 2483 morans
1785 2408 1883 2510 apud

472 2535 673 2613 Feritatem
687 2534 877 2623 Galcheri,
896 2534 1029 2612 eodem
1041 2533 1155 2612 modo
1165 2535 1327 2641 juratus,
1344 2535 1565 2613 constitutus
1574 2552 1612 2611 et
1620 2537 1880 2641 interrogatus,

472 2664 564 2743 dixit
584 2694 652 2772 per
662 2667 917 2774 juramentum
938 2693 1049 2741 suum
1069 2664 1171 2770 quod
1190 2682 1362 2771 receptus
1386 2664 1457 2742 luit
1479 2667 1519 2741 in
1540 2665 1655 2743 dumo
1676 2665 1723 2741 de
1743 2665 1883 2770 Campo

471 2796 628 2887 Florit0,
657 2827 724 2903 per
743 2797 893 2875 fratrem
918 2795 1126 2874 Gerardum
1149 2796 1195 2871 de
1215 2782 1416 2873 Villaribus
1437 2810 1692 2900 preceptorem
1712 2795 1880 2883 Francie,

471 2945 621 3005 nsunt
648 2956 796 3005 menses
828 2927 887 3002 vel
912 2926 1006 3002 circa
1031 2925 1160 3031 clapsi,
1192 2926 1427 3030 presentibus
1456 2924 1566 3001 fratre
1599 2925 1799 3003 Lamberto
1836 2926 1882 3002 de

470 3057 590 3143 Toisi,
612 3056 721 3132 fratre
741 3056 909 3132 lohanne
935 3072 1151 3161 preceptore
1173 3056 1220 3132 de
1241 3056 1398 3145 Trefou,
1423 3073 1461 3132 et
1480 3055 1700 3162 quibusdam
1728 3055 1809 3131 aliis
1835 3057 1882 3132 de

469 3211 633 3289 quorum
652 3185 867 3260 nominibus
886 3213 961 3261 non
984 3185 1124 3261 recolit.
1151 3185 1253 3262 Dixit
1276 3187 1392 3261 eciam
1413 3214 1480 3291 per
1494 3186 1750 3292 juramentum
1769 3214 1879 3260 suum

469 3314 589 3420 quod,
609 3330 694 3419 post
713 3312 847 3388 multas
866 3315 1131 3417 promissiones
1146 3315 1192 3389 de
1208 3316 1354 3390 statutis
1368 3333 1405 3391 et
1423 3317 1574 3394 secretis
1593 3315 1736 3392 ordinis
1754 3314 1881 3391 obser-

469 3443 595 3520 vandis
615 3445 660 3519 ab
677 3471 720 3519 eo
742 3443 867 3530 lactas,
885 3443 1039 3546 quidam
1052 3441 1174 3528 frater,
1197 3443 1243 3519 de
1265 3445 1370 3549 cujus
1388 3446 1541 3522 nomine
1557 3474 1633 3523 non
1651 3445 1877 3532 recordatur,

469 3576 648 3679 aportavit
667 3573 738 3650 sibi
758 3572 957 3678 quamdam
974 3601 1121 3676 parvam
1141 3601 1290 3648 crucem
1311 3575 1358 3650 de
1374 3574 1490 3679 lign0,
1509 3593 1648 3651 ettunc
1666 3575 1786 3651 dictus
1809 3573 1879 3649 sra-

470 3722 525 3781 ter
539 3705 726 3783 Gerardus
740 3705 868 3807 petivit
883 3705 987 3780 abeo
1004 3722 1130 3779 utrum
1147 3704 1316 3781 crederet
1332 3704 1371 3780 in
1387 3734 1475 3781 eum
1490 3706 1556 3811 qui
1569 3733 1697 3810 passus
1709 3704 1825 3779 suerat
1839 3706 1878 3777 in

469 3834 565 3911 dicta
585 3866 711 3922 cruce,
741 3852 778 3909 et
804 3836 882 3939 ipse
911 3833 1002 3909 dixit
1021 3834 1125 3938 quod
1154 3835 1215 3940 sic.
1244 3836 1291 3909 Et
1308 3851 1398 3911 tunc
1419 3835 1538 3911 dictus
1564 3834 1676 3912 frater
1697 3833 1786 3909 dixit
1807 3832 1878 3908 sibi

467 3965 570 4067 quod
590 3965 685 4040 male
701 3963 887 4050 credebat,
918 3980 955 4039 ct
973 3962 1075 4066 quod
1092 3962 1251 4038 debebat
1270 3963 1420 4039 credere
1442 3963 1679 4041 solummodo
1697 3966 1735 4037 in
1755 3963 1878 4039 Deum

467 4092 714 4197 superiorem,
733 4110 769 4169 et
784 4111 911 4198 postea
931 4093 1095 4197 precepit
1107 4093 1178 4167 sihi
1192 4092 1296 4199 quod
1307 4093 1461 4170 Jhesum
1476 4093 1663 4170 Christum
1677 4092 1878 4198 abnegaret

466 4241 534 4313 ter,
554 4240 591 4299 et
604 4241 754 4327 spueret
774 4253 883 4329 supra
898 4253 1047 4299 crucem
1061 4242 1129 4312 ter,
1146 4224 1234 4329 quia
1249 4222 1331 4302 talis
1347 4242 1424 4301 erat
1438 4225 1574 4301 modus
1591 4224 1750 4310 ordinis,
1768 4239 1810 4298 ut
1822 4222 1879 4297 di·

466 4354 581 4432 cebat.
596 4354 643 4428 Et
656 4371 761 4442 tunc,
781 4352 826 4430 de
847 4373 1021 4459 precepto
1038 4354 1125 4430 dicti
1146 4353 1371 4459 recipientis,
1389 4356 1543 4432 Jhesum
1559 4354 1749 4432 Christum
1760 4352 1877 4428 abne·

464 4483 560 4590 gavit
578 4501 647 4571 ter,
669 4512 732 4560 ore
752 4499 791 4557 et
809 4512 887 4559 non
910 4484 1037 4572 corde,
1067 4502 1105 4561 et
1131 4482 1236 4560 finxit
1255 4514 1387 4589 spuere
1407 4503 1463 4561 ter
1484 4513 1592 4589 supra
1619 4510 1784 4567 crucem,
1809 4482 1876 4556 scd

464 4630 589 4687 tamen
609 4612 705 4687 nihil
723 4612 857 4687 cecidit
876 4640 986 4717 supra
1004 4641 1097 4688 earn.
1118 4616 1366 4723 Interrogatus
1385 4617 1431 4692 de
1451 4613 1596 4701 oscu10,
1619 4612 1711 4689 dixit
1731 4639 1798 4716 per
1815 4609 1878 4714 ju-

464 4758 674 4816 ramentum
689 4770 800 4818 suum
812 4742 916 4846 quod
927 4741 1046 4818 dictus
1064 4745 1245 4849 recipiens
1259 4745 1424 4850 precepit
1438 4744 1508 4822 sibi
1518 4743 1622 4849 quod
1641 4741 1875 4821 oscularetur
