4230 5956
444 441 519 514 312
830 412 1026 508 rnocns
1051 432 1146 505 uus
1173 432 1472 507 reuertens.

500 577 595 655 ltem
613 573 726 651 frater
743 571 932 651 lohannes
953 575 1000 651 de
1020 574 1190 651 Verreria
1218 573 1329 653 frater
1351 577 1533 665 serviens,
1550 573 1695 680 juratus
1725 575 1859 652 eodem

444 704 558 799 modo
579 704 628 780 de
648 730 687 779 se
710 716 747 781 et
765 702 847 780 aliis
870 702 909 777 in
930 730 1036 779 causa
1055 702 1146 780 {idei
1175 703 1298 782 dicere
1316 705 1528 792 veritatem,
1557 722 1594 781 et
1614 705 1860 810 interrogatus

447 836 500 923 de,
514 852 683 939 tempore
703 852 740 911 et
759 832 874 910 modo
901 860 967 908 sue
994 832 1239 936 recepcionis,
1267 833 1360 911 dixit
1385 862 1452 939 per
1471 835 1724 939 juramentum
1750 861 1858 909 suum

442 964 547 1070 quod
567 966 717 1072 triginta
735 964 820 1040 anni
842 979 930 1038 sunt
949 962 1062 1067 elapsi
1084 960 1188 1067 quod
1207 962 1280 1039 luit
1298 980 1471 1068 receptus
1492 963 1531 1037 in
1556 963 1669 1039 domo
1690 963 1737 1037 de
1761 963 1859 1039 Malo

443 1094 622 1198 Repastu,
644 1123 712 1199 per
728 1091 879 1168 fratrem
905 1093 936 1167 J.
953 1090 1136 1167 Francisci
1161 1090 1320 1169 militem
1339 1091 1429 1168 dicti
1451 1091 1611 1178 ordinis,
1628 1092 1861 1196 presentibus

443 1221 553 1301 fratre
567 1221 764 1328 Radulpho
781 1221 826 1297 de
841 1221 1044 1324 Triangulo
1066 1219 1177 1296 fratre
1197 1220 1286 1297 dicti
1314 1219 1474 1309 ordinis,
1495 1237 1533 1295 et
1546 1219 1771 1326 quibusdam
1784 1219 1863 1295 aliis

447 1349 494 1426 de
518 1379 681 1455 quorum
700 1350 916 1428 nominibus
943 1377 1018 1425 non
1045 1348 1187 1426 recolit.
1203 1350 1305 1427 Dixit
1323 1350 1439 1427 eciam
1460 1350 1577 1454 quod,
1598 1348 1707 1456 [post]
1728 1349 1864 1425 multas

444 1481 710 1584 promissiones
728 1480 838 1556 lactas
854 1479 901 1555 de
918 1478 1156 1555 observandis
1174 1479 1321 1556 statutis
1336 1479 1425 1555 dicti
1436 1479 1598 1565 ordinis,
1615 1495 1781 1582 aportata
1794 1477 1865 1553 suit

444 1610 606 1715 quedam
623 1639 710 1686 crux
726 1610 767 1684 in
784 1636 859 1713 qua
880 1624 957 1682 erat
975 1635 1105 1712 ymago
1126 1606 1307 1697 crucifixi3
1326 1625 1364 1684 et
1380 1606 1468 1684 lecit
1487 1607 1595 1684 illum
1609 1608 1794 1712 recipiens
1806 1624 1863 1683 ter

446 1738 628 1845 abnegare
648 1740 755 1815 illum
771 1739 875 1844 cujus
890 1765 1021 1844 ymago
1037 1754 1115 1813 erat
1132 1737 1185 1813 ibi
1201 1736 1364 1842 depicta,
1384 1753 1423 1813 et
1435 1755 1493 1812 ter
1507 1765 1639 1842 spuere
1656 1769 1664 1811 :
1680 1737 1740 1813 bis
1753 1765 1863 1840 supra

445 1896 592 1945 crucem
612 1886 651 1956 et
668 1867 783 1945 semel
798 1867 845 1943 ad
863 1885 1011 1943 terram.
1028 1867 1130 1944 Dixit
1150 1867 1265 1942 eciam
1285 1895 1353 1972 per
1364 1867 1616 1971 juramentum
1634 1896 1743 1943 suum
1760 1867 1862 1970 quod

445 1999 612 2103 precepit
620 1997 690 2074 sibi
707 1996 809 2104 quod
829 1996 1028 2072 abstineret
1044 2024 1083 2071 se
1101 1994 1373 2081 amulieribus,
1392 2011 1429 2070 et
1443 1995 1701 2070 commisceret
1719 2023 1758 2068 se
1781 2023 1865 2069 cum

446 2125 674 2217 hominibus.
695 2130 946 2233 Interrogatus
960 2125 1006 2201 de
1019 2124 1167 2212 osculo,
1183 2125 1275 2201 dixit
1291 2151 1359 2228 per
1368 2124 1622 2230 juramentum
1635 2151 1747 2198 suum
1763 2124 1865 2227 quod

448 2254 634 2333 osculatus
652 2256 723 2330 luit
732 2255 974 2359 recipientem
986 2254 1025 2329 in
1039 2254 1114 2329 fine
1130 2256 1235 2359 spine
1250 2253 1350 2330 dorsi
1366 2252 1497 2340 semel,
1515 2267 1552 2327 et
1565 2251 1679 2329 semel
1694 2253 1732 2326 in
1746 2252 1867 2327 umbi-

449 2383 537 2471 lico,
553 2399 590 2458 et
607 2381 724 2458 semel
734 2382 772 2456 in
787 2407 864 2456 ore.
881 2381 1095 2484 Requisitus
1114 2400 1242 2457 utrum
1256 2382 1308 2468 vi,
1331 2381 1387 2457 vel
1401 2397 1504 2456 metu
1520 2398 1797 2457 tormentorum
1810 2381 1866 2455 vel

449 2509 619 2599 carceris,
640 2526 703 2584 aut
719 2506 788 2583 alia
801 2507 848 2581 de
864 2535 987 2594 causa,
1009 2508 1049 2582 in
1066 2508 1305 2613 deposicione
1320 2537 1385 2584 sua
1403 2509 1535 2585 dixerit
1549 2509 1760 2598 falsitatem,
1778 2509 1868 2585 dixit

449 2665 518 2743 per
540 2640 797 2746 juramentum
826 2667 937 2714 suum
963 2638 1068 2743 quod
1087 2665 1178 2728 non;
1210 2640 1324 2717 immo
1345 2668 1476 2744 puram
1498 2656 1536 2715 et
1560 2668 1703 2717 meram
1729 2639 1869 2716 dixerat

450 2785 653 2847 veritatem.

507 3031 602 3105 ltem
626 3028 738 3105 frater
758 3029 912 3135 Egidius
943 3030 1185 3135 d'Espernaut
1211 3060 1275 3121 sur
1298 3030 1411 3108 Aisne
1443 3031 1602 3108 diocesis
1631 3032 1869 3109 Suessionen-

452 3158 518 3244 sis,
541 3157 646 3232 etatis
667 3160 851 3264 sexaginta
871 3187 1071 3250 annorum,
1098 3178 1295 3266 preceptor
1319 3162 1456 3240 domus
1477 3161 1700 3251 d’Amblcrs,
1725 3163 1869 3268 juratus

453 3284 588 3361 eodem
607 3286 721 3361 modo
742 3286 788 3361 de
806 3282 852 3363 se'
867 3306 904 3363 et
920 3289 1000 3363 aliis
1016 3290 1055 3364 in
1066 3298 1182 3366 'causa
1197 3289 1287 3366 fidei
1304 3292 1426 3367 dicere
1440 3293 1646 3379 veritat-em,
1664 3309 1701 3366 et
1715 3292 1871 3367 interro-

452 3432 556 3520 gatus
581 3417 628 3491 de
649 3433 817 3520 tempore
843 3435 880 3492 et
904 3419 1017 3494 modo
1048 3422 1278 3525 recepcionis
1303 3451 1385 3509 sue,
1411 3422 1503 3498 dixit
1528 3452 1596 3528 per
1619 3423 1870 3528 juramentum

452 3572 562 3621 suum
588 3547 690 3650 quod
715 3573 773 3622 xxx
791 3548 876 3622 anni
899 3566 984 3624 sunt
1003 3551 1105 3652 quod
1126 3549 1197 3625 suit
1218 3569 1387 3656 receptus
1407 3553 1446 3627 in
1467 3553 1580 3629 domo
1604 3553 1741 3629 Montis
1762 3553 1872 3628 Sues·

452 3675 651 3766 sionensis,
667 3704 734 3780 per
748 3668 898 3752 fratrem
917 3677 1153 3782 Arnulphnm
1173 3680 1218 3755 de
1239 3681 1493 3768 Wissemalle‚
1508 3682 1742 3787 presentibus
1760 3679 1869 3753 fratre

452 3804 648 3909 Radulpho
664 3806 712 3881 de
729 3807 867 3883 Mersin
888 3824 924 3882 et
941 3809 1163 3911 quibusdam
1182 3809 1264 3886 aliis
1279 3809 1453 3886 tratribus
1472 3814 1519 3887 de
1540 3839 1700 3916 quorum
1713 3808 1872 3882 nomini-

453 3932 524 4009 bus
542 3962 618 4010 non
633 3935 775 4012 recolit.
790 3937 890 4014 Dixit
904 3938 1018 4013 eciam
1036 3967 1103 4042 per
1116 3939 1370 4043 juramentum
1386 3970 1494 4016 suum
1506 3941 1626 4046 quod,
1643 3955 1726 4043 post
1741 3937 1871 4013 multas

453 4063 716 4165 promissiones
728 4063 838 4142 sectas
854 4066 957 4143 abeo
973 4068 1020 4143 (16
1036 4068 1273 4145 observandis
1288 4070 1431 4145 statutis
1449 4071 1536 4147 dicti
1550 4069 1706 4156 ordinis,
1721 4067 1873 4172 quidam

452 4191 598 4280 fratres,
620 4223 780 4299 quorum
799 4226 897 4273 unus
917 4197 1113 4274 vocabatur
1133 4199 1246 4275 frater
1263 4200 1491 4276 Baldoinnus
1512 4201 1559 4277 de
1575 4199 1711 4287 Theri,
1730 4215 1768 4274 et
1783 4196 1874 4273 alius

452 4321 966 4431 fraterlohanncsleVerjus,
985 4327 1169 4406 duxerunt
1181 4359 1267 4405 eum
1280 4328 1328 4405 ad
1338 4331 1656 4434 quamdamaliam
1665 4346 1822 4435 partem,
1840 4343 1875 4401 et
1928 4418 1931 4423 Ι

453 4455 698 4530 ostenderunt
716 4456 785 4531 sibi
810 4458 1009 4560 quamdam
1036 4488 1183 4535 crucem
1211 4461 1250 4535 in
1283 4454 1448 4565 quodam
1475 4461 1611 4538 missali
1640 4463 1677 4535 in
1701 4487 1775 4563 qun
1800 4474 1876 4532 erat

454 4581 570 4689 ligura
596 4584 712 4661 lhesu
733 4585 871 4663 Christi
893 4586 1052 4691 depicta,
1081 4606 1118 4664 et
1141 4591 1336 4694 pecierunt
1357 4591 1403 4668 ab
1430 4619 1475 4667 eo
1503 4609 1629 4666 utrum
1649 4591 1819 4666 crederet
1837 4587 1873 4660 in

455 4711 563 4787 illum
575 4715 681 4818 cujus
695 4744 828 4821 ymago
844 4733 920 4791 erat
933 4715 1004 4806 ibi;
1022 4721 1215 4823 respondit
1228 4720 1333 4825 quod
1343 4722 1411 4806 sic,
1431 4739 1468 4797 et
1482 4736 1571 4796 tunc
1584 4722 1757 4797 dixerunt
1771 4715 1873 4821 quod
