4230 5956
446 455 518 525 ssa
828 428 1023 521 rancus
1048 445 1143 517 nas
1168 445 1464 518 rummiens,

440 620 508 696 pro
522 588 631 667 nobis
646 589 779 664 stadiis
794 585 1050 693 peccatoribus
1065 582 1309 674 redimendis,
1326 603 1363 663 et
1381 585 1486 692 quod
1500 585 1677 665 credebat
1689 589 1729 664 in
1742 616 1852 678 eum;

441 738 479 797 et
496 738 588 797 tunc
605 717 794 826 predictus
813 717 997 822 recipiens
1017 714 1109 790 dixit
1127 713 1199 790 sibi
1219 714 1324 820 quod
1348 716 1444 792 male
1459 713 1656 804 credebat,
1686 734 1723 794 et
1746 718 1853 823 quod

440 848 635 956 oportebat
653 846 863 925 secundum
883 861 1018 922 statuta
1040 842 1185 920 ordinis
1204 844 1308 950 quod
1328 871 1415 921 eum
1434 845 1633 952 abnegaret
1649 863 1717 936 ter,
1740 864 1777 924 et
1794 864 1852 925 ter

439 995 590 1085 spueret
607 1005 718 1083 supra
737 1004 885 1053 crucem
907 990 946 1051 et
963 974 1172 1080 ymaginem
1193 971 1401 1078 predictas3
1420 974 1630 1081 precipiens
1656 975 1727 1052 sibi
1748 976 1851 1082 quod

440 1109 512 1184 hoc
529 1106 682 1194 faceret,
706 1104 833 1183 dicens
854 1102 977 1179 eidem
1003 1102 1069 1207 qui
1094 1100 1264 1206 loquitur
1281 1103 1386 1208 quod
1407 1120 1510 1180 tanta
1535 1120 1614 1180 erat
1632 1102 1852 1182 obediencia

328 1301 334 1313 .
439 1236 497 1312 sui
510 1226 669 1323 ordinis,
685 1233 789 1339 quod
806 1231 1002 1338 oportebat
1016 1229 1120 1336 quod
1133 1231 1211 1335 ipse
1227 1230 1289 1336 qui
1306 1229 1520 1336 loquituret
1532 1231 1593 1308 alii
1610 1230 1738 1309 fratres
1753 1233 1854 1310 ordi-

439 1365 497 1439 nis
515 1362 678 1439 facerent
692 1360 873 1466 quioquid
893 1377 1128 1466 preceptores
1148 1359 1205 1435 sui
1225 1359 1296 1436 sibi
1313 1361 1549 1467 preciperent
1566 1379 1852 1468 quantumcum-

439 1522 513 1599 que
535 1508 658 1570 essent
674 1491 783 1578 viles,
800 1492 911 1567 etiam
930 1492 961 1568 si
978 1507 1100 1568 essent
1117 1490 1324 1596 porcharii;
1346 1508 1384 1567 et
1401 1507 1491 1568 tunc
1503 1493 1584 1597 ipse
1600 1491 1664 1598 qui
1682 1492 1852 1597 loquitur

418 1639 422 1646 '
439 1621 633 1729 abnegavit
653 1650 739 1699 eum
755 1620 862 1727 cujus
877 1621 1000 1728 imago
1014 1637 1092 1698 erat
1108 1621 1147 1695 in
1164 1618 1261 1697 dicta
1277 1648 1384 1697 cruce
1402 1638 1471 1709 ter,
1495 1639 1533 1698 et
1551 1639 1610 1699 ter
1623 1623 1723 1728 spuit
1739 1650 1850 1726 supra

440 1779 533 1829 eam.

494 1883 586 1959 Item
607 1881 699 1956 dixit
717 1909 785 1988 per
798 1883 1053 1988 juramentum
1075 1879 1178 1987 quod
1201 1881 1290 1958 fecit
1308 1909 1397 1959 eum
1421 1883 1505 1960 exui
1526 1878 1725 1972 vestes‚'et
1744 1908 1849 1958 oscu-

438 2011 534 2087 latus
559 2009 630 2088 suit
652 2010 829 2089 eumdem
855 2028 1047 2116 receptum
1069 2011 1106 2085 in
1132 2009 1206 2086 fine
1229 2011 1335 2114 spine
1361 2011 1462 2088 dorsi
1488 2011 1588 2086 etin
1611 2008 1792 2087 umbilico
1816 2027 1852 2085 et

438 2141 476 2215 in
497 2166 575 2218 ore.
1547 2198 1552 2209 .

493 2268 585 2344 Item
605 2267 698 2344 dixit
716 2267 820 2374 quod
839 2267 958 2344 credit
981 2267 1085 2373 quod
1105 2268 1166 2344 alii
1197 2269 1327 2345 fratres
1349 2268 1438 2345 dicti
1463 2268 1607 2346 ordinis
1621 2269 1852 2374 recipiuntur

437 2423 506 2501 per
525 2396 703 2473 eumdem
727 2397 898 2474 modum.

493 2525 585 2602 Item
604 2524 696 2602 dixit
709 2554 777 2632 per
789 2526 1046 2632 juramentum
1067 2554 1175 2602 suum
1192 2525 1362 2632 quodsi,
1378 2526 1435 2602 vel
1453 2543 1556 2603 metu
1576 2544 1849 2604 tormentorum

438 2655 497 2733 vel
514 2654 603 2733 alias
618 2684 696 2756 non
714 2654 805 2731 dixit
819 2653 924 2732 atiud
939 2684 1051 2761 quam
1069 2656 1280 2745 veritatem,
1302 2655 1425 2732 necin
1444 2656 1633 2762 premissis
1652 2655 1855 2734 immiscuit

437 2784 599 2892 aliquam
617 2784 830 2874 falsitatem,
855 2804 892 2862 et
908 2784 1012 2892 quod
1027 2814 1162 2892 puram
1183 2785 1372 2862 veritatem
1391 2784 1481 2860 dixit
1502 2812 1571 2889 pro
1592 2785 1709 2862 salute
1730 2786 1853 2862 anime

438 2943 515 2993 sue.

494 3175 587 3251 Item
610 3173 723 3249 irater
746 3174 917 3251 Ansellus
945 3176 991 3250 de
1018 3175 1198 3251 Rocheria
1221 3176 1347 3262 miles,
1370 3174 1650 3253 Cathalanensis
1677 3175 1848 3262 diocesis,

439 3301 544 3379 etatis
555 3328 623 3380 xxv
639 3331 822 3379 annorum
837 3303 896 3379 vel
908 3304 1017 3388 circa,
1036 3303 1278 3392 constitutus,
1291 3304 1439 3409 juratus
1456 3320 1493 3380 et
1505 3305 1705 3410 requisitus
1719 3305 1851 3382 eodem

438 3429 568 3519 modo,
582 3430 674 3506 dixit
684 3460 751 3536 per
759 3433 1015 3538 juramentum
1026 3461 1137 3508 suum
1157 3432 1262 3537 quod
1278 3433 1317 3508 in
1331 3431 1481 3509 instanti
1496 3435 1687 3511 Nativitate
1700 3434 1850 3510 Domini

439 3577 549 3637 erunt
572 3562 746 3652 truanni,
768 3565 872 3666 quod
896 3562 965 3638 fuit
986 3580 1158 3667 receptus
1177 3591 1245 3667 per
1268 3562 1418 3640 fratrem
1439 3564 1583 3641 Bellum
1607 3565 1653 3639 de
1679 3568 1731 3669 Ly
1756 3564 1853 3638 mili·

438 3707 530 3780 tem,
542 3708 799 3797 preceptorem
813 3691 962 3768 ballivis
973 3691 1268 3781 Cathalanensis,
1280 3694 1515 3798 presentibus
1525 3693 1635 3769 fratre
1648 3692 1850 3798 Hymberto

440 3821 487 3897 da
511 3819 634 3897 Cremi
663 3838 700 3898 et
725 3820 835 3898 fratre
862 3824 1018 3929 Hugone
1043 3822 1186 3899 Cochet
1220 3820 1356 3910 milite,
1384 3825 1449 3928 qui
1475 3822 1545 3899 fuit
1571 3839 1738 3926 receptus
1766 3849 1851 3897 cum

440 3976 502 4036 eo,
523 3965 561 4025 et
576 3949 655 4027 aliis
675 3950 721 4025 de
737 3978 900 4056 quorum
916 3951 1132 4028 nominibus
1152 3979 1228 4027 non
1242 3951 1386 4027 recolit.

495 4078 587 4152 ltem
615 4078 706 4155 dixit
736 4108 802 4186 per
826 4081 1082 4186 juramentum
1106 4109 1217 4158 suum
1243 4079 1358 4186 quod,
1384 4109 1429 4157 eo
1453 4099 1617 4186 recepto,
1638 4081 1850 4186 juramento

438 4206 593 4311 prestito
611 4207 657 4283 ab
671 4208 804 4285 eodem
821 4209 868 4285 de
882 4211 1027 4287 statutis
1045 4228 1082 4287 et
1101 4210 1252 4287 secretis
1266 4209 1409 4287 ordinis
1429 4209 1682 4298 observandis,
1700 4228 1738 4287 et
1753 4238 1851 4286 man·

439 4334 527 4413 tello
547 4336 617 4414 sibi
638 4336 685 4412 ad
704 4327 845 4415 collum
860 4341 999 4444 posito,
1022 4340 1204 4444 recipiens
1221 4354 1366 4417 ostensa
1391 4339 1460 4417 sibi
1486 4368 1594 4416 cruce
1621 4368 1705 4415 cum
1731 4338 1851 4448 effigie

438 4466 619 4556 crucifixi,
634 4469 802 4573 precepit
821 4469 891 4545 sibi
909 4469 1013 4574 quod
1033 4468 1233 4576 abnegaret
1247 4497 1334 4545 eum
1354 4487 1478 4557 terset
1495 4486 1553 4545 ter
1572 4486 1722 4575 spueret
1741 4497 1850 4574 supra

441 4622 586 4672 crucem
614 4614 651 4673 et
673 4599 883 4704 ymaginem
910 4597 1116 4702 predictam
1137 4597 1545 4705 quas.abnegacionem
1564 4617 1601 4676 et
1621 4599 1848 4709 spuicionem

439 4722 517 4824 ipse
537 4722 625 4801 fecit
644 4726 778 4813 semel,
803 4755 846 4803 ex
865 4751 948 4815 ore,
970 4726 1129 4802 sednon
1148 4727 1277 4816 corde,
1299 4743 1342 4804 ut
1358 4726 1460 4804 dicit.
