4230 5956
618 459 813 549 raucas
839 478 932 548 ons
959 476 1261 552 iuuencas.
1574 486 1646 557 507

291 618 465 694 Adiciens
479 615 582 722 quod
597 644 665 692 nec
680 617 856 722 Magister
869 645 938 694 nec
949 634 1183 723 preceptores
1203 647 1271 694 nec
1286 619 1489 699 visitatores
1504 624 1647 701 ordinis

235 746 381 853 Templi
395 766 463 823 nec
477 747 674 852 quisquam
687 746 780 823 alius
792 745 909 823 claves
923 747 1085 824 Ecclesie
1100 748 1338 837 nonhabens,
1350 749 1418 827 nisi
1431 752 1504 827 sint
1514 752 1648 830 fideles

234 876 430 982 presbiteri
445 878 564 953 etrite
578 876 734 953 delibuti
748 878 1009 955 execucionem
1027 878 1170 955 ordinis
1184 879 1363 957 habentes
1373 908 1392 955 a
1404 909 1473 959 suo
1490 883 1645 986 prelato,

234 1037 308 1085 non
326 1024 481 1113 possunt
501 1005 718 1085 confitentes
737 1007 929 1085 absolvere
948 1037 969 1084 a
987 1009 1157 1113 peccatis.
1179 1010 1263 1101 Qua
1282 1009 1437 1116 quidem
1457 1011 1646 1089 absolucio

235 1167 321 1214 cum
342 1137 541 1242 spiritualis
559 1138 606 1213 sit
626 1155 663 1213 et
682 1138 821 1214 animas
846 1137 1016 1214 liberata
1036 1138 1210 1243 peccatis,
1233 1156 1337 1244 putat
1358 1156 1394 1215 et
1414 1140 1531 1216 credit
1545 1141 1649 1247 quod

234 1296 255 1342 a
275 1269 424 1343 nemine
442 1268 560 1372 possit
580 1266 662 1342 fieri
675 1267 785 1374 'layco
805 1268 876 1343 uisi
895 1296 915 1344 a
934 1267 1014 1344 solo
1033 1267 1259 1373 presbiter0,
1287 1285 1329 1344 ut
1352 1269 1524 1375 predixit.
1549 1271 1650 1348 Dixit

235 1416 357 1473 tamen
377 1397 481 1502 quod
501 1396 658 1503 predicti
680 1397 842 1503 magistri
862 1413 900 1473 et
919 1414 1155 1502 preceptores
1174 1415 1212 1472 et
1237 1397 1441 1475 visitatores
1460 1398 1648 1476 interdum

234 1529 395 1632 pimiunt
411 1526 541 1603 fratres
555 1527 775 1604 criminosos
794 1544 833 1623 et
846 1526 1105 1631 delinquentes
1117 1527 1223 1631 penis
1234 1528 1502 1633 corporalibus,
1521 1529 1651 1605 verbe-

234 1675 355 1733 rantes
382 1657 536 1733 eosdem
556 1655 787 1760 incorpore,
815 1673 852 1732 et
873 1684 986 1760 penas
1014 1656 1101 1731 alias
1124 1657 1300 1761 infligunt
1324 1659 1418 1733 sicut
1440 1658 1479 1733 in
1504 1661 1650 1734 statutis

234 1787 349 1893 ipsius
369 1787 511 1863 ordinis
529 1785 781 1892 designantur,
803 1802 841 1861 et
866 1785 1055 1861 interdum
1077 1787 1229 1890 gratiam
1250 1786 1389 1862 faciunt
1409 1787 1504 1863 sicut
1525 1789 1578 1864 eis
1598 1791 1650 1864 vi·

235 1919 357 2004 detur,
370 1934 532 2022 etpenas
545 1915 727 2020 predictas
739 1916 797 1991 vel
811 1934 963 2019 prorsus
977 1915 1140 1992 relaxant
1158 1914 1214 1991 vel
1227 1916 1398 2022 mitigant
1411 1916 1505 1992 sicut
1515 1915 1647 2024 placet.

290 2051 381 2124 Item
396 2046 584 2123 confessus
604 2044 790 2150 estquod,
812 2059 981 2149 tempore
1000 2073 1066 2122 sue
1079 2045 1323 2149 recepcioins‚
1337 2044 1467 2123 fratres
1482 2046 1649 2152 ejusdem

236 2177 376 2255 ordinis
390 2177 615 2282 promittunt
633 2175 823 2280 recipienti
842 2201 907 2252 eos
926 2201 968 2252 se
986 2201 1061 2250 non
1082 2173 1294 2252 deserturos
1310 2177 1480 2253 ordinem
1501 2179 1648 2282 Templi

235 2324 465 2412 assumpttun
487 2333 556 2411 pro
579 2305 709 2411 quovis
733 2303 806 2381 alio
826 2304 958 2381 ordine
979 2304 1120 2410 majore
1144 2303 1201 2382 vel
1224 2304 1377 2394 leviore,
1403 2307 1473 2383 nisi
1498 2305 1649 2385 facultas

236 2438 369 2542 agendi
388 2439 456 2512 bec
474 2464 494 2511 a
514 2435 583 2513 sibi
605 2434 798 2541 superiore
819 2451 856 2510 et
872 2433 1027 2511 licencia
1045 2433 1242 2512 tribuatur.

290 2568 391 2644 Dixit
411 2567 527 2643 eciam
547 2565 650 2672 quod
669 2566 792 2641 statim
811 2565 950 2668 recepti
968 2564 1016 2640 ad
1036 2563 1176 2640 dictum
1196 2566 1368 2642 ordinem
1388 2595 1457 2671 pro
1475 2568 1649 2673 professis

236 2683 431 2782 habentur,
457 2714 494 2773 et
512 2696 615 2803 quod
638 2722 769 2772 eorum
788 2695 958 2800 recepcio
972 2695 1096 2801 jannis
1116 2695 1248 2771 clausis
1266 2694 1309 2771 fit
1319 2696 1358 2772 in
1378 2694 1515 2802 capella
1535 2717 1572 2774 et
1591 2727 1649 2774 ea-

235 2827 356 2931 pitnlo
372 2827 487 2904 Mansi
503 2827 590 2913 Dei,
607 2825 764 2902 exclusis
780 2823 976 2910 exuaueis,
997 2841 1034 2900 et
1053 2824 1140 2901 solis
1154 2824 1327 2901 fratribus
1341 2827 1576 2930 presentibus
1587 2856 1649 2905 or-

235 2957 335 3032 dinis
353 2958 418 3062 qni
438 2973 530 3032 tunc
542 2956 690 3043 adsunt;
713 2972 751 3031 et
769 2954 841 3031 hoc
856 2953 943 3031 ideo
959 2953 1039 3031 fieri
1061 2953 1152 3029 dixit
1168 2954 1214 3030 de
1229 2981 1332 3032 more
1348 2972 1385 3031 et
1403 2958 1546 3033 statutis
1559 2956 1646 3034 dicti

236 3086 392 3173 ordinis,
413 3087 499 3192 quia
514 3087 552 3161 in
568 3084 737 3191 capitulis
755 3086 794 3159 in
814 3083 951 3189 quibus
970 3083 1101 3160 fratres
1121 3083 1352 3188 recipiuntur
1369 3086 1485 3162 multa
1499 3086 1595 3163 fiunt
1606 3104 1649 3164 et

234 3233 435 3293 tractantur
454 3234 591 3294 secreta
609 3221 683 3320 que
695 3243 773 3292 non
793 3215 880 3291 lieet
895 3213 980 3290 aliis
999 3242 1111 3320 quam
1131 3213 1304 3291 fratribus
1323 3216 1517 3321 publicari.
1617 3312 1619 3319 A

290 3345 348 3421 Ad
366 3346 566 3422 xl-—lxxxu
580 3344 754 3421 articulos
770 3344 963 3430 inclusive,
985 3344 1182 3449 diligenter
1197 3361 1233 3420 et
1248 3344 1432 3450 sigillatim
1444 3347 1650 3452 interroga·

234 3494 313 3564 tus,
335 3477 564 3581 respondens
578 3476 725 3580 negavit
735 3475 1016 3579 ipsosarticulos
1027 3492 1063 3549 et
1076 3475 1200 3551 omnia
1212 3491 1250 3548 et
1261 3475 1404 3579 singula
1424 3494 1593 3553 contenta
1610 3478 1648 3552 in

236 3607 304 3692 eis,
321 3625 472 3711 excepto
488 3605 591 3710 quod
608 3604 703 3708 ipse,
721 3620 759 3678 et
775 3603 874 3677 idern
890 3604 1009 3678 credit
1029 3602 1075 3676 de
1089 3602 1169 3677 aliis
1181 3600 1372 3689 fratribus,
1388 3621 1511 3706 portat
1521 3598 1649 3709 cingu-

235 3735 314 3811 lum
329 3736 376 3811 de
391 3735 470 3811 lino
482 3734 539 3810 vel
551 3733 598 3809 de
609 3759 750 3837 canape
761 3758 872 3836 super
886 3731 1090 3817 camisiam,
1108 3731 1156 3806 ad
1164 3729 1433 3835 designandum
1444 3734 1643 3811 castitatem

97 3912 103 3922 .,
235 3892 348 3969 quam
363 3865 432 3969 ipsi
446 3863 575 3940 fratres
592 3863 631 3937 in
650 3888 715 3938 sua
727 3861 943 3965 recepcione
962 3861 1145 3964 receptori
1164 3861 1388 3965 promittunt
1407 3889 1561 3940 servare.
1636 3908 1640 3915 ·

187 4013 191 4018 “
278 3995 389 4072 Dixit
404 4013 527 4072 tamen
541 3993 643 4100 quod
663 3993 752 4098 ipsis
767 3989 930 4068 cordulis
945 4018 1021 4068 uon
1034 3992 1233 4097 cinguntur
1245 4019 1314 4068 nec
1327 4009 1529 4099 tanguntur
1540 3995 1648 4101 ydola

234 4154 303 4202 nec
319 4126 437 4232 capita
456 4125 578 4230 aliqua
595 4123 813 4231 ydolorum,
829 4149 898 4198 nec
912 4122 981 4198 scit
996 4150 1065 4198 nec
1085 4149 1249 4228 unquam
1268 4122 1409 4201 audivit
1421 4121 1573 4203 fratrem
1587 4124 1650 4202 ali·

234 4285 348 4364 quem
374 4257 437 4363 qui
461 4256 597 4332 talibus
614 4254 778 4332 cordulis
797 4255 940 4330 cinctus
964 4253 1077 4330 fuerit
1095 4254 1149 4329 sic
1168 4252 1319 4359 pollutis
1338 4253 1377 4329 in
1393 4254 1516 4361 ydolis
1535 4273 1574 4333 et
1593 4257 1649 4333 in·

236 4386 351 4464 fectis.

290 4519 382 4593 ltem
405 4516 497 4592 dixit
516 4515 618 4622 quod
637 4517 715 4620 ipse
741 4514 777 4590 in
796 4514 907 4590 nullis
928 4515 1098 4619 capitulis
1120 4515 1211 4591 dicti-
1228 4514 1371 4591 ordinis
1391 4540 1556 4619 unquam
1577 4516 1650 4593 fuit

235 4647 306 4722 nisi
333 4647 371 4723 in
391 4644 479 4724 solis
499 4645 664 4751 capitulis
687 4642 822 4721 domus
842 4644 958 4722 Mansi
984 4644 1071 4733 Dei3
1093 4671 1167 4750 que
1188 4672 1274 4720 cum
1294 4642 1393 4720 fiunt
1411 4644 1647 4750 presentibus

236 4776 407 4854 fratribus
419 4777 516 4854 dicte
529 4776 679 4863 domus,
698 4776 736 4851 in
747 4774 883 4880 capella
893 4773 1062 4881 ejusdem
1074 4774 1224 4861 domus,
1241 4774 1376 4853 clausis
1391 4776 1524 4854 hostiis
1536 4775 1646 4865 liunt,

1433 4922 1482 4989 6t.
