4230 5956
708 450 903 543 raucas
929 470 1025 541 ons
1050 468 1346 543 rnuemnas.
1635 418 1731 549 ¹aas

324 610 542 697 tinenciam‚
569 608 680 684 dabat
706 610 759 685 eis
783 608 975 685 licenciam
998 607 1238 715 refrigerandi
1263 638 1302 687 so
1331 637 1415 685 cum
1440 608 1522 685 aliis
1545 611 1730 692 fratribus.

322 741 422 818 Dixit
434 757 559 816 tamen
576 738 681 843 quod
695 767 771 816 non
785 739 1011 845 precipiebat
1026 741 1080 817 eis
1096 740 1260 845 predicta
1276 739 1407 826 corde,
1430 738 1498 815 sed
1515 770 1579 818 ore
1594 743 1731 821 solum.

322 870 535 978 Requisitus
554 897 597 946 ex
621 896 698 974 quo
717 869 883 975 predicta
907 897 985 948 non
1010 870 1239 977 precipiebat
1266 871 1379 948 corde
1403 870 1472 951 sed
1496 898 1561 949 ore
1588 873 1731 961 solum,

320 1030 434 1107 quare
454 1002 527 1079 hoc
539 999 710 1089 faciebat,
731 1001 924 1106 respondit
942 1029 1009 1107 per
1018 1002 1275 1107 juramentum
1291 1029 1402 1077 suum
1419 1001 1524 1106 quod
1536 1001 1609 1079 boc
1625 1001 1734 1081 lacie-

320 1132 400 1219 bat,
421 1132 510 1236 quia
532 1159 620 1212 usus
640 1148 717 1207 erat
737 1130 784 1207 de
804 1131 949 1208 statutis
968 1131 1123 1209 ordinis.
1139 1131 1354 1236 Requisitus
1371 1146 1500 1207 utrum
1520 1130 1575 1209 illi
1589 1134 1655 1238 qni
1676 1161 1737 1209 res

320 1262 416 1367 cepti
433 1260 585 1337 luerunt
604 1261 651 1337 de
668 1261 841 1341 mandato
860 1287 929 1338 suo
943 1290 1010 1366 per
1027 1259 1133 1348 alios,
1155 1260 1291 1337 eodem
1304 1259 1420 1338 modo
1434 1288 1628 1367 perquem
1640 1263 1734 1339 dixit

320 1420 359 1469 se
382 1392 473 1467 alios
492 1391 675 1494 recepisse
700 1391 839 1497 recepti
859 1389 1028 1478 bierunt,
1058 1391 1248 1495 respondit
1269 1389 1375 1496 quod
1392 1385 1532 1480 nescit,
1562 1395 1652 1499 quia
1670 1392 1733 1469 illa

320 1549 394 1624 qne
414 1519 511 1595 liunt
524 1521 563 1595 in
578 1519 748 1624 capitulis
765 1520 891 1625 aliquo
906 1520 1022 1598 modo
1042 1549 1118 1598 non
1138 1537 1295 1627 possunt
1307 1519 1461 1597 revelari
1480 1520 1637 1628 illisqui
1655 1549 1730 1600 non

318 1649 470 1726 fuerunt
487 1666 692 1755 presentes,
709 1676 777 1727 nec
792 1650 876 1727 sciri
891 1650 938 1726 ab
953 1651 1023 1737 eis,
1044 1668 1081 1727 et
1099 1649 1185 1727 ideo
1203 1650 1321 1727 nescit
1334 1650 1365 1726 si
1378 1650 1429 1726 ita
1444 1650 1729 1755 recipiebantur.

318 1779 530 1884 Requisitus
548 1795 675 1855 utrum
690 1779 859 1857 crederet
875 1780 980 1885 qnod
993 1807 1123 1857 omnes
1136 1780 1267 1857 iratres
1279 1779 1370 1857 dicti
1383 1779 1527 1857 ordinis
1542 1778 1732 1883 perillum

318 1910 474 1986 modum
499 1909 573 1985 sint
597 1911 754 2011 recepti,
781 1910 976 2012 respondit
1000 1910 1105 2013 quod
1132 1938 1206 1986 non
1237 1907 1421 1987 credebat.
1454 1910 1583 1985 Postea
1608 1926 1731 1985 tamen

319 2036 413 2112 dicta
433 2036 494 2110 die
514 2036 553 2110 in
574 2034 662 2111 dicti
684 2036 942 2123 commissarii,
959 2052 1129 2113 nostrum
1145 2039 1376 2114 notariorum
1398 2054 1435 2111 et
1451 2037 1600 2113 testium
1621 2037 1733 2115 inira-

319 2165 539 2268 scriptorum
555 2190 789 2266 comparens,
813 2162 904 2241 dixit
921 2160 1026 2266 quod
1044 2163 1142 2239 male
1161 2163 1393 2241 intellexerat
1412 2180 1448 2238 et
1464 2164 1558 2241 malo
1579 2193 1733 2272 respon-

320 2295 444 2381 derat,
468 2310 505 2369 et
533 2291 625 2367 dixit
642 2320 710 2396 per
723 2292 977 2396 juramentum
1005 2321 1118 2370 suum
1142 2292 1246 2399 quod
1273 2292 1410 2369 melius
1431 2294 1606 2372 credebat
1628 2298 1733 2401 qnod

321 2450 451 2500 omnes
467 2423 720 2527 reciperentur
734 2449 800 2526 per
819 2420 926 2498 illum
949 2421 1106 2499 modum
1125 2450 1237 2527 quam
1251 2449 1319 2527 per
1338 2421 1470 2510 alium,
1492 2439 1530 2501 et
1548 2423 1622 2501 hoc
1636 2426 1734 2505 dice·
1813 2410 1817 2419 ¹

319 2553 382 2630 bat
400 2581 512 2631 suum
531 2551 673 2629 dictum
694 2550 932 2657 corrigendo,
960 2567 998 2627 et
1021 2579 1068 2628 ne
1090 2551 1522 2658 degereret.Req11isitus
1543 2554 1590 2630 de
1613 2557 1732 2661 capite

319 2683 366 2759 de
383 2710 460 2788 quo
472 2710 582 2785 supra
596 2682 640 2758 [it
651 2681 813 2770 mencio,
829 2679 921 2757 dixit
934 2708 1002 2786 per
1010 2681 1263 2787 juramentum
1279 2709 1390 2759 suum
1403 2682 1507 2786 quod
1521 2682 1617 2759 illud
1631 2684 1734 2761 vide·

318 2829 389 2901 rat,
415 2827 584 2888 tenuerat
611 2828 648 2886 et
673 2810 880 2916 palpaverat
906 2811 1006 2914 apud
1036 2810 1457 2915 Montempessulauum,
1498 2811 1537 2887 in
1566 2813 1731 2916 quodam

319 2941 494 3048 capittdo,
521 2957 559 3017 et
586 2941 663 3044 ipse
690 2958 727 3016 et
756 2939 818 3017 alii
847 2937 978 3017 iratres
1011 2956 1203 3045 presentes
1232 2938 1327 3017 illud
1354 2940 1604 3021 adoraverant.
1633 2943 1734 3031 Dixit

318 3088 442 3147 tamen
458 3071 562 3175 quod
586 3097 651 3147 ore
669 3086 708 3145 et
722 3069 898 3174 fingendo
915 3070 1143 3158 adoraverat,
1166 3085 1203 3147 et
1221 3097 1296 3147 non
1316 3070 1452 3147 corde:
1473 3068 1590 3147 nescit
1607 3085 1732 3149 tamen

319 3202 349 3277 si
362 3200 425 3277 alii
442 3200 572 3277 fratres
587 3199 790 3277 adorabant
809 3200 934 3279 corde.
954 3199 1166 3306 Requisitus
1183 3198 1328 3286 ubisit,
1358 3198 1450 3275 dixit
1467 3198 1571 3305 quod
1592 3200 1733 3280 dimisit

319 3331 415 3407 illud
431 3329 533 3407 fratri
554 3332 661 3407 Petro
677 3329 900 3408 Alemaudin
916 3329 1123 3436 preceptori
1142 3330 1276 3407 domm
1295 3329 1639 3436 Montispessulani,
1664 3329 1733 3409 sed

318 3462 433 3537 nescit
456 3478 581 3538 utrxun
600 3479 726 3567 gentes
747 3462 843 3567 regis
867 3461 963 3539 illud
981 3462 1198 3539 invenerint.
1219 3460 1319 3539 Dixit
1338 3461 1443 3567 quod
1466 3459 1605 3537 dictum
1621 3478 1732 3567 caput

317 3591 478 3669 habebat
493 3609 652 3696 quatuor
669 3592 799 3694 pedes,
821 3591 915 3669 duos
935 3610 1019 3668 ante
1038 3620 1081 3668 ex
1099 3609 1204 3695 parte·
1216 3589 1339 3676 faciei,
1361 3607 1399 3667 et
1416 3589 1512 3668 duos
1526 3607 1637 3665 retro.
1659 3591 1728 3666 Re·

316 3722 474 3826 quisitus
484 3751 551 3827 per
554 3723 811 3827 juramentum
821 3750 932 3799 suum
939 3739 1067 3798 utrum
1077 3717 1579 3806 vi,velmetutormentorum
1590 3718 1647 3795 vel
1658 3745 1731 3795 car·

318 3853 426 3940 ceris,
438 3880 506 3928 seu
521 3851 590 3927 alia
604 3830 654 3928 de
664 3879 788 3937 causa,
801 3850 961 3957 aliquam
976 3848 1173 3927 falsitatem
1183 3848 1334 3927 dixisset
1342 3847 1676 3925 autimmiscuisset
1689 3847 1728 3923 in

319 4007 386 4055 sua
405 3981 660 4087 deposicione,
677 3998 741 4057 aut
756 3981 945 4059 veritatem
962 3980 1148 4067 tacuisset,
1172 3979 1265 4056 dixit
1278 4007 1346 4085 per
1350 3979 1605 4085 juramentum
1619 4005 1729 4057 suurn

320 4109 422 4212 quod
437 4137 532 4198 non3
551 4111 667 4186 immo
682 4139 813 4216 puram
833 4111 912 4187 sine
932 4111 1059 4217 aliquo
1074 4108 1268 4187 mendacio
1284 4108 1423 4185 dixerat
1442 4107 1641 4185 veritatem.

374 4367 466 4442 Item
481 4365 594 4443 lrater
615 4367 833 4473 badulphus
853 4368 900 4445 de
923 4369 1010 4475 Gysi
1036 4385 1207 4475 receptor
1225 4367 1414 4473 quondam
1427 4368 1645 4476 Campanis,
1662 4383 1735 4483 staff

318 4495 364 4571 tis
383 4497 652 4605 qninquaginta
675 4510 872 4586 antrorum,
890 4500 1037 4606 juratus
1057 4499 1192 4579 eodem
1213 4498 1327 4576 modo
1358 4514 1395 4576 et
1416 4499 1661 4604 intenogatus
1684 4495 1733 4579 de

318 4641 488 4732 tempore
510 4645 548 4705 et
564 4627 680 4706 modo
700 4655 765 4705 sue
781 4630 1025 4735 recepcionis,
1044 4629 1135 4707 dixit
1152 4656 1219 4735 per
1232 4628 1489 4735 juramentum
1502 4656 1613 4709 suum
1629 4626 1733 4734 quod

319 4757 447 4865 viginti
468 4758 545 4837 duo
560 4761 646 4837 anni
664 4776 751 4837 sunt
764 4759 823 4837 vel
838 4760 933 4839 circa
951 4761 1056 4870 quod
1074 4760 1147 4841 luit
1161 4780 1331 4867 receptus
1351 4762 1391 4839 in
1411 4763 1527 4841 domo
1544 4762 1592 4840 de
1608 4760 1732 4839 Valeia

1514 4908 1564 4977 tt.
