4230 5956
446 439 520 514 l58
832 435 1030 511 PROCES
1058 437 1155 510 DBS
1179 436 1481 508 Tsttrttuus.

444 582 582 659 milites
600 578 770 687 ejusdem
789 581 936 657 ordinis
954 597 1106 687 portant
1125 578 1327 656 mantellos
1339 578 1449 656 albos
1466 579 1507 654 in
1518 575 1662 683 quihus
1673 597 1894 655 consutum

444 733 482 790 et
499 713 615 790 lixum
635 730 692 790 est
712 711 924 789 venerabile
944 714 1093 819 signum
1111 711 1232 788 rubee
1250 711 1389 796 mucis,
1411 710 1451 785 in
1469 709 1618 815 siguum
1637 709 1893 786 sacratioeimi

443 845 634 951 sanguinis
649 842 766 919 Jhesu
781 843 920 921 Christi
937 872 1052 950 quem
1077 844 1157 949 ipse
1181 842 1220 918 in
1241 841 1344 948 liguo
1363 841 1485 918 cruds
1509 837 1654 916 vivifice
1679 839 1783 917 ludit
1811 871 1894 947 μυ

444 977 527 1084 ejus
546 974 724 1052 lidehbus
739 992 777 1051 et
797 1003 868 1079 pro
887 976 990 1081 ipsis.
1014 975 1118 1052 Dixit
1137 974 1254 1050 eciam
1272 972 1378 1080 quod
1398 972 1623 1049 eorumden
1641 972 1894 1079 Templario-

445 1104 1478 1211 mmhabimsconstatetestinanoepredicta,que
1505 1102 1894 1182 crambe-acum-

445 1238 571 1314 muuis
588 1255 665 1313 tam
685 1234 867 1315 militibus
880 1264 995 1342 quam
1011 1263 1088 1312 non
1105 1233 1292 1312 tuilitrbus
1304 1233 1483 1312 fratribus
1498 1234 1644 1311 ordinis
1657 1235 1890 1340 supradicti.

445 1367 603 1444 Addidit
620 1396 774 1474 quoque
793 1367 899 1474 quod
918 1368 990 1473 ipsi
1014 1367 1237 1473 Templarii,
1258 1365 1417 1472 siugulis
1434 1366 1559 1453 annis,
1579 1367 1618 1441 iu
1637 1364 1706 1442 die
1720 1368 1892 1444 Verteris

445 1518 593 1586 saum,
617 1497 817 1576 discalciati
843 1518 881 1576 ct
907 1500 987 1575 siue
1010 1497 1138 1606 gladio
1162 1498 1291 1605 aliquo
1311 1517 1349 1575 et
1367 1497 1545 1575 omnibus
1563 1495 1658 1575 colis
1674 1498 1889 1604 depositis

445 1649 483 1708 et
501 1632 606 1709 nudo
624 1631 762 1737 capite,
786 1632 941 1708 veniunt
963 1631 1013 1708 ad
1037 1630 1266 1708 adorandam
1287 1658 1455 1716 aucam,
1479 1629 1587 1706 flexis
1606 1629 1773 1738 genibus
1792 1651 1891 1708 ante

445 1791 539 1840 cam.
554 1763 602 1839 Et
615 1762 719 1839 idem
732 1761 873 1838 faciunt
891 1762 1084 1838 aunuatim
1099 1760 1232 1838 fratres
1251 1762 1380 1839 omnis
1390 1759 1486 1838 dicti
1497 1761 1645 1839 ordinis
1663 1762 1702 1836 in
1721 1762 1891 1839 duobus

445 1895 549 1973 lestis
563 1895 697 1973 Sancte
719 1894 870 1978 Crucis,
887 1893 1063 1971 videlicet
1080 1893 1267 1971 mensium
1296 1893 1385 1968 maii
1411 1910 1452 1969 et
1480 1892 1721 1999 septembris,
1747 1894 1891 1971 diceu-

444 2046 526 2104 tes:
543 2026 780 2105 «Adoramus
797 2047 851 2114 te,
872 2027 1038 2114 Christe,
1056 2045 1093 2103 et
1110 2025 1371 2105 benedicimus
1389 2027 1475 2115 tibi,
1496 2026 1603 2133 quod
1622 2054 1693 2132 por
1712 2046 1890 2103 sanctam

445 2187 594 2236 crucem
614 2176 717 2234 tuam
743 2158 937 2235 redemisti
957 2159 1156 2236 mundum.
1172 2198 1187 2227 ι
1210 2160 1374 2264 Excepto
1398 2159 1505 2265 quod
1530 2159 1570 2234 in
1593 2158 1704 2234 dictis
1724 2156 1892 2236 duobus

444 2288 548 2365 sestis
568 2290 701 2367 Sancte
720 2287 852 2365 Crucis
870 2289 1024 2366 veniunt
1048 2289 1097 2366 ad
1121 2289 1242 2395 ipsam
1273 2318 1423 2367 cmcem
1453 2288 1683 2366 adorandam
1714 2289 1891 2394 pedibus

446 2419 621 2495 calciatis:

501 2549 560 2627 hd
573 2575 779 2626 aru—xxm
798 2549 975 2626 articulos
998 2550 1193 2635 inclusive,
1216 2549 1420 2657 diiigenter
1436 2570 1476 2629 et
1497 2550 1686 2660 sigillatim
1715 2551 1890 2630 interro-

445 2701 568 2788 gatus,
590 2681 824 2788 respondens
842 2680 935 2757 dixit
963 2699 999 2757 et
1033 2682 1179 2789 negarit
1207 2710 1340 2760 omues
1372 2700 1411 2760 et
1441 2683 1610 2788 singulos
1637 2682 1820 2760 articulos
1846 2703 1889 2760 et

445 2815 571 2890 omnia
591 2831 629 2890 et
648 2813 790 2920 singula
810 2831 986 2890 contenta
1005 2815 1045 2889 in
1064 2814 1137 2901 cis,
1159 2814 1327 2891 adiciens
1345 2815 1451 2921 quod
1470 2815 1551 2921 ipse
1572 2833 1611 2891 et
1627 2814 1762 2891 fratres
1787 2815 1886 2891 dicti

445 2946 589 3023 ordinis
607 2964 666 3022 ter
684 2945 724 3021 iu
741 2974 840 3022 auno
858 2946 1047 3050 recipiunt
1060 2974 1197 3051 corpus
1207 2946 1360 3033 Christi,
1381 2946 1558 3051 videlicet
1576 2946 1616 3023 in
1629 2946 1733 3022 lestis
1745 2947 1887 3023 Restar-

446 3079 620 3152 rectionis
637 3077 853 3164 Dominice,
876 3078 1151 3165 Penthecostes,
1173 3095 1212 3154 et
1230 3079 1436 3156 Nativitaris
1449 3079 1548 3185 ejus,
1567 3108 1672 3185 spem
1691 3107 1797 3155 stram
1814 3078 1887 3154 fir-

446 3234 546 3282 mam
566 3205 745 3281 habentes
764 3208 803 3282 iu
824 3207 925 3283 dicto
952 3236 1058 3285 sacro
1071 3232 1240 3315 'corpore
1263 3209 1379 3286 Jhesu
1403 3210 1544 3289 Christi
1568 3211 1673 3317 quod
1700 3213 1738 3286 in
1764 3209 1883 3288 dictis

446 3335 703 3413 festivitatibus
715 3337 918 3442 recipiunt,
937 3356 981 3412 ut
995 3366 1063 3443 per
1073 3339 1197 3442 ipsum
1215 3367 1347 3415 eorum
1360 3344 1486 3419 anime
1501 3343 1597 3419 salve
1610 3341 1718 3423 liant:
1731 3359 1769 3417 et
1779 3343 1884 3419 sicut

447 3469 602 3545 credunt
622 3469 669 3544 de
690 3468 791 3545 dicto
810 3496 914 3545 sacro
935 3498 1091 3576 corpore
1116 3470 1231 3547 Jhesu
1251 3471 1389 3549 Christi
1413 3475 1519 3580 quod
1538 3477 1586 3551 sit
1603 3474 1702 3551 salus
1723 3503 1882 3564 aarum,

447 3601 498 3677 sic
519 3617 555 3676 et
576 3601 710 3677 eodem
731 3601 845 3677 modo
866 3601 1023 3677 creduut
1043 3602 1090 3676 ad
1111 3602 1267 3679 salutem
1290 3632 1394 3680 suam
1411 3624 1535 3682 sancte
1548 3605 1712 3682 Ecclesie
1733 3606 1883 3711 reliqua

447 3752 672 3810 sacramenta
687 3761 762 3839 que
776 3750 861 3810 sunt
871 3733 1093 3839 baptismus,
1111 3735 1350 3813 confirmacio
1367 3739 1563 3826 crismatis,
1582 3739 1809 3814 consecratio
1818 3767 1882 3813 sa-

446 3866 495 3939 cri
519 3866 685 3970 corporis
705 3883 743 3940 et
762 3865 919 3971 preciosi
938 3866 1128 3969 sanguinis
1142 3866 1258 3943 Jhesu
1273 3867 1411 3944 Christi
1428 3869 1534 3975 quod
1548 3868 1590 3945 lit
1605 3897 1674 3975 per
1691 3870 1883 3975 presbite-

446 4025 507 4071 ros
530 3997 565 4070 in
587 3997 708 4083 altari,
731 3997 1029 4083 matrimonium,
1052 4026 1153 4073 sacer
1171 3999 1267 4076 ordo
1288 3999 1526 4090 clericorum,
1545 4001 1728 4079 consessio
1748 4030 1882 4106 pecca-

445 4144 568 4202 torum
595 4145 630 4202 et
654 4127 834 4234 injunctio
863 4129 1073 4234 penitencie
1098 4129 1280 4217 salutaris,
1311 4150 1348 4208 et
1367 4132 1546 4209 ultimum
1568 4151 1726 4208 extrema
1744 4135 1880 4210 unctio

445 4287 532 4333 cum
547 4275 674 4335 saneto
688 4257 773 4334 oleo
792 4257 1045 4335 intirmorum.

503 4391 559 4465 Ad
579 4416 843 4468 trun-xxviii
864 4391 1037 4468 articulos
1060 4392 1253 4482 inclusive,
1278 4393 1477 4500 diligenter
1495 4414 1533 4471 et
1553 4394 1741 4502 sigillatim
1763 4397 1880 4473 iuter-

445 4540 609 4627 rogatus,
639 4523 784 4629 negavit
804 4523 904 4628 ipsos
928 4523 1102 4601 articulos
1128 4543 1166 4603 et
1185 4526 1311 4603 omnia
1338 4543 1376 4604 et
1390 4527 1534 4635 singula
1551 4545 1725 4606 contenta
1746 4528 1785 4602 in
1802 4529 1876 4612 eis,

447 4653 545 4728 salvo
560 4656 664 4759 quod
684 4654 876 4732 consessus
889 4673 943 4731 est
959 4655 1064 4762 quod
1079 4658 1253 4763 Magister
1274 4677 1311 4734 et
1330 4659 1391 4734 alii
1408 4678 1647 4765 preceptores
1666 4659 1754 4736 dicti
1771 4660 1878 4736 ordi-

446 4781 504 4856 nis
524 4782 698 4890 iufligunt
719 4803 756 4861 et
776 4805 929 4889 possunt
948 4787 1118 4891 infligere
1137 4816 1207 4893 pro
1227 4790 1394 4867 comissis
1414 4791 1634 4868 criminibus
1652 4818 1768 4897 penas
1790 4819 1876 4867 cor-
