<?xml version="1.0" encoding="UTF-8"?>
<!DOCTYPE html PUBLIC "-//W3C//DTD XHTML 1.0 Transitional//EN"
    "http://www.w3.org/TR/xhtml1/DTD/xhtml1-transitional.dtd">
<html xmlns="http://www.w3.org/1999/xhtml" xml:lang="en" lang="en">
 <head>
  <title>
</title>
<meta http-equiv="Content-Type" content="text/html;charset=utf-8" />
  <meta name='ocr-system' content='tesseract 3.04.00' />
  <meta name='ocr-capabilities' content='ocr_page ocr_carea ocr_par ocr_line ocrx_word'/>
</head>
<body>
  <div class='ocr_page' id='page_1' title='image "./procsdestemplie01defegoog/procsdestemplie01defegoog_0103.png"; bbox 0 0 4230 5956; ppageno 0'>
   <div class='ocr_carea' id='block_1_1' title="bbox 643 471 1669 565">
    <p class='ocr_par' dir='ltr' id='par_1_1' title="bbox 643 471 1669 565">
     <span class='ocr_line' id='line_1_1' title="bbox 643 471 1669 565; baseline 0.004 -4"><span class='ocrx_word' id='word_1_1' title='bbox 643 471 958 564; x_wconf 78' lang='lat' dir='ltr'>raocbsnns</span> <span class='ocrx_word' id='word_1_2' title='bbox 985 489 1287 563; x_wconf 74' lang='lat' dir='ltr'>rennuens.</span> <span class='ocrx_word' id='word_1_3' title='bbox 1623 496 1669 565; x_wconf 82' lang='lat'>77</span> 
     </span>
    </p>
   </div>
   <div class='ocr_carea' id='block_1_2' title="bbox 168 627 1673 2936">
    <p class='ocr_par' dir='ltr' id='par_1_2' title="bbox 168 627 1673 2936">
     <span class='ocr_line' id='line_1_2' title="bbox 258 627 1672 736; baseline 0 -28"><span class='ocrx_word' id='word_1_4' title='bbox 258 628 409 708; x_wconf 78' lang='lat' dir='ltr'>ordinis</span> <span class='ocrx_word' id='word_1_5' title='bbox 431 627 608 708; x_wconf 86' lang='lat' dir='ltr'>Cordulis</span> <span class='ocrx_word' id='word_1_6' title='bbox 627 632 729 709; x_wconf 89' lang='lat' dir='ltr'>unde</span> <span class='ocrx_word' id='word_1_7' title='bbox 752 630 927 709; x_wconf 89' lang='lat' dir='ltr'>volebant</span> <span class='ocrx_word' id='word_1_8' title='bbox 948 629 1148 735; x_wconf 79' lang='lat' dir='ltr'><strong>assumptis</strong></span> <span class='ocrx_word' id='word_1_9' title='bbox 1167 627 1413 736; x_wconf 82' lang='lat' dir='ltr'>cingebantur</span> <span class='ocrx_word' id='word_1_10' title='bbox 1428 657 1541 732; x_wconf 90' lang='lat' dir='ltr'>super</span> <span class='ocrx_word' id='word_1_11' title='bbox 1559 632 1672 708; x_wconf 88' lang='lat' dir='ltr'>cami·</span> 
     </span>
     <span class='ocr_line' id='line_1_3' title="bbox 255 757 1673 868; baseline -0.001 -29"><span class='ocrx_word' id='word_1_12' title='bbox 255 759 327 839; x_wconf 84' lang='lat' dir='ltr'>sias</span> <span class='ocrx_word' id='word_1_13' title='bbox 353 786 441 837; x_wconf 91' lang='lat' dir='ltr'>cum</span> <span class='ocrx_word' id='word_1_14' title='bbox 471 759 629 864; x_wconf 85' lang='lat' dir='ltr'>quibus.</span> <span class='ocrx_word' id='word_1_15' title='bbox 639 759 824 866; x_wconf 85' lang='lat' dir='ltr'>jacebant.</span> <span class='ocrx_word' id='word_1_16' title='bbox 857 760 1072 868; x_wconf 88' lang='lat' dir='ltr'>lnjunctnm</span> <span class='ocrx_word' id='word_1_17' title='bbox 1102 759 1175 836; x_wconf 88' lang='lat' dir='ltr'>luit</span> <span class='ocrx_word' id='word_1_18' title='bbox 1202 758 1337 837; x_wconf 89' lang='lat' dir='ltr'>sibiet</span> <span class='ocrx_word' id='word_1_19' title='bbox 1363 757 1438 834; x_wconf 92' lang='lat' dir='ltr'>illis</span> <span class='ocrx_word' id='word_1_20' title='bbox 1460 786 1555 864; x_wconf 90' lang='lat' dir='ltr'>quos</span> <span class='ocrx_word' id='word_1_21' title='bbox 1580 760 1673 837; x_wconf 86' lang='lat' dir='ltr'>vidit</span> 
     </span>
     <span class='ocr_line' id='line_1_4' title="bbox 254 887 1672 995; baseline -0.002 -26"><span class='ocrx_word' id='word_1_22' title='bbox 254 888 370 994; x_wconf 83' lang='lat' dir='ltr'>recipi</span> <span class='ocrx_word' id='word_1_23' title='bbox 389 916 438 965; x_wconf 90' lang='lat' dir='ltr'>ne</span> <span class='ocrx_word' id='word_1_24' title='bbox 454 889 665 966; x_wconf 81' lang='lat' dir='ltr'>revelarent</span> <span class='ocrx_word' id='word_1_25' title='bbox 678 906 819 967; x_wconf 85' lang='lat' dir='ltr'>secreta</span> <span class='ocrx_word' id='word_1_26' title='bbox 835 888 1101 995; x_wconf 90' lang='lat' dir='ltr'>capitulorum,</span> <span class='ocrx_word' id='word_1_27' title='bbox 1119 889 1166 965; x_wconf 93' lang='lat' dir='ltr'>de</span> <span class='ocrx_word' id='word_1_28' title='bbox 1182 889 1299 965; x_wconf 92' lang='lat' dir='ltr'>modo</span> <span class='ocrx_word' id='word_1_29' title='bbox 1318 887 1548 994; x_wconf 87' lang='lat' dir='ltr'>recepcionis</span> <span class='ocrx_word' id='word_1_30' title='bbox 1566 887 1672 966; x_wconf 89' lang='lat' dir='ltr'>nulla</span> 
     </span>
     <span class='ocr_line' id='line_1_5' title="bbox 254 1017 1672 1124; baseline -0.001 -28"><span class='ocrx_word' id='word_1_31' title='bbox 254 1017 406 1124; x_wconf 86' lang='lat' dir='ltr'>speciali</span> <span class='ocrx_word' id='word_1_32' title='bbox 423 1017 550 1097; x_wconf 80' lang='lat' dir='ltr'>habits</span> <span class='ocrx_word' id='word_1_33' title='bbox 567 1020 782 1108; x_wconf 89' lang='lat' dir='ltr'>mencione,</span> <span class='ocrx_word' id='word_1_34' title='bbox 804 1035 843 1096; x_wconf 89' lang='lat' dir='ltr'>et</span> <span class='ocrx_word' id='word_1_35' title='bbox 860 1018 978 1096; x_wconf 87' lang='lat' dir='ltr'>credit</span> <span class='ocrx_word' id='word_1_36' title='bbox 996 1019 1102 1123; x_wconf 91' lang='lat' dir='ltr'>quod</span> <span class='ocrx_word' id='word_1_37' title='bbox 1116 1017 1227 1106; x_wconf 41' lang='lat' dir='ltr'>idem,</span> <span class='ocrx_word' id='word_1_38' title='bbox 1240 1017 1497 1124; x_wconf 78' lang='lat' dir='ltr'>injungeretur</span> <span class='ocrx_word' id='word_1_39' title='bbox 1515 1017 1615 1108; x_wconf 83' lang='lat' dir='ltr'>aliis;</span> <span class='ocrx_word' id='word_1_40' title='bbox 1635 1036 1672 1095; x_wconf 90' lang='lat' dir='ltr'>et</span> 
     </span>
     <span class='ocr_line' id='line_1_6' title="bbox 255 1145 1671 1254; baseline 0.001 -31"><span class='ocrx_word' id='word_1_41' title='bbox 255 1147 287 1224; x_wconf 90' lang='lat' dir='ltr'>si</span> <span class='ocrx_word' id='word_1_42' title='bbox 313 1145 560 1238; x_wconf 78' lang='lat' dir='ltr'>revelassent,</span> <span class='ocrx_word' id='word_1_43' title='bbox 586 1149 707 1226; x_wconf 90' lang='lat' dir='ltr'>nescit</span> <span class='ocrx_word' id='word_1_44' title='bbox 724 1149 755 1226; x_wconf 89' lang='lat' dir='ltr'>si</span> <span class='ocrx_word' id='word_1_45' title='bbox 775 1165 814 1224; x_wconf 87' lang='lat' dir='ltr'>et</span> <span class='ocrx_word' id='word_1_46' title='bbox 837 1146 998 1254; x_wconf 80' lang='lat' dir='ltr'>qualiter</span> <span class='ocrx_word' id='word_1_47' title='bbox 1015 1147 1138 1251; x_wconf 88' lang='lat' dir='ltr'>puniti</span> <span class='ocrx_word' id='word_1_48' title='bbox 1156 1146 1326 1225; x_wconf 86' lang='lat' dir='ltr'>luissent.</span> <span class='ocrx_word' id='word_1_49' title='bbox 1344 1147 1496 1254; x_wconf 81' lang='lat' dir='ltr'>Absque</span> <span class='ocrx_word' id='word_1_50' title='bbox 1516 1149 1671 1228; x_wconf 84' lang='lat' dir='ltr'>licencia</span> 
     </span>
     <span class='ocr_line' id='line_1_7' title="bbox 255 1269 1672 1385; baseline 0.001 -32"><span class='ocrx_word' id='word_1_51' title='bbox 255 1291 342 1354; x_wconf 88' lang='lat' dir='ltr'>non</span> <span class='ocrx_word' id='word_1_52' title='bbox 360 1294 533 1383; x_wconf 89' lang='lat' dir='ltr'>poterant</span> <span class='ocrx_word' id='word_1_53' title='bbox 555 1277 639 1354; x_wconf 89' lang='lat' dir='ltr'>aliis</span> <span class='ocrx_word' id='word_1_54' title='bbox 665 1306 778 1385; x_wconf 82' lang='lat' dir='ltr'>quarn</span> <span class='ocrx_word' id='word_1_55' title='bbox 803 1276 1058 1356; x_wconf 89' lang='lat' dir='ltr'>sacerdotibus</span> <span class='ocrx_word' id='word_1_56' title='bbox 1082 1276 1226 1354; x_wconf 84' lang='lat' dir='ltr'>ordinis</span> <span class='ocrx_word' id='word_1_57' title='bbox 1250 1269 1444 1370; x_wconf 85' lang='lat' dir='ltr'>confiteri,</span> <span class='ocrx_word' id='word_1_58' title='bbox 1465 1278 1554 1384; x_wconf 87' lang='lat' dir='ltr'>qnia</span> <span class='ocrx_word' id='word_1_59' title='bbox 1570 1278 1672 1371; x_wconf 77' lang='lat' dir='ltr'>dice·</span> 
     </span>
     <span class='ocr_line' id='line_1_8' title="bbox 254 1405 1671 1513; baseline 0 -28"><span class='ocrx_word' id='word_1_60' title='bbox 254 1405 365 1485; x_wconf 86' lang='lat' dir='ltr'>betur</span> <span class='ocrx_word' id='word_1_61' title='bbox 379 1407 433 1484; x_wconf 89' lang='lat' dir='ltr'>eis</span> <span class='ocrx_word' id='word_1_62' title='bbox 451 1435 564 1513; x_wconf 84' lang='lat' dir='ltr'>quem</span> <span class='ocrx_word' id='word_1_63' title='bbox 581 1406 643 1484; x_wconf 87' lang='lat' dir='ltr'>alii</span> <span class='ocrx_word' id='word_1_64' title='bbox 663 1435 742 1485; x_wconf 93' lang='lat' dir='ltr'>non</span> <span class='ocrx_word' id='word_1_65' title='bbox 756 1408 947 1486; x_wconf 86' lang='lat' dir='ltr'>habebant</span> <span class='ocrx_word' id='word_1_66' title='bbox 963 1422 1187 1512; x_wconf 86' lang='lat' dir='ltr'>potestatem</span> <span class='ocrx_word' id='word_1_67' title='bbox 1208 1407 1422 1487; x_wconf 86' lang='lat' dir='ltr'>absolvendi</span> <span class='ocrx_word' id='word_1_68' title='bbox 1440 1409 1611 1499; x_wconf 91' lang='lat' dir='ltr'>eosdem,</span> <span class='ocrx_word' id='word_1_69' title='bbox 1633 1427 1671 1485; x_wconf 93' lang='lat' dir='ltr'>et</span> 
     </span>
     <span class='ocr_line' id='line_1_9' title="bbox 254 1534 1670 1643; baseline 0.003 -31"><span class='ocrx_word' id='word_1_70' title='bbox 254 1535 333 1640; x_wconf 90' lang='lat' dir='ltr'>ipse</span> <span class='ocrx_word' id='word_1_71' title='bbox 351 1534 517 1614; x_wconf 88' lang='lat' dir='ltr'>obtinuit</span> <span class='ocrx_word' id='word_1_72' title='bbox 532 1536 726 1614; x_wconf 90' lang='lat' dir='ltr'>licenciam</span> <span class='ocrx_word' id='word_1_73' title='bbox 741 1535 947 1614; x_wconf 84' lang='lat' dir='ltr'>confitendi</span> <span class='ocrx_word' id='word_1_74' title='bbox 959 1553 1089 1615; x_wconf 88' lang='lat' dir='ltr'>curato</span> <span class='ocrx_word' id='word_1_75' title='bbox 1103 1536 1286 1643; x_wconf 88' lang='lat' dir='ltr'>predicto.</span> <span class='ocrx_word' id='word_1_76' title='bbox 1302 1537 1534 1615; x_wconf 87' lang='lat' dir='ltr'>Elemosinas</span> <span class='ocrx_word' id='word_1_77' title='bbox 1554 1539 1670 1624; x_wconf 80' lang='lat' dir='ltr'>etho</span> 
     </span>
     <span class='ocr_line' id='line_1_10' title="bbox 168 1665 1669 1772; baseline 0 -29"><span class='ocrx_word' id='word_1_78' title='bbox 168 1709 170 1713; x_wconf 94' lang='lat'>·</span> <span class='ocrx_word' id='word_1_79' title='bbox 254 1665 493 1772; x_wconf 84' lang='lat' dir='ltr'>spitalitatem</span> <span class='ocrx_word' id='word_1_80' title='bbox 508 1667 604 1744; x_wconf 88' lang='lat' dir='ltr'>vidit</span> <span class='ocrx_word' id='word_1_81' title='bbox 622 1668 887 1745; x_wconf 87' lang='lat' dir='ltr'>convenienter</span> <span class='ocrx_word' id='word_1_82' title='bbox 900 1667 983 1746; x_wconf 91' lang='lat' dir='ltr'>lieri</span> <span class='ocrx_word' id='word_1_83' title='bbox 999 1685 1037 1745; x_wconf 88' lang='lat' dir='ltr'>et</span> <span class='ocrx_word' id='word_1_84' title='bbox 1056 1668 1190 1745; x_wconf 85' lang='lat' dir='ltr'>servari</span> <span class='ocrx_word' id='word_1_85' title='bbox 1206 1665 1244 1743; x_wconf 94' lang='lat' dir='ltr'>in</span> <span class='ocrx_word' id='word_1_86' title='bbox 1267 1667 1446 1745; x_wconf 85' lang='lat' dir='ltr'>domibus</span> <span class='ocrx_word' id='word_1_87' title='bbox 1460 1667 1605 1745; x_wconf 87' lang='lat' dir='ltr'>ordinis</span> <span class='ocrx_word' id='word_1_88' title='bbox 1629 1670 1669 1743; x_wconf 90' lang='lat' dir='ltr'>in</span> 
     </span>
     <span class='ocr_line' id='line_1_11' title="bbox 253 1795 1670 1903; baseline -0.002 -29"><span class='ocrx_word' id='word_1_89' title='bbox 253 1796 392 1902; x_wconf 90' lang='lat' dir='ltr'>quibus</span> <span class='ocrx_word' id='word_1_90' title='bbox 416 1797 553 1874; x_wconf 86' lang='lat' dir='ltr'>exstitit</span> <span class='ocrx_word' id='word_1_91' title='bbox 579 1814 844 1876; x_wconf 82' lang='lat' dir='ltr'>commoratus.</span> <span class='ocrx_word' id='word_1_92' title='bbox 869 1796 1167 1877; x_wconf 83' lang='lat' dir='ltr'>Deffendebatur</span> <span class='ocrx_word' id='word_1_93' title='bbox 1191 1797 1246 1875; x_wconf 91' lang='lat' dir='ltr'>eis</span> <span class='ocrx_word' id='word_1_94' title='bbox 1270 1825 1317 1887; x_wconf 91' lang='lat' dir='ltr'>ne</span> <span class='ocrx_word' id='word_1_95' title='bbox 1342 1797 1481 1903; x_wconf 87' lang='lat' dir='ltr'>injuste</span> <span class='ocrx_word' id='word_1_96' title='bbox 1504 1795 1670 1902; x_wconf 90' lang='lat' dir='ltr'>acquire·</span> 
     </span>
     <span class='ocr_line' id='line_1_12' title="bbox 253 1924 1667 2032; baseline -0.001 -30"><span class='ocrx_word' id='word_1_97' title='bbox 253 1942 339 2002; x_wconf 86' lang='lat' dir='ltr'>rent</span> <span class='ocrx_word' id='word_1_98' title='bbox 365 1925 502 2003; x_wconf 90' lang='lat' dir='ltr'>ordini.</span> <span class='ocrx_word' id='word_1_99' title='bbox 534 1927 686 2004; x_wconf 77' lang='lat' dir='ltr'>Audivit</span> <span class='ocrx_word' id='word_1_100' title='bbox 714 1928 788 2007; x_wconf 86' lang='lat' dir='ltr'>dici</span> <span class='ocrx_word' id='word_1_101' title='bbox 820 1927 926 2032; x_wconf 91' lang='lat' dir='ltr'>quod</span> <span class='ocrx_word' id='word_1_102' title='bbox 951 1954 1084 2004; x_wconf 90' lang='lat' dir='ltr'>eorum</span> <span class='ocrx_word' id='word_1_103' title='bbox 1115 1924 1291 2031; x_wconf 83' lang='lat' dir='ltr'>capitolia</span> <span class='ocrx_word' id='word_1_104' title='bbox 1315 1925 1411 2004; x_wconf 85' lang='lat' dir='ltr'>clam</span> <span class='ocrx_word' id='word_1_105' title='bbox 1430 1925 1667 2016; x_wconf 88' lang='lat' dir='ltr'>tenebantur,</span> 
     </span>
     <span class='ocr_line' id='line_1_13' title="bbox 253 2052 1669 2159; baseline 0.001 -29"><span class='ocrx_word' id='word_1_106' title='bbox 253 2052 371 2131; x_wconf 86' lang='lat' dir='ltr'>nullis</span> <span class='ocrx_word' id='word_1_107' title='bbox 389 2055 627 2159; x_wconf 87' lang='lat' dir='ltr'>presentibus</span> <span class='ocrx_word' id='word_1_108' title='bbox 650 2056 722 2132; x_wconf 92' lang='lat' dir='ltr'>nisi</span> <span class='ocrx_word' id='word_1_109' title='bbox 741 2054 918 2132; x_wconf 86' lang='lat' dir='ltr'>fratribus</span> <span class='ocrx_word' id='word_1_110' title='bbox 937 2055 1101 2144; x_wconf 87' lang='lat' dir='ltr'>ordinis,</span> <span class='ocrx_word' id='word_1_111' title='bbox 1123 2072 1161 2131; x_wconf 88' lang='lat' dir='ltr'>et</span> <span class='ocrx_word' id='word_1_112' title='bbox 1184 2054 1289 2159; x_wconf 92' lang='lat' dir='ltr'>quod</span> <span class='ocrx_word' id='word_1_113' title='bbox 1312 2054 1481 2131; x_wconf 90' lang='lat' dir='ltr'>ordinata</span> <span class='ocrx_word' id='word_1_114' title='bbox 1502 2083 1570 2159; x_wconf 92' lang='lat' dir='ltr'>per</span> <span class='ocrx_word' id='word_1_115' title='bbox 1591 2056 1669 2132; x_wconf 90' lang='lat' dir='ltr'>Ma·</span> 
     </span>
     <span class='ocr_line' id='line_1_14' title="bbox 253 2182 1668 2289; baseline 0.001 -31"><span class='ocrx_word' id='word_1_116' title='bbox 253 2182 411 2288; x_wconf 78' lang='lat' dir='ltr'>gistrum</span> <span class='ocrx_word' id='word_1_117' title='bbox 426 2212 514 2260; x_wconf 85' lang='lat' dir='ltr'>curn</span> <span class='ocrx_word' id='word_1_118' title='bbox 529 2199 715 2260; x_wconf 91' lang='lat' dir='ltr'>conventu</span> <span class='ocrx_word' id='word_1_119' title='bbox 733 2200 911 2275; x_wconf 81' lang='lat' dir='ltr'>servasset</span> <span class='ocrx_word' id='word_1_120' title='bbox 922 2199 1024 2262; x_wconf 83' lang='lat' dir='ltr'>totus</span> <span class='ocrx_word' id='word_1_121' title='bbox 1039 2184 1150 2272; x_wconf 88' lang='lat' dir='ltr'>ordo,</span> <span class='ocrx_word' id='word_1_122' title='bbox 1170 2200 1429 2289; x_wconf 82' lang='lat' dir='ltr'>contraquam</span> <span class='ocrx_word' id='word_1_123' title='bbox 1444 2211 1546 2259; x_wconf 92' lang='lat' dir='ltr'>nunc</span> <span class='ocrx_word' id='word_1_124' title='bbox 1559 2212 1668 2288; x_wconf 84' lang='lat' dir='ltr'>gran-</span> 
     </span>
     <span class='ocr_line' id='line_1_15' title="bbox 254 2311 1667 2419; baseline 0.001 -31"><span class='ocrx_word' id='word_1_125' title='bbox 254 2311 316 2388; x_wconf 90' lang='lat' dir='ltr'>dia</span> <span class='ocrx_word' id='word_1_126' title='bbox 330 2314 519 2400; x_wconf 87' lang='lat' dir='ltr'>scandala‚</span> <span class='ocrx_word' id='word_1_127' title='bbox 540 2312 703 2419; x_wconf 91' lang='lat' dir='ltr'>suspicio</span> <span class='ocrx_word' id='word_1_128' title='bbox 721 2329 760 2390; x_wconf 88' lang='lat' dir='ltr'>et</span> <span class='ocrx_word' id='word_1_129' title='bbox 779 2313 929 2389; x_wconf 85' lang='lat' dir='ltr'>infamia</span> <span class='ocrx_word' id='word_1_130' title='bbox 945 2330 1034 2389; x_wconf 85' lang='lat' dir='ltr'>sunt</span> <span class='ocrx_word' id='word_1_131' title='bbox 1053 2329 1193 2402; x_wconf 76' lang='lat' dir='ltr'>exorta3</span> <span class='ocrx_word' id='word_1_132' title='bbox 1207 2312 1257 2388; x_wconf 91' lang='lat' dir='ltr'>ad</span> <span class='ocrx_word' id='word_1_133' title='bbox 1272 2311 1380 2418; x_wconf 85' lang='lat' dir='ltr'>cnjus</span> <span class='ocrx_word' id='word_1_134' title='bbox 1396 2311 1667 2390; x_wconf 80' lang='lat' dir='ltr'>deffensionem</span> 
     </span>
     <span class='ocr_line' id='line_1_16' title="bbox 225 2440 1435 2545; baseline -0.006 -23"><span class='ocrx_word' id='word_1_135' title='bbox 225 2510 230 2523; x_wconf 89' lang='lat'><strong>.</strong></span> <span class='ocrx_word' id='word_1_136' title='bbox 252 2467 292 2517; x_wconf 85' lang='lat' dir='ltr'>se</span> <span class='ocrx_word' id='word_1_137' title='bbox 311 2440 501 2518; x_wconf 89' lang='lat' dir='ltr'>obtulerat</span> <span class='ocrx_word' id='word_1_138' title='bbox 518 2469 594 2518; x_wconf 89' lang='lat' dir='ltr'>nna</span> <span class='ocrx_word' id='word_1_139' title='bbox 612 2469 698 2519; x_wconf 91' lang='lat' dir='ltr'>cum</span> <span class='ocrx_word' id='word_1_140' title='bbox 718 2441 893 2545; x_wconf 90' lang='lat' dir='ltr'>pluribus</span> <span class='ocrx_word' id='word_1_141' title='bbox 911 2440 1004 2516; x_wconf 88' lang='lat' dir='ltr'>aliis.</span> <span class='ocrx_word' id='word_1_142' title='bbox 1432 2526 1435 2531; x_wconf 38' lang='grc'>,</span> 
     </span>
     <span class='ocr_line' id='line_1_17' title="bbox 307 2570 1664 2676; baseline 0.001 -29"><span class='ocrx_word' id='word_1_143' title='bbox 307 2570 522 2676; x_wconf 86' lang='lat' dir='ltr'>Requisitus</span> <span class='ocrx_word' id='word_1_144' title='bbox 536 2571 568 2647; x_wconf 92' lang='lat' dir='ltr'>si</span> <span class='ocrx_word' id='word_1_145' title='bbox 581 2571 633 2647; x_wconf 91' lang='lat' dir='ltr'>sic</span> <span class='ocrx_word' id='word_1_146' title='bbox 648 2570 873 2676; x_wconf 89' lang='lat' dir='ltr'>deposuerat</span> <span class='ocrx_word' id='word_1_147' title='bbox 889 2598 1019 2675; x_wconf 91' lang='lat' dir='ltr'>prece,</span> <span class='ocrx_word' id='word_1_148' title='bbox 1030 2587 1224 2676; x_wconf 89' lang='lat' dir='ltr'>precepto,</span> <span class='ocrx_word' id='word_1_149' title='bbox 1239 2571 1390 2660; x_wconf 87' lang='lat' dir='ltr'>timore,</span> <span class='ocrx_word' id='word_1_150' title='bbox 1401 2600 1545 2661; x_wconf 89' lang='lat' dir='ltr'>amore,</span> <span class='ocrx_word' id='word_1_151' title='bbox 1559 2572 1664 2662; x_wconf 83' lang='lat' dir='ltr'>odie,</span> 
     </span>
     <span class='ocr_line' id='line_1_18' title="bbox 252 2697 1667 2806; baseline 0.006 -34"><span class='ocrx_word' id='word_1_152' title='bbox 252 2697 311 2777; x_wconf 85' lang='lat' dir='ltr'>vel</span> <span class='ocrx_word' id='word_1_153' title='bbox 329 2700 528 2804; x_wconf 87' lang='lat' dir='ltr'>temporali</span> <span class='ocrx_word' id='word_1_154' title='bbox 544 2698 704 2777; x_wconf 92' lang='lat' dir='ltr'>comodo</span> <span class='ocrx_word' id='word_1_155' title='bbox 724 2699 855 2776; x_wconf 90' lang='lat' dir='ltr'>habito</span> <span class='ocrx_word' id='word_1_156' title='bbox 868 2698 927 2777; x_wconf 91' lang='lat' dir='ltr'>vel</span> <span class='ocrx_word' id='word_1_157' title='bbox 944 2699 1134 2789; x_wconf 88' lang='lat' dir='ltr'>habendo,</span> <span class='ocrx_word' id='word_1_158' title='bbox 1154 2700 1349 2805; x_wconf 90' lang='lat' dir='ltr'>respondit</span> <span class='ocrx_word' id='word_1_159' title='bbox 1367 2701 1472 2806; x_wconf 92' lang='lat' dir='ltr'>quod</span> <span class='ocrx_word' id='word_1_160' title='bbox 1489 2729 1581 2789; x_wconf 83' lang='lat' dir='ltr'>non,</span> <span class='ocrx_word' id='word_1_161' title='bbox 1599 2705 1667 2780; x_wconf 91' lang='lat' dir='ltr'>sed</span> 
     </span>
     <span class='ocr_line' id='line_1_19' title="bbox 252 2828 1667 2936; baseline 0.002 -32"><span class='ocrx_word' id='word_1_162' title='bbox 252 2855 322 2932; x_wconf 93' lang='lat' dir='ltr'>pro</span> <span class='ocrx_word' id='word_1_163' title='bbox 345 2829 497 2907; x_wconf 89' lang='lat' dir='ltr'>veritate</span> <span class='ocrx_word' id='word_1_164' title='bbox 523 2829 699 2918; x_wconf 85' lang='lat' dir='ltr'>dicenda;</span> <span class='ocrx_word' id='word_1_165' title='bbox 727 2829 788 2906; x_wconf 93' lang='lat' dir='ltr'>cui</span> <span class='ocrx_word' id='word_1_166' title='bbox 812 2829 885 2907; x_wconf 84' lang='lat' dir='ltr'>suit</span> <span class='ocrx_word' id='word_1_167' title='bbox 908 2829 1120 2936; x_wconf 89' lang='lat' dir='ltr'>injunctum</span> <span class='ocrx_word' id='word_1_168' title='bbox 1144 2829 1248 2935; x_wconf 92' lang='lat' dir='ltr'>quod</span> <span class='ocrx_word' id='word_1_169' title='bbox 1270 2856 1346 2905; x_wconf 93' lang='lat' dir='ltr'>non</span> <span class='ocrx_word' id='word_1_170' title='bbox 1365 2828 1547 2908; x_wconf 85' lang='lat' dir='ltr'>revelaret</span> <span class='ocrx_word' id='word_1_171' title='bbox 1573 2831 1667 2931; x_wconf 90' lang='lat' dir='ltr'>banc</span> 
     </span>
    </p>
   </div>
   <div class='ocr_carea' id='block_1_3' title="bbox 250 2953 1541 3067">
    <p class='ocr_par' dir='ltr' id='par_1_3' title="bbox 250 2953 1541 3067">
     <span class='ocr_line' id='line_1_20' title="bbox 250 2953 1541 3067; baseline 0 -31"><span class='ocrx_word' id='word_1_172' title='bbox 250 2984 357 3036; x_wconf 87' lang='lat' dir='ltr'>snam</span> <span class='ocrx_word' id='word_1_173' title='bbox 377 2957 673 3064; x_wconf 89' lang='lat' dir='ltr'>deposicionem,</span> <span class='ocrx_word' id='word_1_174' title='bbox 695 2987 892 3067; x_wconf 86' lang='lat' dir='ltr'>quousque</span> <span class='ocrx_word' id='word_1_175' title='bbox 910 2953 1169 3041; x_wconf 85' lang='lat' dir='ltr'>attestaciones</span> <span class='ocrx_word' id='word_1_176' title='bbox 1183 2958 1324 3037; x_wconf 85' lang='lat' dir='ltr'>luerint</span> <span class='ocrx_word' id='word_1_177' title='bbox 1343 2959 1541 3066; x_wconf 87' lang='lat' dir='ltr'>publicate.</span> 
     </span>
    </p>
   </div>
   <div class='ocr_carea' id='block_1_4' title="bbox 249 3220 1723 3852">
    <p class='ocr_par' dir='ltr' id='par_1_4' title="bbox 249 3220 1723 3852">
     <span class='ocr_line' id='line_1_21' title="bbox 306 3220 1666 3329; baseline 0.004 -30"><span class='ocrx_word' id='word_1_178' title='bbox 306 3221 475 3299; x_wconf 77' lang='lat' dir='ltr'>Prolatus</span> <span class='ocrx_word' id='word_1_179' title='bbox 490 3221 604 3299; x_wconf 81' lang='lat' dir='ltr'>frater</span> <span class='ocrx_word' id='word_1_180' title='bbox 618 3220 813 3329; x_wconf 88' lang='lat' dir='ltr'>Pbilippus</span> <span class='ocrx_word' id='word_1_181' title='bbox 833 3225 881 3301; x_wconf 89' lang='lat' dir='ltr'>de</span> <span class='ocrx_word' id='word_1_182' title='bbox 893 3223 1039 3312; x_wconf 83' lang='lat' dir='ltr'>Manin,</span> <span class='ocrx_word' id='word_1_183' title='bbox 1062 3221 1117 3300; x_wconf 92' lang='lat' dir='ltr'>eri</span> <span class='ocrx_word' id='word_1_184' title='bbox 1136 3223 1377 3316; x_wconf 79' lang='lat' dir='ltr'>examinatus,</span> <span class='ocrx_word' id='word_1_185' title='bbox 1397 3223 1470 3300; x_wconf 87' lang='lat' dir='ltr'>luit</span> <span class='ocrx_word' id='word_1_186' title='bbox 1488 3225 1666 3304; x_wconf 89' lang='lat' dir='ltr'>reductus</span> 
     </span>
     <span class='ocr_line' id='line_1_22' title="bbox 250 3351 1723 3460; baseline -0.001 -33"><span class='ocrx_word' id='word_1_187' title='bbox 250 3352 298 3428; x_wconf 88' lang='lat' dir='ltr'>ad</span> <span class='ocrx_word' id='word_1_188' title='bbox 317 3353 547 3456; x_wconf 88' lang='lat' dir='ltr'>presenciam</span> <span class='ocrx_word' id='word_1_189' title='bbox 571 3351 760 3430; x_wconf 90' lang='lat' dir='ltr'>dictorum</span> <span class='ocrx_word' id='word_1_190' title='bbox 790 3353 1033 3431; x_wconf 84' lang='lat' dir='ltr'>dominorum</span> <span class='ocrx_word' id='word_1_191' title='bbox 1063 3353 1415 3445; x_wconf 87' lang='lat' dir='ltr'>commissariorum,</span> <span class='ocrx_word' id='word_1_192' title='bbox 1438 3355 1477 3429; x_wconf 91' lang='lat' dir='ltr'>in</span> <span class='ocrx_word' id='word_1_193' title='bbox 1501 3383 1664 3460; x_wconf 89' lang='lat' dir='ltr'>quorum</span> <span class='ocrx_word' id='word_1_194' title='bbox 1719 3421 1723 3426; x_wconf 82' lang='lat'>.</span> 
     </span>
     <span class='ocr_line' id='line_1_23' title="bbox 249 3481 1663 3592; baseline 0.002 -34"><span class='ocrx_word' id='word_1_195' title='bbox 249 3482 440 3587; x_wconf 86' lang='lat' dir='ltr'>presencia</span> <span class='ocrx_word' id='word_1_196' title='bbox 461 3481 587 3560; x_wconf 81' lang='lat' dir='ltr'>fuitei</span> <span class='ocrx_word' id='word_1_197' title='bbox 608 3481 704 3558; x_wconf 85' lang='lat' dir='ltr'>lecta</span> <span class='ocrx_word' id='word_1_198' title='bbox 716 3499 755 3558; x_wconf 93' lang='lat' dir='ltr'>et</span> <span class='ocrx_word' id='word_1_199' title='bbox 774 3483 813 3559; x_wconf 91' lang='lat' dir='ltr'>in</span> <span class='ocrx_word' id='word_1_200' title='bbox 830 3483 972 3592; x_wconf 88' lang='lat' dir='ltr'>vulgari</span> <span class='ocrx_word' id='word_1_201' title='bbox 987 3483 1158 3588; x_wconf 85' lang='lat' dir='ltr'>exposita</span> <span class='ocrx_word' id='word_1_202' title='bbox 1186 3483 1377 3588; x_wconf 88' lang='lat' dir='ltr'>deposicio</span> <span class='ocrx_word' id='word_1_203' title='bbox 1399 3512 1465 3560; x_wconf 87' lang='lat' dir='ltr'>sua</span> <span class='ocrx_word' id='word_1_204' title='bbox 1486 3484 1663 3588; x_wconf 86' lang='lat' dir='ltr'>predicta,</span> 
     </span>
     <span class='ocr_line' id='line_1_24' title="bbox 250 3612 1663 3722; baseline 0.006 -36"><span class='ocrx_word' id='word_1_205' title='bbox 250 3637 363 3716; x_wconf 85' lang='lat' dir='ltr'>quam</span> <span class='ocrx_word' id='word_1_206' title='bbox 382 3613 485 3693; x_wconf 90' lang='lat' dir='ltr'>idem</span> <span class='ocrx_word' id='word_1_207' title='bbox 508 3613 622 3691; x_wconf 88' lang='lat' dir='ltr'>lrater</span> <span class='ocrx_word' id='word_1_208' title='bbox 644 3612 840 3719; x_wconf 90' lang='lat' dir='ltr'>Philippus</span> <span class='ocrx_word' id='word_1_209' title='bbox 864 3615 1026 3704; x_wconf 87' lang='lat' dir='ltr'>iteravit,</span> <span class='ocrx_word' id='word_1_210' title='bbox 1049 3632 1088 3692; x_wconf 91' lang='lat' dir='ltr'>et</span> <span class='ocrx_word' id='word_1_211' title='bbox 1107 3643 1175 3722; x_wconf 90' lang='lat' dir='ltr'>per</span> <span class='ocrx_word' id='word_1_212' title='bbox 1189 3613 1447 3721; x_wconf 90' lang='lat' dir='ltr'>juramentum</span> <span class='ocrx_word' id='word_1_213' title='bbox 1468 3615 1663 3718; x_wconf 83' lang='lat' dir='ltr'>prestitum</span> 
     </span>
     <span class='ocr_line' id='line_1_25' title="bbox 250 3745 1408 3852; baseline 0.009 -34"><span class='ocrx_word' id='word_1_214' title='bbox 250 3746 333 3818; x_wconf 80' lang='lat' dir='ltr'>e&#39;sm</span> <span class='ocrx_word' id='word_1_215' title='bbox 352 3771 443 3823; x_wconf 88' lang='lat' dir='ltr'>esse·</span> <span class='ocrx_word' id='word_1_216' title='bbox 457 3774 581 3824; x_wconf 91' lang='lat' dir='ltr'>veram</span> <span class='ocrx_word' id='word_1_217' title='bbox 606 3745 765 3822; x_wconf 87' lang='lat' dir='ltr'>asseruit</span> <span class='ocrx_word' id='word_1_218' title='bbox 789 3763 902 3852; x_wconf 89' lang='lat' dir='ltr'>prout</span> <span class='ocrx_word' id='word_1_219' title='bbox 919 3747 1134 3825; x_wconf 87' lang='lat' dir='ltr'>continetur</span> <span class='ocrx_word' id='word_1_220' title='bbox 1157 3745 1196 3822; x_wconf 92' lang='lat' dir='ltr'>in</span> <span class='ocrx_word' id='word_1_221' title='bbox 1217 3773 1271 3824; x_wconf 80' lang='lat' dir='ltr'>ea.</span> <span class='ocrx_word' id='word_1_222' title='bbox 1406 3824 1408 3828; x_wconf 12' lang='grc' dir='ltr'><em>Α</em></span> 
     </span>
    </p>
   </div>
   <div class='ocr_carea' id='block_1_5' title="bbox 245 4004 1665 4893">
    <p class='ocr_par' dir='ltr' id='par_1_5' title="bbox 245 4004 1665 4893">
     <span class='ocr_line' id='line_1_26' title="bbox 248 4004 1665 4106; baseline 0.004 -28"><span class='ocrx_word' id='word_1_223' title='bbox 248 4052 252 4057; x_wconf 93' lang='grc'><strong>-</strong></span> <span class='ocrx_word' id='word_1_224' title='bbox 305 4004 435 4080; x_wconf 84' lang='lat' dir='ltr'>Frater</span> <span class='ocrx_word' id='word_1_225' title='bbox 443 4005 633 4106; x_wconf 80' lang='lat' dir='ltr'>lohannes</span> <span class='ocrx_word' id='word_1_226' title='bbox 644 4006 816 4084; x_wconf 84' lang='lat' dir='ltr'>Roeberii</span> <span class='ocrx_word' id='word_1_227' title='bbox 831 4007 879 4085; x_wconf 90' lang='lat' dir='ltr'>de</span> <span class='ocrx_word' id='word_1_228' title='bbox 890 4006 1032 4085; x_wconf 87' lang='lat' dir='ltr'>Grandi</span> <span class='ocrx_word' id='word_1_229' title='bbox 1046 4005 1191 4085; x_wconf 84' lang='lat' dir='ltr'>Villarii</span> <span class='ocrx_word' id='word_1_230' title='bbox 1210 4007 1390 4093; x_wconf 84' lang='lat' dir='ltr'>serviens,</span> <span class='ocrx_word' id='word_1_231' title='bbox 1405 4004 1665 4097; x_wconf 85' lang='lat' dir='ltr'>Ambianensis</span> 
     </span>
     <span class='ocr_line' id='line_1_27' title="bbox 250 4129 1665 4242; baseline 0.004 -36"><span class='ocrx_word' id='word_1_232' title='bbox 250 4129 423 4221; x_wconf 89' lang='lat' dir='ltr'>diocesis,</span> <span class='ocrx_word' id='word_1_233' title='bbox 439 4134 545 4210; x_wconf 91' lang='lat' dir='ltr'>testis</span> <span class='ocrx_word' id='word_1_234' title='bbox 557 4163 667 4238; x_wconf 84' lang='lat' dir='ltr'>snpra</span> <span class='ocrx_word' id='word_1_235' title='bbox 678 4137 837 4241; x_wconf 82' lang='lat' dir='ltr'>juratus,</span> <span class='ocrx_word' id='word_1_236' title='bbox 851 4137 961 4214; x_wconf 86' lang='lat' dir='ltr'>etatis</span> <span class='ocrx_word' id='word_1_237' title='bbox 972 4161 1085 4214; x_wconf 81' lang='lat' dir='ltr'>mm</span> <span class='ocrx_word' id='word_1_238' title='bbox 1099 4162 1284 4211; x_wconf 90' lang='lat' dir='ltr'>annorum</span> <span class='ocrx_word' id='word_1_239' title='bbox 1300 4134 1358 4211; x_wconf 86' lang='lat' dir='ltr'>vel</span> <span class='ocrx_word' id='word_1_240' title='bbox 1376 4135 1481 4224; x_wconf 87' lang='lat' dir='ltr'>circa,</span> <span class='ocrx_word' id='word_1_241' title='bbox 1495 4135 1561 4242; x_wconf 94' lang='lat' dir='ltr'>qui</span> <span class='ocrx_word' id='word_1_242' title='bbox 1575 4135 1665 4220; x_wconf 86' lang='lat' dir='ltr'>citra</span> 
     </span>
     <span class='ocr_line' id='line_1_28' title="bbox 249 4250 1663 4353; baseline 0.009 -19"><span class='ocrx_word' id='word_1_243' title='bbox 249 4256 348 4335; x_wconf 88' lang='lat' dir='ltr'>duos</span> <span class='ocrx_word' id='word_1_244' title='bbox 362 4286 510 4337; x_wconf 88' lang='lat' dir='ltr'>mensos</span> <span class='ocrx_word' id='word_1_245' title='bbox 525 4262 734 4340; x_wconf 89' lang='lat' dir='ltr'>voluntarie</span> <span class='ocrx_word' id='word_1_246' title='bbox 751 4250 896 4342; x_wconf 85' lang='lat' dir='ltr'>dimisit</span> <span class='ocrx_word' id='word_1_247' title='bbox 914 4262 1139 4341; x_wconf 85' lang='lat' dir='ltr'>mantellum</span> <span class='ocrx_word' id='word_1_248' title='bbox 1154 4279 1192 4339; x_wconf 84' lang='lat' dir='ltr'>et</span> <span class='ocrx_word' id='word_1_249' title='bbox 1205 4262 1287 4339; x_wconf 88' lang='lat' dir='ltr'>radi</span> <span class='ocrx_word' id='word_1_250' title='bbox 1301 4262 1389 4344; x_wconf 85' lang='lat' dir='ltr'>lecit</span> <span class='ocrx_word' id='word_1_251' title='bbox 1406 4265 1477 4342; x_wconf 91' lang='lat' dir='ltr'>sibi</span> <span class='ocrx_word' id='word_1_252' title='bbox 1491 4264 1663 4353; x_wconf 71' lang='lat' dir='ltr'>hubam,</span> 
     </span>
     <span class='ocr_line' id='line_1_29' title="bbox 247 4384 1663 4500; baseline 0.004 -34"><span class='ocrx_word' id='word_1_253' title='bbox 247 4384 441 4466; x_wconf 83' lang='lat' dir='ltr'>absolutus</span> <span class='ocrx_word' id='word_1_254' title='bbox 460 4405 498 4465; x_wconf 88' lang='lat' dir='ltr'>et</span> <span class='ocrx_word' id='word_1_255' title='bbox 506 4390 769 4468; x_wconf 88' lang='lat' dir='ltr'>reconciliatus</span> <span class='ocrx_word' id='word_1_256' title='bbox 781 4421 850 4498; x_wconf 91' lang='lat' dir='ltr'>per</span> <span class='ocrx_word' id='word_1_257' title='bbox 867 4391 1067 4470; x_wconf 88' lang='lat' dir='ltr'>dominnm</span> <span class='ocrx_word' id='word_1_258' title='bbox 1086 4391 1407 4500; x_wconf 88' lang='lat' dir='ltr'>archiepiscopum</span> <span class='ocrx_word' id='word_1_259' title='bbox 1423 4397 1663 4482; x_wconf 85' lang='lat' dir='ltr'>Remenscm,</span> 
     </span>
     <span class='ocr_line' id='line_1_30' title="bbox 247 4514 1665 4631; baseline 0.01 -40"><span class='ocrx_word' id='word_1_260' title='bbox 247 4514 315 4622; x_wconf 91' lang='lat' dir='ltr'>qni</span> <span class='ocrx_word' id='word_1_261' title='bbox 324 4516 567 4623; x_wconf 84' lang='lat' dir='ltr'>inquisiverat</span> <span class='ocrx_word' id='word_1_262' title='bbox 579 4546 667 4595; x_wconf 92' lang='lat' dir='ltr'>cum</span> <span class='ocrx_word' id='word_1_263' title='bbox 683 4519 832 4611; x_wconf 88' lang='lat' dir='ltr'>eodem,</span> <span class='ocrx_word' id='word_1_264' title='bbox 845 4521 952 4600; x_wconf 90' lang='lat' dir='ltr'>lectis</span> <span class='ocrx_word' id='word_1_265' title='bbox 962 4538 1000 4600; x_wconf 92' lang='lat' dir='ltr'>et</span> <span class='ocrx_word' id='word_1_266' title='bbox 1008 4521 1209 4631; x_wconf 83' lang='lat' dir='ltr'>diligenter</span> <span class='ocrx_word' id='word_1_267' title='bbox 1219 4524 1394 4629; x_wconf 84' lang='lat' dir='ltr'>expositis</span> <span class='ocrx_word' id='word_1_268' title='bbox 1403 4525 1475 4602; x_wconf 91' lang='lat' dir='ltr'>sibi</span> <span class='ocrx_word' id='word_1_269' title='bbox 1488 4526 1665 4605; x_wconf 88' lang='lat' dir='ltr'>omnibus</span> 
     </span>
     <span class='ocr_line' id='line_1_31' title="bbox 245 4631 1664 4757; baseline 0.006 -29"><span class='ocrx_word' id='word_1_270' title='bbox 245 4661 288 4728; x_wconf 74' lang='lat' dir='ltr'>et</span> <span class='ocrx_word' id='word_1_271' title='bbox 303 4645 462 4754; x_wconf 83' lang='lat' dir='ltr'>singulis</span> <span class='ocrx_word' id='word_1_272' title='bbox 479 4648 659 4740; x_wconf 70' lang='lat' dir='ltr'>mundis,</span> <span class='ocrx_word' id='word_1_273' title='bbox 681 4652 877 4757; x_wconf 84' lang='lat' dir='ltr'>respondit</span> <span class='ocrx_word' id='word_1_274' title='bbox 889 4652 1105 4744; x_wconf 87' lang='lat' dir='ltr'>senescire,</span> <span class='ocrx_word' id='word_1_275' title='bbox 1124 4681 1196 4730; x_wconf 90' lang='lat' dir='ltr'>nec</span> <span class='ocrx_word' id='word_1_276' title='bbox 1209 4653 1383 4748; x_wconf 88' lang='lat' dir='ltr'>credere,</span> <span class='ocrx_word' id='word_1_277' title='bbox 1395 4683 1465 4733; x_wconf 93' lang='lat' dir='ltr'>nec</span> <span class='ocrx_word' id='word_1_278' title='bbox 1480 4631 1664 4741; x_wconf 84' lang='lat' dir='ltr'>audivisse</span> 
     </span>
     <span class='ocr_line' id='line_1_32' title="bbox 245 4772 1661 4893; baseline 0.014 -42"><span class='ocrx_word' id='word_1_279' title='bbox 245 4772 321 4853; x_wconf 89' lang='lat' dir='ltr'>dici</span> <span class='ocrx_word' id='word_1_280' title='bbox 333 4775 380 4854; x_wconf 86' lang='lat' dir='ltr'>de</span> <span class='ocrx_word' id='word_1_281' title='bbox 389 4778 764 4859; x_wconf 85' lang='lat' dir='ltr'>contentisineisnisi</span> <span class='ocrx_word' id='word_1_282' title='bbox 771 4781 879 4888; x_wconf 90' lang='lat' dir='ltr'>quod</span> <span class='ocrx_word' id='word_1_283' title='bbox 887 4782 1069 4888; x_wconf 89' lang='lat' dir='ltr'>sequitur.</span> <span class='ocrx_word' id='word_1_284' title='bbox 1075 4781 1177 4873; x_wconf 85' lang='lat' dir='ltr'>Dixit</span> <span class='ocrx_word' id='word_1_285' title='bbox 1185 4782 1338 4865; x_wconf 78' lang='lat' dir='ltr'>enimse</span> <span class='ocrx_word' id='word_1_286' title='bbox 1346 4785 1661 4893; x_wconf 79' lang='lat' dir='ltr'>fuissereceptttm</span> 
     </span>
    </p>
   </div>
   <div class='ocr_carea' id='block_1_6' title="bbox 0 0 2120 5956">
    <p class='ocr_par' dir='ltr' id='par_1_6' title="bbox 0 0 2120 5956">
     <span class='ocr_line' id='line_1_33' title="bbox 0 0 2120 5956; baseline 0 4"><span class='ocrx_word' id='word_1_287' title='bbox 0 0 2120 5956; x_wconf 95' lang='lat' dir='ltr'> </span> 
     </span>
    </p>
   </div>
  </div>
 </body>
</html>
