4230 5956
661 473 855 570 procas
881 494 976 566 ons
1003 482 1304 565 rnnamsas.
1618 495 1690 568 uss

329 633 388 708 Ad
396 632 552 711 xl—xlv
564 633 742 709 articulos
756 634 950 724 inclusive,
966 634 1167 740 diligenter
1177 651 1214 710 et
1225 633 1415 739 sigillatim
1425 636 1689 740 interrogatus,

275 762 420 866 negavit
439 763 539 866 ipsos
559 762 735 840 articulos
756 780 793 839 et
811 765 936 839 omnia
957 780 994 838 et
1009 763 1154 868 singula
1176 780 1349 839 contenta
1369 762 1487 838 ineis.

329 892 386 968 Ad
406 891 638 970 xlvi—laxus
660 893 836 970 articulos
857 893 1051 981 inclusive,
1069 893 1268 999 diligenter
1289 893 1536 998 interrogatus
1555 894 1691 1000 sigilla-

270 1024 390 1100 timet
410 1023 646 1128 singulariter
664 1052 778 1130 super
796 1024 953 1131 singulis
973 1024 1153 1112 articulis,
1175 1025 1319 1130 negavit
1344 1025 1444 1130 ipsos
1463 1024 1641 1102 articulos
1656 1046 1693 1103 et

273 1154 397 1229 omnia
430 1171 467 1230 et
495 1152 639 1260 singula
671 1170 844 1230 contenta
870 1154 909 1229 in
935 1155 1004 1242 eis,
1038 1171 1189 1259 excepto
1219 1154 1323 1259 quod
1343 1151 1543 1230 confitetur
1574 1155 1692 1233 dictos

272 1283 402 1359 fratres
423 1312 465 1358 ex
485 1310 561 1389 quo
580 1302 669 1361 sunt
683 1285 823 1389 recepti
845 1284 884 1359 in
904 1283 1005 1360 dicto
1024 1284 1179 1374 ordine,
1200 1300 1239 1358 et
1253 1284 1300 1359 de
1317 1311 1356 1359 se
1371 1283 1452 1389 ipso
1466 1283 1555 1360 dicit
1571 1284 1689 1373 idem,

272 1431 469 1518 portarunt
488 1432 526 1490 et
544 1432 692 1520 portant
707 1415 898 1520 cingulum
918 1414 994 1491 sive
1013 1413 1206 1490 cordulam
1224 1413 1275 1488 fili
1291 1413 1380 1489 linei
1395 1442 1508 1519 super
1524 1415 1692 1492 camisias

272 1545 408 1621 cinctas
426 1544 519 1619 circa
539 1543 704 1632 lumbos,
728 1572 821 1650 quas
837 1572 984 1650 semper
1002 1562 1150 1650 portant
1169 1544 1229 1619 die
1254 1518 1445 1649 noctuque
1471 1561 1507 1619 et
1527 1573 1612 1621 cum
1638 1548 1691 1623 eis

266 1675 388 1778 jacent
408 1674 606 1780 insignum
627 1674 1008 1779 castitatisservande.
1031 1674 1186 1749 Addidit
1207 1674 1322 1749 eciam
1343 1703 1382 1750 se
1398 1673 1541 1750 nescire
1559 1702 1607 1751 an
1619 1674 1690 1753 fra·

269 1819 345 1879 tres
365 1804 454 1880 dicti
476 1804 619 1880 ordinis
637 1805 880 1910 astringantur
893 1805 1113 1910 juramento
1138 1832 1184 1877 ne
1214 1802 1377 1878 revelent
1396 1831 1469 1908 que
1499 1804 1538 1877 in
1559 1832 1690 1882 eorum

271 1933 439 2038 capitulis
456 1951 633 2039 aguntur,
656 1934 831 2009 dicuntur
850 1950 888 2008 et
906 1933 1018 2020 liunt,
1041 1931 1144 2037 quod
1164 1933 1242 2037 ipse
1258 1959 1451 2037 nunquam
1471 1932 1542 2011 luit
1569 1934 1607 2010 in
1631 1964 1691 2014 ca-

270 2063 413 2167 pitulis,
433 2063 503 2138 nisi
524 2090 569 2139 eo
588 2079 757 2167 tempore
783 2090 859 2168 quo
883 2063 922 2137 in
940 2061 1090 2137 fratrem
1112 2060 1184 2137 fuit
1211 2079 1391 2166 receptus.
1420 2061 1548 2140 Credit
1566 2082 1688 2144 tamen

271 2193 373 2298 quod
393 2193 482 2269 dicti
502 2192 633 2269 fratres
651 2194 717 2298 qui
738 2192 920 2269 intersunt
935 2191 1102 2297 capitulis
1119 2209 1314 2268 teneantur
1329 2210 1365 2268 et
1381 2193 1540 2271 debeant
1552 2215 1690 2274 secreta
1801 2192 1804 2197 ’

272 2351 403 2399 eorum
420 2341 563 2413 tenere,
587 2340 623 2399 et
639 2321 750 2398 nullis
770 2321 850 2398 aliis
870 2322 934 2427 qui
953 2350 1029 2398 non
1048 2321 1285 2399 interfuerint
1302 2323 1475 2400 revelare.

326 2452 384 2528 Ad
407 2452 521 2529 lxxrnr
545 2452 740 2529 articulum
763 2452 1025 2558 interrogatus,
1049 2451 1140 2527 dixit
1165 2470 1202 2527 et
1220 2453 1412 2557 respondit
1430 2470 1473 2529 ut
1500 2482 1610 2560 supra
1632 2486 1691 2533 re-

269 2607 447 2688 sponsum
469 2600 524 2660 est
540 2583 578 2657 in
597 2609 696 2659 xxrm
716 2582 882 2659 articula.
979 2609 982 2615 ·

325 2712 383 2789 Ad
393 2712 628 2795 lxxv—lxxxx
643 2712 816 2790 articulos
827 2712 1021 2800 inclusive,
1034 2712 1232 2817 diligenter
1244 2730 1281 2790 et
1293 2713 1479 2818 sigillatim
1493 2715 1689 2822 interroga-

268 2861 339 2928 tus,
349 2843 545 2947 respondit
560 2860 597 2919 et
616 2843 706 2919 dixit
724 2842 850 2918 omnia
866 2858 903 2917 et
916 2840 1059 2947 singula
1080 2857 1252 2917 contenta
1270 2842 1374 2919 ineis
1389 2871 1520 2920 senon
1536 2845 1687 2922 credere
1743 2870 1747 2877 ’

268 3001 353 3049 vera
371 3000 450 3050 esse
465 3001 535 3050 nec
544 2974 737 3051 veritatem
748 2972 910 3078 aliquam
923 2972 1113 3048 continere
1124 3005 1134 3061 ς
1146 2971 1288 3048 addens
1296 2973 1400 3078 quod
1414 3001 1507 3079 opus
1525 3003 1600 3050 non
1618 2976 1688 3061 fuit

269 3122 438 3181 contenta
451 3106 601 3210 corrigi,
621 3133 691 3180 nec
706 3104 821 3181 eciam
837 3120 961 3181 sancte
976 3084 1044 3179 Dei
1064 3102 1225 3181 Ecclesia
1246 3105 1430 3196 nunciari,
1449 3124 1517 3180 n'ec
1536 3104 1607 3182 fuit
1625 3135 1688 3183 ne·

268 3233 447 3340 gligencia
472 3235 511 3309 in
529 3235 760 3341 corrigendis
778 3234 836 3310 vel
852 3234 1074 3311 nunciandis
1094 3233 1291 3339 predictis,
1313 3235 1401 3340 quia
1426 3263 1610 3340 nusquam
1626 3237 1688 3315 illa

268 3364 379 3441 luisse
395 3382 511 3470 putat.
541 3364 759 3441 Nec-credit
785 3365 824 3439 in
849 3363 981 3440 ordine
1002 3361 1090 3439 dicti
1120 3363 1268 3469 Templi
1288 3392 1359 3440 nec
1388 3365 1426 3440 in
1455 3364 1577 3471 aliqua
1609 3369 1688 3473 ejus

269 3512 386 3599 parte,
410 3513 447 3572 et
465 3525 533 3601 per
551 3522 782 3600 consequens
801 3523 870 3570 nec
893 3494 1059 3570 nunciari
1085 3521 1154 3567 nec
1174 3494 1307 3599 corrigi
1328 3494 1556 3602 debuerunt,
1579 3499 1687 3574 exsic

269 3625 359 3701 dixit
373 3654 412 3701 se
433 3623 757 3701 firmitercredsre
773 3652 857 3699 vera
877 3651 956 3698 esse
977 3640 1019 3697 ut
1037 3623 1239 3727 respondit.

324 3755 380 3829 Ad
409 3732 521 3830 lxxxn
541 3754 734 3830 articulum
758 3753 1018 3856 interrogatus,
1036 3750 1230 3856 respondit
1258 3768 1295 3827 et
1322 3751 1413 3826 dixit
1438 3779 1477 3827 se
1505 3780 1579 3828 non
1607 3779 1686 3827 cre-

269 3884 356 3960 dere
382 3884 661 3960 multitudinem
692 3881 854 3987 aliquam
887 3881 1041 3958 fratrum
1061 3881 1176 3986 ipsius
1197 3881 1342 3988 Templi
1363 3879 1442 3959 fora
1463 3881 1683 3967 confessam,

268 4014 363 4088 sicut
378 4013 560 4090 invenitur
579 4013 617 4088 in
636 4011 790 4088 articulo
810 4011 1038 4117 supradicto,
1057 4029 1093 4088 et
1113 4011 1142 4086 si
1163 4010 1258 4088 forte
1279 4010 1392 4117 aliqui
1415 4013 1488 4088 sint
1506 4011 1685 4098 confessi,

268 4143 359 4218 dixit
378 4172 416 4219 se
446 4143 596 4219 credere
621 4142 704 4219 illos
727 4171 803 4218 non
833 4169 912 4218 esse
938 4141 1112 4216 homines
1131 4167 1200 4216 nec
1218 4140 1347 4228 fuisse,
1368 4142 1434 4219 sed
1453 4142 1600 4247 penitus
1621 4141 1687 4217 de·

268 4301 397 4349 mones
416 4271 612 4349 infernales
625 4273 690 4378 qui
709 4271 925 4349 naturaliter
935 4272 1024 4348 falsa
1040 4271 1162 4347 dicere
1183 4288 1462 4348 consueverunt.

324 4404 381 4479 Ad
401 4404 543 4491 lxxxur,
566 4403 701 4480 lxxxnn
717 4421 753 4480 et
769 4402 874 4480 lxxxv
890 4401 1063 4478 articulos
1078 4401 1267 4490 inclusive,
1288 4400 1487 4508 diligenter
1501 4419 1538 4478 et
1550 4400 1686 4505 sigilla-

268 4534 336 4609 tim
358 4534 603 4641 interrogatus
628 4550 666 4610 et
692 4562 803 4639 super
823 4548 995 4610 contenta
1019 4532 1057 4607 in
1077 4531 1164 4620 illis,
1183 4531 1301 4609 credit
1318 4533 1422 4638 quod
1441 4530 1571 4608 fratres
1595 4530 1683 4607 dicti

268 4664 409 4741 ordinis
422 4664 568 4770 Templi
590 4665 655 4770 qui
677 4662 832 4741 confessi
854 4682 941 4741 sunt
960 4689 1104 4757 errores
1123 4661 1311 4768 predictos
1336 4663 1375 4737 in
1395 4661 1503 4739 dictis
1519 4659 1686 4737 articulis

268 4813 459 4873 contentos
480 4795 570 4873 falso
591 4796 704 4872 modo
725 4794 883 4872 confessi
905 4811 989 4871 sunt
1006 4812 1047 4870 'et
1067 4813 1193 4871 contra
1213 4795 1421 4885 veritatem,
1444 4811 1486 4871 ut
1506 4794 1583 4900 ipse
1606 4820 1685 4870 cre·
