4230 5956
733 477 927 572 procus
953 498 1049 570 uns
1075 496 1372 570 rennuens.
1685 497 1760 569 nes

343 641 414 718 boc
432 639 532 716 idem
552 637 722 715 similiter
735 639 808 716 sibi
827 637 909 715 fieri
930 638 976 715 ab
996 638 1075 715 aliis
1094 637 1280 716 fratribus.
1302 637 1404 714 Dixit
1422 653 1566 723 tamen,
1588 664 1655 740 per
1664 629 1763 743 jura-

343 788 512 848 mentum
529 797 660 860 suum,
676 769 779 877 quod
798 769 871 848 hoc
889 797 1079 875 nunquam
1099 766 1199 846 fecit.

398 905 647 1007 Interrogatus
668 900 714 976 de
735 899 946 1005 supradicto
962 899 1081 1005 capite
1101 898 1132 977 si
1153 897 1296 1004 aliquid
1314 899 1424 973 sciret
1439 896 1486 972 de
1503 895 1655 984 eodem,
1673 894 1764 973 dixit

343 1060 410 1136 per
428 1033 680 1138 jurameutum
708 1059 816 1106 suum
843 1029 948 1136 quod
971 1056 1066 1117 non,
1096 1029 1183 1135 quia
1206 1056 1396 1134 nunquam
1423 1026 1493 1103 fuit
1529 1027 1567 1101 in
1596 1024 1765 1131 capitulis

346 1160 585 1249 eorumdem,
600 1157 687 1235 licet
706 1159 778 1236 boc
792 1158 932 1266 pluries
944 1158 1204 1264 requisivisset.
1219 1157 1320 1235 Dixit
1336 1157 1451 1234 eciam
1469 1157 1547 1262 ipse
1567 1154 1632 1261 qui
1649 1154 1766 1262 loqui·

345 1310 418 1379 tur,
437 1320 505 1397 per
512 1290 767 1397 juramentum
788 1319 917 1379 suum,
934 1289 1037 1396 quod
1056 1289 1135 1395 ipse
1156 1307 1194 1369 et
1213 1288 1341 1367 fratres
1355 1289 1544 1365 lohannes
1563 1287 1609 1364 de
1629 1289 1765 1365 Besen—

347 1438 471 1509 court,
490 1419 679 1497 lohannes
696 1420 745 1497 de
764 1419 975 1527 louvignie,
997 1418 1215 1527 Radulphus
1234 1420 1282 1496 de
1298 1419 1552 1508 Hardevillier,
1578 1419 1766 1497 lohannes

346 1553 394 1629 de
414 1549 725 1640 Trocbeincourt,
748 1552 878 1627 Petrus
904 1551 952 1627 de
986 1551 1198 1659 Sausauley,
1220 1550 1445 1658 Reginaldus
1469 1549 1516 1626 de
1537 1547 1709 1656 Argivillu
1728 1565 1766 1624 e't

345 1681 553 1759 bernardus
566 1681 613 1758 de
627 1683 875 1760 Sommereux
899 1681 1029 1759 fratres
1044 1683 1160 1789 ipsius
1175 1682 1334 1771 ordinis,
1357 1680 1593 1757 condixerant
1613 1680 1711 1756 inter
1726 1707 1764 1755 se

347 1812 458 1919 longo
482 1830 652 1918 tempore
671 1829 794 1900 antea,
827 1811 930 1918 quod
958 1812 1055 1890 irent
1081 1813 1128 1891 ad
1157 1812 1295 1891 Sedem
1326 1810 1590 1914 Apostolicam,
1611 1808 1766 1913 petituri

348 1941 622 2019 absolutionem
639 1943 686 2018 de
702 1941 880 2048 predictis
900 1957 937 2017 et
953 1941 1145 2018 licenciam
1161 1940 1407 2016 transferendi
1423 1968 1461 2016 se
1482 1940 1529 2015 ad
1543 1939 1657 2016 alium
1671 1938 1768 2016 ordi-

348 2098 449 2147 nem.
470 2071 571 2147 Dixit
588 2070 706 2146 eciam
727 2098 795 2176 per
812 2072 1068 2177 juramentum
1097 2098 1206 2147 suum
1225 2070 1435 2177 quodcum
1456 2070 1535 2176 ipse
1557 2068 1693 2147 laceret
1710 2087 1769 2146 ter

348 2203 387 2276 in
400 2199 604 2304 septimana
623 2197 801 2275 celebrari
821 2200 861 2274 in
880 2199 1042 2306 quadam
1061 2198 1201 2307 capella
1221 2199 1356 2277 domus
1371 2228 1454 2291 sue,
1467 2199 1588 2277 ‘frater
1601 2202 1708 2306 Hugo
1721 2199 1783 2301 de,

349 2328 517 2406 Paraudo
540 2328 706 2405 visitator
731 2330 761 2404 F
762 2329 901 2418 raucio,
930 2327 976 2405 ad
1002 2330 1126 2407 locum
1145 2329 1358 2435 predictum
1383 2330 1591 2418 declinans,
1617 2328 1768 2407 culicem

350 2477 387 2536 et
401 2460 527 2537 omnia
547 2476 764 2538 ornamenta
783 2487 856 2564 que
877 2475 982 2536 erant
1000 2459 1040 2535 in
1053 2460 1191 2565 capella
1206 2459 1373 2566 predicta
1388 2459 1603 2568 asportavit,
1620 2476 1659 2537 et
1670 2460 1770 2538 inbi-

350 2591 433 2668 buit
456 2592 489 2666 ei
511 2618 559 2667 ne
579 2590 747 2696 amplius
765 2588 904 2667 faceret
925 2589 1116 2668 celebrari.
1143 2589 1324 2696 Requisiti
1349 2619 1437 2668 vero
1457 2591 1615 2698 predicti
1639 2589 1770 2668 fratres

350 2723 482 2798 Petrus
501 2719 548 2797 de
569 2717 768 2798 Tortavilla
794 2737 831 2795 et
849 2719 1037 2809 Matbeus,
1062 2719 1233 2797 videlicet
1257 2719 1417 2825 quilibet
1437 2748 1568 2797 eorum
1586 2748 1655 2826 per
1673 2749 1713 2798 se
1734 2738 1771 2796 et

351 2849 589 2957 singulariter
607 2877 675 2956 per
687 2849 946 2956 juramentum
966 2877 1094 2938 suum,
1116 2866 1242 2926 utrum
1262 2850 1314 2937 vi,
1336 2850 1489 2938 timore,
1508 2850 1566 2926 vel
1580 2849 1693 2927 minis
1707 2866 1772 2927 aut

351 2981 419 3057 alia
434 3007 672 3087 quacumque
687 3008 813 3068 causa,
836 2980 874 3054 in
890 2979 1129 3085 deposicione
1144 3007 1210 3056 sua
1226 2979 1402 3057 dixissent
1415 2997 1477 3058 aut
1488 2981 1773 3059 immiscuissent

352 3110 514 3216 aliquam
531 3109 746 3195 salsitatem,
769 3109 956 3199 dixerunt,
978 3108 1118 3185 scilicet
1131 3109 1292 3215 quilibet
1307 3137 1439 3187 eorum
1459 3111 1694 3218 singulariter
1704 3136 1772 3215 per

352 3270 408 3328 se,
424 3268 492 3345 per
505 3239 763 3347 juramentum
782 3267 911 3327 suum,
928 3238 1033 3345 quod
1046 3267 1144 3330 nou,
1160 3240 1278 3317 immo
1294 3238 1442 3344 plenam
1463 3258 1500 3317 et
1519 3231 1665 3321 meram¹
1679 3241 1774 3319 veri-

351 3388 466 3449 tatem
481 3370 664 3458 dixerant,
687 3336 768 3446 sind
789 3369 912 3480 aliqua
932 3368 1101 3447 salsitate.

408 3634 500 3709 ltem
516 3659 631 3722 anno,
655 3632 876 3723 indictione,
899 3661 1043 3723 mense,
1066 3631 1145 3723 die,
1165 3633 1385 3740 pontificatu
1402 3652 1439 3711 et
1460 3660 1558 3712 anno
1576 3625 1769 3739 predictis,

353 3763 391 3840 in
411 3763 500 3839 dicti
521 3763 772 3869 inquisitoris,
790 3779 960 3839 nostrum
978 3764 1208 3841 notariorum
1226 3781 1264 3841 et
1280 3765 1435 3840 testium
1454 3762 1771 3868 infrascriptorum

353 3894 545 3998 presencia
560 3891 806 3999 personaliter
820 3893 1043 3970 constitutus
1058 3892 1170 3971 frater
1179 3895 1365 3972 lohannes
1385 3896 1432 3972 de
1442 3893 1642 3971 Tortavilla
1662 3892 1774 3970 irater

355 4022 443 4099 dicti
464 4021 623 4112 ordinis,
653 4023 759 4100 etatis
777 4023 928 4130 triginta
953 4052 1139 4102 annorum
1160 4026 1219 4103 vel
1245 4027 1355 4114 circa,
1384 4041 1426 4101 ut
1450 4023 1613 4115 dicebat3
1639 4022 1773 4103 eodem

356 4150 471 4229 modo
480 4152 646 4259 juratus,
659 4169 696 4229 et
710 4153 912 4259 requisitus
925 4154 973 4231 de
986 4171 1157 4263 tempore
1169 4171 1206 4231 et
1215 4155 1330 4231 modo
1346 4182 1412 4231 sue
1424 4156 1669 4261 recepoionis‚
1681 4154 1775 4232 dixit

356 4309 423 4387 per
435 4282 693 4389 juramentum
713 4310 824 4358 suum
842 4282 950 4389 quod
967 4301 1109 4388 septem
1130 4285 1328 4361 anni'sunt
1351 4283 1464 4390 elapsi
1481 4285 1539 4363 vel
1555 4287 1650 4363 circa
1670 4284 1775 4392 quod

356 4410 426 4488 luit
453 4427 624 4519 receptus
654 4411 755 4518 apud
791 4413 1049 4518 savigniacum
1074 4413 1301 4493 Senonensis
1326 4415 1499 4504 diocesis,
1521 4432 1600 4521 ‘per
1623 4415 1775 4492 srntrem

357 4541 554 4619 Girardum
591 4543 638 4619 de
668 4541 869 4620 Villaribus
900 4559 991 4620 tunc
1022 4545 1238 4652 magistrum
1271 4573 1338 4622 seu
1367 4545 1601 4623 visitatorem·
1621 4544 1774 4623 Franeie

356 4673 589 4778 generalem,
611 4672 847 4778 presentibus
865 4672 1038 4779 pluribus
1057 4673 1232 4753 fratribus
1254 4675 1342 4753 dicti
1363 4676 1521 4767 ordinis,
1546 4675 1593 4754 de
1612 4676 1775 4784 quorum

356 4803 572 4882 nominibus
594 4829 670 4881 non
692 4803 843 4894 recolit;
868 4821 907 4881 et
926 4803 1019 4884 dixit
1040 4832 1109 4911 per
1127 4806 1383 4915 juramentum
1410 4835 1524 4884 suum
1541 4805 1661 4915 quod,
1688 4823 1771 4914 post
