4230 5956
480 476 553 546 aas
869 452 1188 545 rnocnsnns
1213 471 1517 549 anuntiare.

475 630 549 704 tur,
565 612 680 692 nullis
699 611 936 719 presentibus
950 612 1022 688 nisi
1036 611 1212 689 fratribus
1230 611 1385 703 ordinis,
1403 642 1537 721 exque
1550 614 1670 696 credit
1681 618 1787 723 quod
1799 638 1897 697 esset

476 745 786 851 suspiciocontra
805 769 880 819 eos.
908 740 1084 821 Cordulis
1107 741 1211 820 unde
1237 741 1414 822 volebant
1428 744 1627 852 assumptis
1647 745 1896 855 cingebantur

475 901 589 979 super
603 875 770 952 camisias
791 902 876 949 cnm
897 871 1037 978 quibus
1046 871 1230 978 jacebant.
1248 871 1426 952 Nolentes
1445 874 1564 953 facere
1579 874 1745 982 predicta
1765 877 1894 958 illicita

476 1005 679 1082 consessata
698 1033 766 1111 per
790 1031 878 1081 aum
895 1002 1052 1081 fuissent
1071 1003 1303 1094 incarcerati,
1321 1021 1366 1081 ut
1385 1005 1526 1082 audivit
1544 1005 1634 1095 diei,
1653 1022 1690 1083 et
1710 1007 1776 1112 qui
1793 1037 1895 1088 reve-

475 1135 614 1212 lassent
637 1152 775 1212 secreta
796 1133 1078 1241 capituliorum,
1106 1134 1266 1242 graviter
1282 1133 1406 1241 puniti
1434 1134 1602 1213 luissent.
1627 1139 1776 1215 Fratres
1801 1156 1915 1244 quos'

476 1266 594 1343 credit
607 1266 754 1343 scivisse
769 1292 914 1342 errores
934 1262 1160 1341 consessatos
1179 1290 1247 1368 per
1261 1291 1350 1340 eum
1364 1263 1520 1342 luerunt
1537 1264 1786 1374 negligentes,
1808 1271 1896 1375 quia

475 1424 551 1473 non
572 1413 812 1474 correxerunt
840 1423 905 1472 eos
933 1422 1002 1472 nec
1026 1392 1347 1471 denunciaverunt
1370 1393 1547 1473 Ecclesia.
1577 1395 1831 1475 Elemosinam
1858 1419 1896 1478 et

475 1526 764 1632 hospitalitatem
781 1525 872 1602 vidit
887 1524 1153 1605 convenienter
1173 1521 1256 1601 lieri
1276 1539 1313 1600 ct
1331 1525 1466 1601 servari
1486 1526 1526 1602 in
1549 1524 1726 1610 domibus
1749 1529 1893 1606 ordinis

474 1657 673 1764 inquibus
695 1655 834 1734 exstitit
855 1672 1122 1734 commoratus.
1151 1653 1303 1732 Audivit
1325 1654 1399 1731 dici
1427 1655 1534 1762 quod
1559 1682 1691 1735 eornm
1718 1658 1892 1764 capitulla

475 1788 569 1864 clam
584 1789 822 1865 tenebantur.
840 1779 969 1866 Credit
991 1784 1095 1891 quod
1106 1801 1209 1862 totus
1227 1784 1322 1862 ordo
1338 1803 1516 1864 servasset
1534 1786 1705 1867 ordinata
1729 1815 1798 1893 per
1815 1790 1891 1868 Ma·

474 1918 632 2024 gistrum
651 1946 736 1995 cum
753 1934 956 2007 conventu,
983 1933 1021 1994 et
1034 1914 1139 2022 quod
1159 1942 1260 1992 nunc
1278 1915 1436 2022 grandia
1462 1916 1648 2008 scandala,
1677 1917 1892 2022 suspiciost

474 2048 623 2126 infamia
644 2065 730 2128 sunt
745 2065 871 2126 exorta
891 2063 1017 2125 contra
1034 2046 1226 2135 ordinem,
1244 2063 1373 2124 contra
1391 2075 1508 2152 quem
1528 2047 1650 2125 dictus
1662 2045 1837 2154 Magister
1857 2066 1894 2126 et

475 2178 535 2257 alii
557 2181 734 2256 dicuntur
753 2180 874 2285 aliqua
897 2177 1012 2257 luisse
1038 2177 1220 2269 confessi3
1246 2178 1293 2254 ad
1320 2170 1427 2286 cnjus
1452 2178 1598 2257 ordinis
1619 2176 1891 2257 deffensionem

474 2338 513 2385 se
532 2336 610 2386 non
630 2308 832 2397 obtulerat,
855 2335 924 2386 nec
943 2308 1063 2385 luerat
1077 2308 1175 2386 ultra
1192 2332 1306 2386 mare.
1407 2348 1412 2357 ·

529 2440 745 2547 Requisitus
756 2439 787 2516 si
801 2439 853 2517 sic
868 2439 1094 2546 deposuerat
1103 2467 1224 2546 prece,
1245 2456 1439 2545 precepto,
1456 2439 1605 2531 timore,
1622 2465 1766 2528 amore,
1783 2439 1889 2527 odio,

473 2568 530 2647 vel
549 2569 747 2675 temporali
764 2569 926 2648 comodo
938 2568 1068 2649 habito
1083 2569 1141 2647 vel
1161 2569 1356 2660 habendo,
1374 2569 1571 2675 respondit
1589 2569 1697 2676 quod
1710 2596 1802 2659 non,
1824 2572 1889 2648 sed

471 2726 541 2806 pro
561 2702 713 2778 veritate
734 2701 915 2794 dicenda;
936 2700 997 2779 cui
1020 2699 1094 2778 fnit
1115 2700 1330 2809 injunctum
1355 2699 1458 2806 qnod
1484 2726 1562 2777 non
1588 2698 1770 2778 revelaret
1795 2699 1891 2777 hanc

471 2860 577 2910 suam
595 2833 895 2940 deposiciooem,
916 2859 1116 2941 quousque
1132 2832 1393 2910 attestaciones
1404 2829 1547 2909 luerint
1558 2829 1764 2936 publicam,
1787 2847 1826 2907 et
1844 2832 1890 2907 vi·

473 2960 632 3042 debatur
651 2994 730 3045 esse
746 2963 853 3043 valde
873 2964 1048 3071 simplex,
1070 2961 1303 3073 intelligebat
1316 2979 1444 3041 tamen
1459 2961 1645 3047 Latinum.

526 3229 615 3306 Post
634 3232 704 3307 bec
730 3231 884 3309 luerunt
902 3234 1052 3310 adducti
1069 3260 1138 3339 pro
1155 3229 1332 3318 testibus,
1351 3227 1398 3305 ad
1415 3223 1647 3333 presenciam
1666 3223 1889 3300 eorumdem

473 3361 715 3439 dominorum
729 3362 1088 3451 commissariorum,
1104 3361 1233 3439 fratres
1246 3360 1437 3438 lohannes
1449 3357 1496 3433 de
1509 3353 1708 3440 Noviomo,
1723 3354 1890 3431 Bertran·

472 3493 543 3570 dus
562 3492 682 3571 Guasc
704 3494 956 3572 Rutbenensis
977 3511 1014 3571 et
1033 3492 1262 3572 Guillelmus
1289 3487 1494 3568 Cardalbac
1521 3485 1783 3563 Convenarum
1807 3485 1889 3561 dio—

470 3626 627 3714 cesium',
639 3625 932 3733 servientes,qui
944 3625 1051 3702 tactis
1062 3621 1300 3701 saerosanctis
1314 3618 1513 3726 evangeliis
1526 3617 1748 3724 jnraverunt
1765 3614 1888 3692 dicere

470 3758 661 3835 veritatem
683 3757 833 3864 plenam
854 3774 891 3834 et
912 3785 1053 3834 meram
1074 3756 1112 3830 in
1131 3754 1202 3831 isto
1218 3744 1887 3860 negocio,secundumlormamjura-

470 3890 588 3966 menti
602 3888 762 3967 aliorum
775 3888 928 3965 testium
947 3886 1120 3993 superius
1135 3885 1387 3991 registratam,
1410 3880 1613 3986 expositam
1633 3892 1670 3953 et
1686 3873 1887 3980 vulgariza-

468 4038 544 4096 tam
567 4018 720 4097 eisdem.
1846 4033 1849 4039 ·

525 4281 612 4376 Quo
643 4280 754 4373 lacto,
782 4281 904 4359 dictus
933 4279 1046 4357 lrater
1069 4276 1298 4358 Guillelmus
1330 4271 1378 4350 de
1397 4265 1633 4355 'Cardalham
1662 4266 1886 4344 mantellum

469 4412 670 4500 defferens,
685 4411 840 4489 barbam
854 4439 973 4487 rasam
987 4411 1147 4498 habens,
1169 4431 1261 4485 xxxv
1286 4430 1470 4481 annorum
1490 4398 1547 4477 vel
1567 4399 1681 4485 circa,
1703 4425 1791 4473 cum
1810 4422 1886 4500 quo

468 4542 690 4650 inquisitum
701 4541 823 4618 luerat
838 4567 904 4645 per
919 4539 1118 4614 dominum
1135 4538 1352 4643 episcopum
1369 4532 1631 4619 Parisiensem‚
1650 4526 1756 4604 lectis
1776 4541 1814 4602 et
1829 4524 1887 4602 di·

467 4673 627 4779 ligenter
653 4671 828 4778 expositis
850 4668 922 4747 sibi
953 4668 1130 4745 omnibus
1158 4684 1196 4744 et
1223 4663 1380 4773 singulis
1412 4660 1592 4748 articulis,
1624 4655 1820 4764 respondit
1847 4681 1885 4730 se

468 4804 627 4893 nescire,
648 4830 718 4879 nec
730 4800 904 4891 credere,
922 4826 992 4875 nec
1009 4796 1193 4875 audivisse
1207 4797 1281 4874 dici
1300 4796 1348 4873 de
1364 4794 1548 4873 contentis
1561 4793 1600 4868 in
1620 4789 1674 4867 eis
1693 4787 1763 4865 nisi
1781 4784 1888 4891 qnod
