4230 5956
458 448 531 524 aaa
843 421 1040 517 rnocr'ss
1071 439 1166 511 nus
1195 402 1501 517 rnurirsas.

457 592 546 681 bus,
567 616 681 696 supra
700 614 771 695 per
793 585 937 664 dictum
956 581 1258 662 Floriamontem
1275 585 1423 693 scriptis
1437 601 1476 662 et
1490 584 1709 696 designatis,
1726 617 1882 696 presens

458 719 629 809 interfui,
652 746 830 797 unacum
852 717 952 795 dicto
969 716 1128 821 Hugone
1146 731 1185 792 et
1202 715 1395 795 Bernardo
1415 713 1572 804 Filholi,
1592 714 1801 798 smillelmo
1816 722 1882 797 Ra·

459 853 593 959 dtrlphi
617 849 773 928 notariis
799 845 998 957 predictis,
1012 862 1140 953 prout
1160 872 1271 954 supra
1295 847 1552 955 specificatum
1575 865 1632 926 est
1656 865 1696 926 et
1721 850 1882 959 singula·

458 984 551 1061 riter
576 981 822 1069 declaratum,
845 997 884 1056 et
911 976 1159 1055 demandato
1184 978 1375 1057 dictorum
1395 979 1640 1059 dominorum
1664 982 1882 1058 commissa-

460 1116 623 1203 riorum,
645 1130 761 1219 prout
772 1109 992 1199 adfuerunt,
1014 1108 1078 1187 hic
1096 1137 1159 1188 me
1173 1110 1609 1220 subscripsi,·et-signum
1629 1139 1758 1190 meum
1774 1141 1883 1218 supra

461 1245 618 1353 apposui
639 1258 874 1321 consuetum.

516 1509 564 1585 Et
578 1536 655 1617 ego
663 1506 878 1585 Bernardus
896 1505 1067 1583 Filholus
1087 1505 1263 1597 clericus,
1298 1506 1576 1585 Lemovieensis
1600 1506 1786 1594 -diocesis‚
1814 1534 1880 1583 au-

462 1639 631 1717 ctoritate
651 1635 853 1744 apostolica
873 1634 1051 1744 publicus
1070 1636 1256 1730 notarim,
1280 1635 1462 1744 predictis
1482 1636 1739 1744 processibus,
1768 1664 1881 1743 supra

459 1796 528 1873 per
549 1768 693 1846 dictum
721 1765 1018 1844 Floriamontem
1040 1766 1187 1875 scriptis
1208 1783 1248 1845 et
1274 1766 1492 1876 designetis,
1515 1792 1672 1874 presens
1704 1765 1881 1856 interlui,

460 1926 535 1977 una
553 1927 648 1976 ‘cum
678 1897 787 1976 dictis
809 1899 970 2005 Hugone
993 1913 1033 1975 et
1061 1898 1255 1976 Bernardo
1280 1895 1479 1991 Umbsldi,
1504 1896 1712 1979 Guillelmo
1742 1898 1885 1974 lladul·

461 2029 544 2134 phi,
574 2047 611 2106 et
638 2028 894 2106 Floriamonte
922 2027 1078 2106 notariis
1107 2027 1322 2116 antedictis,
1350 2045 1467 2135 prout
1489 2054 1602 2136 supra
1629 2026 1884 2136 specificatum

463 2176 519 2237 est
540 2178 578 2236 et
598 2158 838 2265 singulariter
859 2156 1111 2247 declaratum,
1138 2177 1177 2236 et
1204 2159 1253 2236 de
1285 2158 1464 2237 mandato
1489 2157 1682 2237 dictorum
1714 2157 1887 2236 domino·

463 2316 549 2365 rum
572 2288 932 2380 commissariorum,
960 2305 1076 2394 prout
1099 2288 1323 2393 adsuerunt,
1344 2290 1495 2369 hic'me
1520 2287 1742 2397 subscripsi,
1773 2306 1810 2366 et
1838 2289 1887 2364 si-

464 2445 582 2523 guum
605 2444 734 2493 meum
754 2417 912 2523 apposui
937 2434 1174 2497 consuetum.

521 2677 575 2757 Ac
590 2706 659 2785 ego
680 2678 792 2785 Hugo
810 2677 857 2755 de
872 2677 1048 2785 Eugubio
1079 2679 1238 2757 clericus
1262 2697 1498 2760 sacrosancte
1517 2682 1685 2759 Romane
1711 2678 1886 2765 ecclesie,

466 2825 505 2885 et
528 2807 718 2916 imperiali
747 2807 969 2887 auctoritate
1000 2811 1171 2888 notarius
1196 2809 1602 2919 publicus,·-pradictis
1627 2807 1886 2917 processibus,

465 2966 577 3045 supra
593 2967 661 3045 per
679 2937 825 3018 dictum
854 2939 1150 3018 Floriamontem
1176 2941 1325 3049 scriptis
1349 2959 1390 3020 et
1415 2940 1632 3051 designatis,
1654 2966 1808 3047 presens
1836 2940 1889 3014 in·

465 3066 594 3159 terfui,
618 3095 796 3146 unafcum
819 3066 928 3148 dictis
947 3070 1140 3149 Bernardo
1157 3071 1320 3164 Filholi‚
1342 3070 1551 3152 Guillelmo
1570 3067 1777 3176 deul‘phi,
1803 3070 1889 3146 Ber·

468 3197 587 3274 nardo
618 3196 816 3287 Umbaldi,
847 3216 886 3277 et
913 3200 1170 3279 Floriamonte
1200 3203 1361 3282 notariis
1389 3200 1607 3289 antedictis,
1635 3216 1750 3308 prout
1779 3225 1889 3303 supra

468 3308 723 3431 specificatum
748 3346 786 3404 et
810 3327 1051 3436 singulariter
1078 3329 1324 3421 declaratum,
1358 3351 1395 3411 et
1420 3333 1467 3411 de
1495 3330 1674 3410 mandato
1699 3329 1888 3406 dictorum

469 3454 712 3534 dominorum
733 3457 1096 3549 commissariorum,
1113 3479 1228 3567 prout
1246 3461 1454 3554 affuerunt,
1472 3462 1534 3540 hic
1548 3490 1611 3538 me
1622 3458 1838 3565 subscripsi,
1852 3476 1890 3533 et

469 3585 617 3693 signum
634 3614 763 3665 meum
775 3589 935 3696 apposui
949 3606 1185 3668 consuetum.
