4230 5956
586 443 784 534 proces
808 461 904 533 ons
930 459 1228 533 rennuens.
1546 459 1617 536 tsi

200 598 273 676 nisi
288 599 336 676 sit
351 597 541 689 sacerdos,
562 615 686 705 potest
707 599 872 707 aliquem
895 600 1086 679 absolvere
1108 629 1130 675 a
1152 603 1326 706 peccatis,
1349 618 1387 678 et
1407 603 1438 680 si
1464 631 1621 711 magnus

199 730 376 834 Magister
392 729 481 805 dicti
502 729 647 807 ordinis
661 729 853 809 consessus
866 731 939 808 fuit
953 759 993 808 se
1013 758 1124 836 posse
1137 731 1230 808 alios
1249 731 1381 808 fratres
1396 733 1585 810 absolvere
1601 765 1621 809 a

200 859 377 964 peccatis,
394 858 490 936 sicut
505 860 545 937 in
564 861 721 939 articulo
742 861 890 950 dicitur,
912 861 1102 940 confessus
1121 877 1176 938 est
1193 880 1320 939 contra
1338 891 1480 939 verum.

257 991 351 1067 Item
372 990 464 1067 dixit
483 991 585 1096 quod
604 992 787 1097 recipiens
806 1009 845 1069 et
864 1008 1038 1098 receptus
1057 992 1319 1070 deosculantur
1337 1021 1376 1069 se
1399 994 1438 1069 in
1459 1021 1524 1070 ore
1544 1011 1624 1069 tan-

201 1138 299 1211 tum,
330 1138 366 1196 et
390 1121 468 1225 ipse
492 1137 662 1226 receptus
685 1123 829 1200 noviter
852 1122 1040 1200 osculatur
1061 1124 1100 1198 in
1127 1151 1192 1200 ore
1211 1140 1354 1199 tantum
1379 1121 1509 1199 iratres
1530 1123 1624 1202 alios

205 1250 373 1356 ejusdem
390 1251 531 1329 ordinis
551 1251 699 1358 aliquos
707 1254 1001 1341 circumstantes,
1017 1252 1074 1329 vel
1091 1281 1222 1330 omnes
1240 1253 1297 1330 vel
1312 1253 1456 1358 aliquos
1475 1254 1524 1330 de
1539 1282 1624 1359 pre-

203 1380 324 1458 dictis.
1563 1418 1566 1423 ·

260 1512 361 1591 Dixit
381 1512 497 1588 eciam
517 1512 624 1618 quod
643 1514 784 1618 recepti
802 1513 841 1599 iu
858 1512 990 1590 ordine
1012 1513 1225 1618 supradicto
1248 1513 1471 1618 promittunt
1495 1516 1533 1590 in
1558 1543 1625 1591 sua

157 1730 165 1750 ἢ
204 1641 420 1745 recepcione
435 1641 534 1719 inter
549 1641 619 1718 alia
631 1644 736 1748 quod
749 1671 826 1719 non
840 1643 993 1720 exibunt
1002 1671 1071 1720 nec
1085 1643 1300 1748 relinquent
1312 1644 1436 1748 ipsum
1450 1643 1623 1719 ordinem

204 1798 272 1875 pro
292 1770 430 1847 minori
448 1771 507 1847 rel
522 1772 671 1878 majori,
693 1773 771 1850 sine
792 1773 947 1851 licencia
966 1774 1168 1879 superioris
1187 1773 1251 1879 qui
1273 1771 1407 1849 dictam
1430 1772 1623 1850 licenciam

203 1901 319 2004 possit
339 1901 446 1990 dare3
472 1917 512 1976 et·
532 1902 780 1979 incontinenti
804 1921 890 2008 post
906 1931 1038 1979 eorum
1064 1902 1323 2008 receptionem
1346 1901 1534 1978 habentur
1555 1930 1624 2007 pro

205 2028 400 2134 professis,
417 2035 520 2139 jutta
534 2046 667 2108 statuta
682 2031 825 2108 ordinis
840 2031 928 2108 dicti
940 2031 1102 2137 Templi.
1120 2032 1205 2125 Que
1218 2032 1373 2139 quidem
1388 2033 1625 2137 receptiones

204 2160 303 2239 liunt
318 2160 433 2237 nullis
446 2160 682 2264 presentibus
695 2161 767 2238 nisi
782 2160 960 2239 fratribus
977 2161 1120 2238 ordinis
1139 2162 1352 2267 supradicti.

261 2291 321 2367 Ad
335 2290 537 2369 xl-lxxxu
553 2291 728 2369 articulos
741 2291 941 2380 inclusive,
957 2291 1157 2396 diligenter
1169 2308 1207 2368 et
1220 2291 1407 2398 sigillatim
1420 2294 1625 2399 interroga-

205 2438 282 2510 tus,
296 2421 526 2525 respondens
540 2421 684 2527 negavit
698 2423 799 2526 ipsos
813 2420 989 2498 articulos
1002 2438 1041 2530 et
1054 2421 1180 2497 omnia
1197 2437 1235 2497 et
1248 2421 1393 2528 singula
1406 2425 1624 2499 contentain

208 2553 279 2640 eis,
297 2568 450 2655 excepto
467 2552 571 2656 quod
590 2551 779 2628 confessus
794 2550 971 2656 estquod
987 2551 1057 2656 ipsi
1077 2549 1207 2626 fratres
1226 2551 1426 2658 cinguntur
1442 2581 1553 2657 super
1568 2582 1627 2629 ca-

208 2661 353 2759 misiam
378 2681 541 2757 cordulis
567 2681 614 2757 de
640 2680 717 2758 lino
743 2680 802 2759 vel
826 2682 875 2758 de
901 2681 984 2758 lana
1010 2680 1068 2758 vel
1088 2679 1135 2756 de
1156 2708 1311 2785 canape3
1336 2683 1481 2787 negavit
1502 2699 1627 2758 nmen

207 2812 405 2918 quodipse
417 2811 570 2889 cordule
581 2839 658 2888 non
667 2812 864 2919 cinguntur
872 2839 942 2887 nec
953 2825 1157 2918 tanguntur
1167 2811 1206 2885 in
1220 2809 1405 2916 capitibus
1414 2811 1625 2916 ydolorum.

263 2945 355 3019 ltem
376 2941 563 3020 confessus
583 2943 756 3048 estquod
775 2941 847 3046 ipsi
860 2940 991 3019 fratres
1009 2941 1232 3046 promittunt
1248 2940 1348 3016 inter
1366 2939 1437 3016 alia
1459 2956 1628 3046 tempore

209 3101 273 3151 sue
293 3051 533 3177 receptionis,
554 3073 658 3178 quod
675 3072 831 3150 modum
851 3071 1074 3176 receptionis
1092 3099 1159 3149 sue
1179 3097 1258 3147 non
1271 3069 1433 3147 debeant
1449 3070 1627 3163 revelare,

135 3306 138 3311 ,
209 3230 283 3308 que
298 3201 394 3279 liunt
406 3219 444 3281 et
457 3202 636 3279 dicuntur
654 3202 694 3279 in
705 3202 795 3307 ipsis
809 3200 993 3307 capitulis,
1014 3229 1084 3276 nec
1097 3200 1201 3305 loqui
1217 3200 1334 3277 eciam
1354 3229 1441 3277 cum
1458 3199 1632 3277 fratribus

211 3332 382 3439 ejusdem
402 3331 546 3410 ordinis
566 3332 614 3408 de
637 3331 711 3408 hiis
730 3359 805 3438 qne
823 3347 983 3437 aguntur
1001 3332 1040 3407 in
1060 3329 1153 3435 ipsis
1168 3330 1353 3434 capitulis,
1378 3331 1449 3407 nisi
1473 3331 1548 3408 hiis
1565 3333 1630 3437 qui

210 3461 456 3539 interfuerunt
472 3461 513 3538 in
529 3462 681 3541 eisdem.
1045 3526 1047 3531 ,
1321 3481 1327 3487 “
1396 3524 1399 3529 .

267 3593 326 3670 ed
346 3593 484 3679 lxxxru,
505 3592 641 3668 lxxxuu
661 3608 700 3667 et
712 3591 817 3669 lxxxv
832 3591 1006 3667 artimrlos
1025 3589 1216 3677 inclusive,
1234 3589 1432 3694 diligenter
1446 3606 1485 3665 et
1498 3587 1633 3693 sigilla-

211 3725 281 3801 tim
297 3724 562 3826 interrogatus‚
584 3720 813 3825 respondens
832 3718 927 3795 dixit
942 3719 1046 3824 quod
1063 3717 1114 3794 illi
1136 3716 1265 3793 iratres
1284 3716 1349 3821 qui
1368 3717 1525 3795 confessi
1546 3735 1634 3793 sunt

214 3852 379 3958 predicta
399 3850 457 3928 vel
481 3849 626 3956 aliquos
649 3877 809 3938 errores,
831 3865 945 3955 prout
965 3847 1004 3924 in
1026 3845 1295 3954 ipsisarticulis
1314 3847 1634 3935 continetur,·non

215 3982 388 4059 dixerunt
398 4009 545 4071 verum,
558 4009 646 4088 ymo
655 3979 807 4069 salsum,
823 3997 860 4058 et
872 3979 1019 4056 mentiti
1036 3995 1123 4058 sunt
1136 4006 1248 4083 super
1262 3978 1381 4083 capud
1397 4004 1524 4065 suum,
1538 3976 1633 4053 salva

214 4110 433 4190 excellentia
449 4111 558 4190 Sedis
576 4111 790 4218 apostolice.

272 4241 329 4320 Ad
349 4242 468 4320 lxxxvi
483 4241 681 4320 articulum
694 4241 892 4348 diligenter.
906 4241 1168 4346 interrogatus,
1182 4238 1417 4344 respondens
1426 4238 1517 4314 dixit
1529 4238 1634 4344 quod

216 4373 328 4451 frater
347 4371 570 4452 Guillelmus
585 4373 632 4449 d'e
651 4370 807 4450 Abelars
824 4386 1020 4477 preceptor
1036 4368 1128 4447 olim
1150 4369 1248 4446 dicte
1266 4369 1404 4445 domus
1415 4368 1533 4447 Menai
1544 4368 1633 4459 Dei,

217 4503 257 4579 in
276 4502 415 4609 capella
435 4503 603 4609 ejusdem
625 4503 778 4591 domus,
801 4502 838 4578 in
859 4499 979 4606 prima
997 4500 1195 4578 Dominica
1215 4498 1431 4604 Carniprivii
1452 4497 1637 4603 Cadrage-

217 4635 310 4711 sime
325 4633 479 4711 Domini
498 4632 755 4709 eruntx1anni
773 4631 905 4737 elapsi,
919 4647 962 4707 ut
982 4631 1115 4721 credit,
1137 4630 1280 4735 recepit·
1295 4628 1417 4735 ipsum
1434 4628 1498 4733 qui
1514 4627 1638 4734 loqui-

217 4781 278 4842 tur
296 4766 336 4842 in
354 4764 507 4843 fratrem
528 4764 671 4842 ordinis
695 4762 912 4869 supradicti,
943 4761 1179 4870 presentibus
1203 4777 1241 4838 et
1263 4760 1412 4838 ibidem·
1433 4757 1636 4837 astantibus
