4230 5956
648 464 848 557 procus
872 483 968 556 ons
994 482 1293 556 rnurmnns
1602 484 1675 559 oss

314 624 371 701 Ad
389 622 499 702 lxxvu
514 621 712 700 articulum
729 623 974 727 respondens,
997 623 1144 729 negavit
1157 622 1301 700 dictum
1316 621 1514 699 articulum
1536 639 1573 700 et
1591 651 1678 702 con-

254 771 353 832 tenta
372 756 413 830 in
428 782 487 832 eo.

308 886 366 963 Ad
380 885 503 964 lxxvm
523 884 720 962 articulum
740 886 989 991 respondens,
1006 885 1151 992 negavit
1167 884 1309 960 dictum
1324 882 1524 959 articulum
1542 901 1579 960 et
1592 913 1676 962 con·

251 1033 353 1094 tenta
368 1017 407 1093 in
423 1043 481 1093 eo.
498 1016 599 1092 Dixit
611 1032 739 1093 tamen
759 1016 880 1121 quod,
900 1016 1052 1122 quando
1071 1015 1204 1092 fratres
1220 1014 1451 1120 recipiuntur
1468 1013 1674 1091 addictum

252 1145 445 1235 ordinem,
466 1146 676 1254 injungitur
695 1146 749 1223 eis
764 1173 907 1224 servare
922 1144 1044 1223 bonos
1064 1174 1189 1223 mores
1205 1162 1242 1221 et
1255 1144 1373 1222 bonas
1386 1144 1673 1221 consuetudines

201 1344 203 1348 .
252 1275 341 1353 dicti
358 1277 501 1355 ordinis
516 1293 710 1383 presentes
730 1293 767 1354 et
781 1276 942 1365 futuros,
962 1294 1000 1353 et
1019 1275 1135 1353 malos
1151 1277 1276 1353 vitare.

307 1406 364 1484 Ad
385 1406 483 1483 lxxix
502 1406 700 1484 articulum
720 1407 969 1513 respondeus,
991 1423 1102 1513 negat
1121 1434 1221 1483 eum.
1252 1454 1256 1463 ·

306 1536 365 1612 Ad
377 1535 462 1615 lm
480 1537 677 1615 articulum
697 1539 942 1643 respondens,
958 1555 1068 1644 negat
1088 1566 1194 1628 eum,
1213 1538 1373 1641 exceptis
1390 1565 1457 1642 per
1475 1565 1563 1614 eum
1581 1566 1672 1615 con·

250 1665 393 1744 fessutis
407 1695 531 1774 supra.
634 1704 637 1709 ·

305 1797 363 1874 Ad
375 1797 471 1877 lxxxi
486 1798 686 1876 articulum
699 1800 950 1906 respondeus,
967 1801 1114 1906 negavit
1127 1827 1214 1875 eum
1232 1816 1269 1874 et
1283 1813 1456 1874 contenta
1471 1797 1509 1871 in
1529 1824 1575 1873 eo
1591 1826 1672 1875 om-

248 1929 308 2003 nia
328 1945 367 2004 et
380 1928 538 2035 singula,
560 1928 668 2006 salvis
687 1959 708 2007 a
724 1958 764 2006 se
783 1931 956 2036 superius
975 1928 1199 2007 confessatis.

304 2056 363 2135 Ad
389 2058 499 2136 lxxxu
529 2059 726 2137 articulum
750 2059 1001 2166 respondens,
1036 2059 1128 2136 dirit
1156 2086 1226 2135 nec
1247 2085 1286 2135 se
1304 2059 1400 2134 scire
1423 2084 1492 2134 nec
1516 2058 1669 2135 credere

249 2205 421 2265 contenta
441 2190 480 2265 in
501 2214 564 2274 eo,
584 2189 680 2267 salva
700 2189 923 2267 excellencia
948 2189 1093 2266 domini
1114 2189 1229 2266 nostri
1250 2188 1387 2265 summi
1408 2187 1612 2294 pontilicis,
1633 2208 1670 2266 et

247 2319 457 2395 reverencie
477 2317 632 2395 fratrum
654 2320 745 2427 ejus.

304 2449 361 2526 Ad
381 2449 506 2528 lxrrur
526 2448 723 2528 articulum
744 2450 991 2556 respondens,
1009 2450 1102 2527 dixit
1120 2478 1159 2527 se
1178 2478 1254 2527 non
1270 2450 1422 2527 credere
1440 2477 1561 2556 neque
1576 2451 1668 2528 scire

247 2580 371 2686 aliqua
390 2583 438 2658 de
468 2583 651 2660 contentis
680 2583 720 2659 in
745 2610 808 2671 eo,
829 2582 925 2661 selva
950 2582 1169 2660 excellencia
1193 2582 1363 2689 ejusdem
1384 2580 1527 2657 domini
1553 2584 1667 2658 nostri

246 2739 341 2817 pape
361 2730 399 2790 et
412 2712 568 2790 fratrum
585 2714 666 2821 ejus
680 2712 837 2791 honore.

302 2842 361 2918 Ad
372 2842 511 2919 lrxxmr
520 2841 718 2920 articulum
729 2842 977 2949 respondens,
988 2842 1081 2919 dixit
1090 2858 1134 2917 ut
1144 2841 1183 2917 in
1193 2840 1363 2947 proximo
1375 2838 1530 2917 articulo
1544 2868 1666 2947 supra.

301 2971 361 3047 Ad
378 2971 485 3051 imm
502 2971 700 3051 articulum
719 2972 965 3080 respondens,
987 2972 1080 3048 dixit
1095 3000 1135 3049 se
1151 2999 1221 3048 nec
1235 2971 1328 3048 scire
1347 2997 1419 3046 noc
1433 2968 1586 3046 credere
1600 2969 1669 3046 aii-

245 3101 403 3208 quidde
424 3104 607 3181 contentis
626 3105 665 3180 in
685 3131 743 3181 eo.

299 3232 361 3309 Ad
378 3230 499 3314 lxxxvi
518 3234 715 3313 articulum
734 3235 981 3342 respondens,
1001 3235 1093 3312 dixit
1109 3233 1211 3342 quod
1233 3234 1312 3340 ipse
1326 3234 1393 3339 qui
1412 3231 1582 3337 loquitur
1598 3230 1668 3309 fuit

244 3378 417 3469 receptus
435 3364 475 3440 in
495 3365 608 3444 domo
630 3365 750 3443 Munsi
765 3364 851 3455 Dei,
873 3342 963 3472 pe?
958 3362 1109 3441 fratrem
1128 3363 1391 3471 Raymundum
1407 3362 1455 3439 de
1469 3364 1565 3442 Buoo
1578 3379 1668 3440 tunc

242 3512 499 3601 preceptorem
515 3496 684 3604 ejusdem
699 3498 852 3585 domus,
869 3496 907 3572 in
924 3496 1048 3602 vigilia
1067 3496 1203 3573 Natalis
1223 3495 1374 3572 Domini
1394 3495 1561 3598 proxime
1581 3521 1668 3596 pre-

242 3624 348 3701 terita
368 3624 522 3703 fuerunt
542 3651 624 3702 xxix
644 3627 729 3702 anni
752 3626 881 3732 elapsi,
898 3624 1102 3703 astantibus
1117 3623 1401 3729 etpresentibus
1420 3623 1459 3696 in
1478 3622 1555 3726 ipsa
1571 3649 1668 3698 rece-

243 3755 376 3857 pcione
385 3753 559 3831 fratribus
566 3757 676 3833 Petro
687 3755 734 3831 de
745 3754 1066 3860 Camporotundo‚
1075 3753 1212 3829 Jacobo
1224 3752 1353 3839 Olerii,
1367 3751 1532 3827 Arnoldo
1541 3751 1666 3827 Rocha

244 3886 445 3962 camerario
466 3885 565 3962 dicte
589 3885 742 3972 domus,
765 3901 803 3961 et
821 3882 992 3989 pluribus
1009 3882 1092 3960 aliis
1112 3882 1160 3959 de
1179 3882 1317 3989 quibus
1336 3908 1412 3958 non
1437 3880 1662 3967 recordetur,

243 4013 309 4119 qui
324 4016 461 4092 mortui
482 4033 584 4103 sunt,
607 4032 644 4093 et
658 4014 771 4093 fratre
786 4014 953 4093 lordono
972 4031 1011 4093 et
1030 4014 1140 4091 fratre
1160 4012 1326 4092 Amoido
1346 4011 1485 4091 Cdnicii
1501 4029 1538 4088 et
1553 4010 1664 4088 fratre

243 4144 423 4250 symone,
436 4172 537 4221 nunc
548 4145 773 4232 viventibus,
796 4144 940 4224 ordinis
953 4143 1167 4251 supradicti.
1183 4143 1318 4220 Modus
1334 4159 1458 4218 autem
1477 4169 1544 4220 sue
1564 4169 1666 4218 rece-

241 4274 386 4379 pciouis
399 4291 436 4351 et
448 4275 622 4365 oliorum,
642 4304 737 4382 quos
751 4276 831 4381 ipse
851 4274 943 4352 vidit
962 4275 1077 4380 recipi
1094 4276 1133 4350 in
1155 4273 1285 4349 eadem
1305 4273 1421 4350 domo
1442 4273 1560 4350 Mansi
1574 4271 1662 4359 Dei,

242 4403 311 4480 fnit
319 4405 533 4495 observatus
545 4435 614 4511 per
623 4422 836 4512 receptores
844 4433 914 4510 per
922 4405 1080 4482 modum
1095 4403 1159 4510 qui
1170 4403 1350 4509 sequitur.
1368 4402 1552 4481 Videlicet
1560 4401 1663 4506 quod

241 4549 412 4641 tempore
432 4564 509 4641 quo
529 4536 608 4641 ipse
627 4537 692 4643 qui
712 4536 881 4642 loquitur
899 4535 971 4613 fuit
989 4550 1162 4641 receptus
1182 4534 1221 4611 in
1240 4532 1392 4610 fratrem
1413 4531 1501 4608 dicti
1522 4530 1664 4608 ordinis

241 4666 341 4771 apud
361 4665 518 4744 domum
539 4668 657 4745 Mansi
677 4667 767 4756 Dei,
788 4664 902 4743 frater
916 4665 1158 4774 Raymundus
1177 4664 1225 4741 de
1244 4665 1340 4741 Beco
1359 4678 1555 4769 preceptor
1573 4679 1664 4739 tunc

242 4796 340 4874 dicte
355 4797 652 4887 domusintravit
665 4797 856 4875 ecclesium
870 4824 939 4876 seu
950 4796 1129 4902 capeliam
1145 4794 1243 4873 dicte
1264 4795 1417 4882 domus,
1435 4821 1521 4871 cum
1532 4794 1663 4871 ceteris

327 4952 436 5015 rnocts
451 4974 507 5016 nes
521 4974 695 5016 reuertens.
706 4990 748 5002 -
758 4974 790 5015 ιι.
1007 5009 1010 5016 .
1475 4951 1515 5012 55
