4230 5956
614 454 809 551 anocts
841 470 938 546 oss
964 468 1269 546 raurmnas.
1572 479 1647 551 aas

235 616 407 724 capitolia
432 631 605 693 tenentes
627 615 875 721 imponebant
897 610 1110 717 disciplinas
1135 627 1173 688 et
1193 637 1309 716 penas
1331 608 1508 688 fratribus
1527 614 1649 691 (161166

233 744 437 853 quentibus
456 772 617 850 quorum
645 768 815 822 excessus
837 740 1092 848 publicassent
1113 742 1153 817 in
1178 738 1373 846 capituli03
1396 738 1463 816 sed
1491 741 1540 819 (16
1563 769 1650 850 666ὸ

232 876 341 954 (116116
358 874 636 980 precipiebatur
654 875 708 951 616
726 871 831 980 quod
850 869 1122 949 confiterentur
1138 868 1395 949 sacerdotibus
1411 872 1565 950 ordinis.
1585 875 1650 950 16-

231 1005 365 1083 6611661
378 1004 552 1081 ordinem
567 1004 776 1096 66661166,
793 1020 832 1080 61
845 1002 971 1081 statim
989 1030 1061 1107 pro
1078 1000 1255 1108 professis
1271 1000 1519 1078 habebantur.
1536 1003 1650 1082 Glan—
1716 1098 1720 1103 Ι

234 1133 382 1212 destina
400 1135 688 1240 recipiebantur,
705 1133 821 1211 nullis
840 1132 1077 1239 presentibus
1090 1132 1163 1210 nisi
1178 1131 1354 1209 tratribus
1369 1132 1527 1224 ordinis,
1545 1135 1650 1239 quod

233 1266 303 1369 ipsi
323 1265 409 1342 testi
429 1265 638 1369 plurimum
654 1263 895 1370 displicebat,
907 1262 995 1368 quia
1011 1288 1055 1339 ex
1068 1264 1142 1339 hoc
1156 1280 1234 1339 erat
1249 1291 1420 1340 murmur
1435 1280 1473 1339 ct
1486 1264 1648 1368 suspicio

234 1411 361 1471 contra
382 1422 462 1479 eos,
480 1411 518 1470 et
534 1394 649 1500 aliqui
666 1393 853 1471 seculares
869 1391 1044 1468 dicebant
1057 1393 1161 1498 quod
1175 1420 1215 1470 so
1229 1393 1492 1471 osculabantur
1505 1395 1545 1470 in
1563 1420 1646 1470 ano.

234 1523 386 1599 Audiuit
403 1524 477 1600 dici
498 1525 602 1629 qnod
623 1525 698 1600 duo
719 1523 850 1600 fratres
865 1521 1023 1610 ordinis,
1039 1538 1314 1600 commorantes
1332 1524 1371 1601 in
1390 1525 1520 1601 Castro
1540 1526 1651 1601 Pero

191 1638 197 1645 ¹
233 1654 346 1760 grim,
369 1670 475 1730 erant
494 1654 542 1730 (16
561 1653 719 1730 crimine
739 1652 962 1730 sodomitico
983 1652 1181 1742 diffamati3
1208 1670 1349 1730 etcum
1372 1656 1446 1730 hoc
1463 1655 1650 1760 pervenis-

234 1800 289 1859 set
304 1783 352 1858 ad
369 1783 603 1890 Magistrum,
621 1782 809 1860 mandavit
821 1810 886 1860 eos
898 1783 997 1888 capi,
1015 1800 1053 1859 et
1067 1811 1166 1860 unus
1178 1783 1331 1859 illorum
1345 1781 1419 1882 fuit
1429 1782 1649 1859 interfectus

235 1940 320 1989 cum
347 1913 511 2019 sugeret,
543 1930 580 1989 et
607 1913 701 1990 alter
724 1913 798 1990 suit
821 1929 1005 2019 perpetuo
1034 1913 1171 1989 carceri
1200 1913 1440 2017 mancipatus.
1471 1912 1649 1989 Cordulis

235 2040 337 2116 unde
355 2040 530 2117 volebant
553 2040 752 2144 assumptis
777 2039 1020 2147 cingebantur
1043 2041 1083 2114 in
1110 2039 1260 2147 signum
1285 2041 1473 2129 castitatis,
1500 2068 1544 2116 ex
1561 2070 1648 2146 pre*

235 2186 343 2272 cepto
359 2169 460 2245 beati
474 2168 671 2257 Bernardi,
685 2194 797 2272 super
811 2168 979 2246 camisias
995 2196 1081 2245 cnm
1094 2169 1233 2274 quibus
1245 2169 1434 2276 jacebant,
1450 2171 1516 2247 sed
1532 2172 1650 2247 nescit

235 2326 304 2374 nec
325 2299 468 2375 audivit
487 2298 561 2374 dici
586 2299 690 2404 qnod
707 2315 902 2405 tangerent
921 2299 1038 2405 capita
1061 2299 1274 2404 ydolorum.
1297 2301 1411 2385 Item,
1433 2299 1525 2376 dixit
1545 2301 1649 2405 quod

236 2428 358 2503 civitas
371 2427 532 2535 Sydonis
544 2427 665 2504 fuerat
683 2444 806 2532 empta
824 2454 892 2533 per
908 2426 1059 2503 fratrem
1078 2428 1265 2503 Thomam
1284 2427 1445 2504 beraudi
1465 2430 1649 2506 1666116-

234 2556 391 2662 gistrum
418 2557 577 2645 ordinis,
599 2557 764 2635 sednon
792 2556 934 2632 audivit
960 2557 1032 2632 dici
1056 2555 1162 2661 quod
1186 2556 1322 2662 aliquis
1346 2557 1525 2634 dominus
1550 2558 1648 2635 dicte

235 2686 389 2764 civitatis
406 2686 520 2766 luerit
537 2685 650 2764 lrater
668 2685 811 2764 ordinis
830 2712 974 2763 eornm.
993 2687 1158 2763 Narravit
1177 2704 1302 2763 autem
1322 2704 1408 2793 post
1427 2687 1648 2765 destructio·

235 2843 323 2890 nem
340 2814 460 2908 Acon,
475 2845 561 2894 cum
581 2833 677 2893 esset
693 2817 732 2892 in
748 2817 906 2920 Chipro,
921 2843 961 2892 se
978 2815 1162 2892 audivisse
1179 2815 1287 2892 dicia
1309 2813 1465 2891 domino
1477 2815 1647 2892 lohanne

237 2943 285 3020 de
304 2945 418 3021 Tanis
443 2945 562 3022 milite
583 2945 760 3034 seculari,
781 2945 927 3049 baylivo
947 2945 1051 3049 regio
1076 2944 1230 3020 civitatis
1256 2945 1303 3022 (16
1323 2944 1508 3030 11666666,
1543 2947 1647 3050 quod

234 3072 388 3176 quidam
409 3073 546 3151 nobilis
568 3074 802 3151 adamaverat
819 3073 1013 3178 quondam
1033 3072 1271 3150 domicellam
1294 3073 1341 3150 (16
1360 3090 1478 3151 castro
1500 3075 1546 3150 de
1570 3075 1655 3152 Ma-¹

235 3199 354 3279 raclea
374 3202 571 3278 comitatus
582 3201 818 3307 Tripolitani,
838 3218 876 3279 et
893 3230 978 3278 cum
992 3201 1030 3276 in
1045 3201 1117 3277 vita
1132 3229 1197 3277 sua
1217 3227 1293 3278 non
1308 3203 1491 3307 potuisset
1508 3203 1647 3279 babere

237 3357 338 3417 eam,
360 3330 490 3408 audito
516 3331 619 3436 quod
646 3347 726 3408 6661
747 3349 912 3419 mortua,
938 3330 1026 3411 lecit
1044 3358 1126 3406 earn
1147 3324 1359 3418 exhumari,
1388 3349 1425 3407 61
1444 3308 1648 3410 concubuit

236 3488 321 3535 curn
348 3459 498 3548 eadem,
526 3477 564 3537 et
585 3461 828 3565 postmodum
850 3460 1053 3566 amputavit
1076 3458 1147 3535 sibi
1171 3460 1309 3565 capud,
1337 3477 1374 3536 et
1393 3487 1461 3536 vox
1484 3463 1647 3566 quedam

237 3588 402 3665 insonuit
425 3589 530 3694 quod
560 3589 766 3667 custodiret
794 3589 891 3666 bene
919 3589 1062 3666 dictum
1090 3588 1226 3693 capud,
1257 3587 1346 3692 quia
1373 3588 1564 3694 quidquid
1590 3617 1648 3664 ca-

235 3717 315 3821 pud
338 3716 483 3801 rideret
503 3734 628 3795 totum
652 3718 908 3796 destrueretur
932 3733 970 3794 et
993 3716 1246 3822 dissiparetur.
1273 3716 1325 3790 Et
1343 3734 1521 3822 cooperto
1547 3717 1648 3793 dicto

236 3846 353 3950 capite
379 3864 418 3923 et
440 3847 605 3952 reposito
629 3847 670 3924 in
693 3847 860 3953 quodam
887 3847 1043 3935 scrinio,
1072 3874 1158 3923 cum
1184 3846 1306 3923 dictus
1330 3844 1471 3922 nobilis
1493 3844 1648 3922 baberet

235 3975 325 4053 odio
350 3974 539 4064 Grifones‚
566 3977 633 4082 qui
657 3975 902 4054 morabantur
924 3976 964 4051 in
988 3984 1088 4052 terra
1113 3974 1244 4079 Chipri
1265 3990 1303 4050 et
1326 3973 1420 4051 locis
1437 3958 1648 4080 circumpo—

234 4103 326 4190 sitis,
355 4103 632 4209 discooperiens
662 4106 805 4183 dictum
839 4105 976 4212 capud,
1009 4105 1180 4209 exposuit
1209 4104 1332 4207 ipsum
1371 4103 1579 4184 (1611611666
1611 4124 1648 4183 61

235 4232 363 4308 6661616
383 4232 569 4310 dictorum
587 4233 803 4324 Grilonum,
822 4252 861 4312 et
881 4261 1014 4312 omnes
1034 4232 1159 4310 subito
1178 4249 1411 4311 corruerunt.
1433 4236 1518 4329 Quo
1537 4264 1648 4342 repo-
1714 4271 1716 4275 ¹

235 4360 307 4436 sito
326 4360 366 4435 in
387 4361 489 4438 dicto
514 4362 653 4440 scrinio
672 4379 712 4440 ot
729 4363 833 4467 prius
857 4377 1050 4467 cooperto,
1072 4388 1157 4438 cum
1181 4388 1358 4466 processu
1380 4367 1563 4471 temporis
1580 4394 1649 4471 per

234 4517 337 4567 mare
366 4490 666 4598 proficisceretur
693 4518 819 4578 versus
848 4491 1214 4599 Constantinopolim
1241 4509 1286 4570 ut
1313 4493 1524 4572 destrueret
1547 4522 1645 4587 eam,

234 4619 399 4725 quedam
426 4620 551 4699 vetula
578 4621 702 4698 nutrix
729 4621 820 4699 dicti
845 4621 1001 4714 nobilis,
1027 4622 1127 4699 clarc
1153 4622 1243 4701 dicti
1269 4623 1395 4701 scrinii
1421 4625 1551 4703 lurtim
1575 4626 1646 4703 sibi

234 4748 427 4857 subrepta,
451 4769 495 4829 ut
519 4752 614 4830 scire
637 4770 764 4858 posset
783 4751 876 4860 quid
901 4753 942 4829 in
965 4751 1049 4858 ipso
1071 4753 1209 4831 6661616
1231 4753 1337 4860 quod
1358 4754 1485 4832 dictus
1508 4755 1647 4833 nobilis
