4230 5956
438 456 513 531 sis
824 434 1021 527 esoces
1046 452 1142 524 ons
1167 450 1464 526 rnurmnas.

438 599 569 678 modo·
583 596 753 703 predicto
780 596 932 674 fuemnt
956 596 1125 702 recepti,
1145 593 1236 671 dixit
1258 619 1326 700 ρετ
1339 597 1595 702 juramentum
1623 617 1731 667 suum
1755 588 1858 695 quod

440 727 559 806 credit
568 727 672 832 qnod
686 725 738 802 illi
757 745 793 803 et
804 754 937 804 omnes
952 726 1013 803 alii
1027 743 1114 803 sunt
1129 741 1167 802 et
1176 723 1326 802 firemnt
1334 724 1472 828 recepti
1486 750 1554 826 per
1566 722 1678 797 istum
1688 720 1857 795 modum.

439 857 654 965 Reqnisitus
674 856 791 933 eciam
811 856 1009 947 utrumn,
1030 855 1089 933 vel
1112 871 1217 932 metu
1227 870 1507 931 tormentorum
1528 849 1584 926 vel
1605 848 1775 939 carueris,
1797 866 1861 924 aut

441 988 563 1094 aliqua
580 986 650 1063 alia
665 1014 788 1076 causa,
805 988 844 1062 in
861 985 1099 1092 deposicione
1116 1016 1181 1063 sua
1199 984 1335 1061 dixerit
1348 982 1558 1069 salsitatem,
1577 979 1666 1055 dixit
1679 1006 1747 1084 per
1761 978 1863 1083 jura-

440 1134 612 1194 mentum
634 1142 744 1192 suum
760 1114 865 1221 quod
884 1144 977 1206 n0n3
1001 1117 1117 1192 immo
1135 1143 1267 1222 puram
1287 1131 1324 1190 et
1341 1142 1482 1190 meram
1503 1111 1643 1188 dixerat
1661 1109 1862 1185 veritatem.

500 1377 716 1467 ltemanno‚
740 1376 944 1466 indicione,
966 1402 1111 1465 mense,
1137 1374 1370 1483 pontificatu,
1392 1399 1488 1451 anno
1514 1389 1551 1449 et
1568 1371 1652 1448 loco
1671 1367 1864 1473 predictis,

443 1506 618 1583 vicesima
638 1523 736 1582 sexta
759 1506 819 1583 die
840 1506 1020 1594 octobris,
1036 1507 1074 1582 in
1091 1507 1180 1584 dicti
1196 1505 1443 1613 inquisitoris,
1454 1518 1623 1580 nostrum
1635 1498 1865 1576 notariorum

445 1654 484 1713 et
507 1635 823 1740 infrascriptorum
848 1637 998 1713 testium
1018 1638 1206 1743 presencia
1232 1634 1476 1742 personaliter
1502 1630 1723 1709 constitutus
1754 1626 1867 1703 frater

445 1764 634 1842 Johannes
647 1766 681 1842 le
694 1766 820 1842 Moine
841 1767 888 1842 de
902 1768 1093 1859 Queuvres
1115 1764 1390 1845 Suessionensis
1408 1761 1580 1847 diocesis,
1595 1786 1745 1837 morans
1765 1755 1866 1862 apud

446 1896 699 2003 Latigniacum
729 1897 893 1985 Siccum,
916 1897 1023 1974 etatis
1046 1896 1286 2002 quadraginta
1305 1921 1506 1983 annorum,
1536 1908 1579 1967 ut
1598 1890 1703 1976 dicit,
1734 1887 1866 1963 eodem

447 2026 563 2103 modo
574 2027 719 2133 juratus
730 2027 778 2104 de
789 2056 828 2104 se
842 2044 879 2104 et
892 2026 974 2103 aliis
986 2028 1024 2102 in
1037 2054 1143 2103 causa
1158 2024 1247 2102 fidei
1262 2025 1386 2100 dicere
1395 2021 1604 2109 veritatem,
1619 2035 1658 2094 et
1668 2016 1871 2122 interroga-

448 2155 567 2232 tusde
582 2174 806 2260 temporeet
816 2156 933 2235 modo
947 2155 1177 2262 recepcionis
1191 2182 1274 2244 sue,
1296 2153 1388 2229 dixit
1404 2178 1473 2256 per
1485 2150 1742 2257 juramentum
1760 2174 1867 2223 suum

449 2282 553 2389 quod
567 2282 664 2358 bene
685 2302 938 2389 suntquatuor
947 2287 1077 2362 decem
1089 2285 1174 2359 anni
1195 2284 1253 2360 vel
1273 2284 1367 2359 circa
1387 2281 1492 2387 quod
1505 2279 1574 2357 suit
1587 2296 1757 2384 receptus
1771 2277 1868 2382 apud

450 2410 678 2487 Chevrutum
700 2411 739 2485 in
760 2413 843 2488 Bria
863 2411 1252 2515 juxtaCoulommiers
1276 2411 1503 2489 Senonensis
1525 2408 1696 2495 diocesis,
1714 2434 1781 2513 per
1798 2405 1870 2481 sra-

450 2555 546 2613 trem
564 2538 766 2643 Hugonem-
780 2538 827 2615 de
846 2539 1005 2617 Pruvino
1026 2557 1281 2645 preceptorem
1297 2538 1344 2614 de
1363 2539 1465 2627 Bria,
1491 2538 1539 2614 de
1558 2536 1733 2614 mandato
1754 2535 1870 2610 fratris

453 2669 621 2774 Hugonis
653 2669 701 2746 de
732 2669 900 2747 Paraudo
939 2688 1197 2777 preceptorem
1234 2687 1328 2747 tuuc·
1349 2669 1524 2756 Francis,
1554 2684 1726 2774 presente
1764 2665 1871 2742 fratre

452 2796 625 2907 Phiiippo
645 2799 693 2875 de
712 2801 811 2907 Haya
837 2818 874 2876 et
900 2800 1064 2907 quodam
1092 2800 1165 2877 alio
1191 2800 1301 2877 fratre
1326 2815 1452 2877 vocato
1475 2798 1662 2905 Remigio,
1684 2799 1750 2903 qui
1774 2824 1873 2872 nuuc

454 2945 631 3015 moratur,
651 2946 694 3003 ut
717 2929 850 3018 credit,
877 2930 917 3004 in
942 2928 1056 3006 domo
1080 2930 1217 3007 Montis
1238 2929 1528 3007 suessionensis.
1549 2927 1649 3005 Dixit
1673 2927 1790 3003 eciam
1807 2954 1874 3030 per

449 3060 703 3163 juramentum
724 3086 833 3135 suum
853 3058 973 3164 quod,
993 3076 1080 3166 post
1092 3058 1227 3136 multas
1245 3059 1509 3166 promissiones
1523 3059 1569 3134 de
1585 3058 1727 3134 statutis
1748 3074 1786 3133 et
1805 3056 1873 3131 ob-

455 3186 651 3261 servanciis
667 3187 754 3262 dicti
767 3187 908 3263 ordinis
924 3186 1178 3276 observandis,
1200 3188 1300 3265 idem
1316 3190 1498 3294 recipiens
1511 3188 1677 3295 precepit
1687 3187 1757 3266 sibi
1771 3187 1874 3294 quod

457 3316 487 3391 si
507 3313 606 3389 cador
626 3314 800 3391 naturalis
817 3333 982 3393 moveret
998 3345 1100 3408 eum,
1116 3319 1218 3424 quod
1240 3345 1316 3394 non
1329 3319 1585 3396 commisceret
1599 3347 1639 3396 se
1653 3347 1738 3396 cum
1750 3316 1877 3393 mulie·

458 3444 584 3532 ribus,
605 3445 672 3520 sed
691 3445 795 3550 quod
815 3447 1070 3525 commisceret
1088 3477 1127 3524 se
1143 3477 1229 3525 cum
1248 3449 1421 3525 fratribus
1437 3451 1531 3539 suis,
1551 3469 1587 3525 et
1604 3449 1677 3526 hoc
1691 3435 1878 3556 pateretur

460 3576 511 3651 de
524 3573 606 3651 aliis
625 3574 809 3653 fratribus.
831 3577 930 3654 Dixit
946 3579 1061 3670 eciam
1076 3608 1144 3685 per
1153 3580 1405 3685 juramentum
1426 3608 1535 3657 suum
1555 3580 1659 3685 quod
1677 3580 1875 3684 recipiens,

460 3708 542 3811 ipso
562 3707 673 3782 ducto
698 3706 746 3783 ad
768 3724 928 3812 partem,
958 3708 1044 3784 iecit
1066 3727 1232 3814 aportare
1258 3710 1442 3816 quendam
1469 3738 1617 3787 crucem
1643 3711 1680 3785 iu
1704 3736 1777 3814 qua
1803 3726 1879 3783 erat

461 3864 592 3943 ymago
611 3837 726 3914 Jhesu
746 3839 901 3926 Christi,
924 3856 961 3916 et
977 3841 1090 3946 peciit
1110 3840 1155 3916 ab
1176 3869 1222 3918 eo
1240 3858 1367 3919 utinm
1386 3842 1553 3918 crederet
1569 3841 1671 3948 quod
1691 3838 1753 3915 ille
1774 3837 1880 3944 cujus

462 3995 595 4072 ymago
617 3986 694 4044 erat
712 3968 763 4045 ibi
784 3970 1008 4058 essetDeus;
1027 3972 1091 4076 qui
1112 3970 1204 4048 dixit
1222 3999 1293 4077 ρετ
1308 3971 1564 4079 juramentum
1578 3999 1686 4047 suum
1709 3968 1813 4076 qnod
1829 3996 1882 4042 re-

464 4096 614 4201 spondit
623 4099 727 4203 quod
741 4101 811 4187 sic,
825 4117 863 4176 et
877 4117 966 4177 tum
981 4101 1101 4179 dietus
1112 4103 1294 4210 recipiens
1306 4102 1392 4180 fecit
1405 4132 1491 4179 eum
1503 4101 1658 4179 Jhesum
1672 4099 1881 4181 Christum,

463 4226 571 4333 cnjus
584 4256 717 4335 ymago
732 4248 809 4307 erat
825 4230 893 4319 ibi,
909 4232 1091 4339 abnegare
1104 4251 1173 4322 ter,
1190 4250 1227 4310 et
1239 4232 1406 4340 qnalibet
1417 4235 1494 4311 vice
1510 4261 1655 4340 spuere.
1673 4231 1886 4337 Requisitus

464 4355 512 4433 de
529 4358 673 4447 osculo,
697 4360 790 4437 dixit
808 4390 875 4467 per
889 4364 1144 4468 juramentum
1164 4394 1274 4442 suum
1298 4366 1403 4471 quod
1423 4364 1608 4442 osculatus
1628 4362 1697 4440 fuit
1717 4388 1805 4439 eum
1829 4359 1887 4434 bis

466 4487 725 4578 solummodo,
739 4490 912 4569 videlieet
921 4496 1037 4571 semel
1045 4496 1082 4570 in
1090 4495 1286 4585 umbilico,
1305 4513 1342 4574 et
1351 4495 1468 4573 semel
1481 4495 1519 4570 in
1530 4523 1606 4572 ore.
1619 4492 1833 4598 Requisitus
1842 4490 1887 4562 dc

467 4619 584 4722 capite
593 4619 642 4696 de
653 4648 729 4723 quo
739 4619 782 4697 iit
790 4649 899 4726 supra
912 4624 1070 4713 mencio,
1087 4625 1178 4702 dixit
1187 4627 1291 4731 quod
1301 4625 1416 4703 nichil
1427 4627 1512 4714 scit,
1530 4642 1567 4701 et
1579 4623 1683 4729 qnod
1699 4647 1888 4725 nunquam

467 4743 538 4821 init
557 4748 594 4821 in
610 4750 791 4853 capitulis.
809 4752 856 4827 Et
868 4749 958 4828 dixit
977 4780 1045 4859 per
1058 4755 1311 4859 juramentum
1333 4784 1441 4833 suum
1462 4754 1565 4863 quod
1585 4757 1663 4860 ipse
1681 4770 1717 4830 et
1737 4749 1887 4856 <puidam
