4230 5956
432 467 507 543 roa
811 451 1006 544 rnoons
1038 470 1134 541 ors
1165 469 1474 543 renarrans,

433 636 643 716 cognomen
665 607 826 717 ignorat,
856 628 935 687 erat
958 628 1085 687 tamen
1117 609 1164 686 de
1193 608 1462 718 Burdegalensi
1489 610 1628 687 diocesi
1654 610 1852 690 oriundus.

433 742 559 834 Quem
574 738 676 815 idem
704 755 875 842 receptor
895 739 1036 844 recepit
1055 739 1094 815 in
1120 738 1251 815 eadem
1275 739 1439 845 capella,
1470 739 1708 846 presentibus
1734 759 1855 819 astan-

433 867 536 947 tibus
564 867 918 972 supranominatis,
947 867 1043 945 infra
1067 867 1269 944 dimidium
1296 897 1438 945 annum
1460 898 1481 946 a
1500 869 1717 975 receptione
1738 872 1856 977 ipsius

432 998 553 1090 testis3
573 1013 659 1074 voto
678 1013 804 1074 tamen
835 999 972 1075 emisso
998 1026 1066 1105 per
1085 997 1229 1074 dictum
1258 996 1494 1076 Galbardum
1523 1015 1561 1076 et
1580 1000 1760 1078 mantello
1784 1002 1855 1079 sibi

432 1128 589 1217 tradito,
619 1128 741 1204 dictus
765 1128 884 1219 testis,
912 1128 960 1204 de
982 1128 1159 1205 mandato
1181 1129 1270 1205 dicti
1290 1130 1511 1235 receptoria,
1530 1129 1704 1220 recessit,
1724 1148 1767 1208 ut
1780 1160 1858 1238 pre-

433 1274 581 1365 pararet
607 1285 792 1350 mensam,
820 1275 858 1334 et
884 1258 1003 1334 nescit
1038 1258 1144 1364 quod
1170 1285 1214 1333 ex
1243 1275 1334 1335 tunc
1367 1273 1540 1366 egerunt.
1572 1257 1704 1336 Credit
1730 1275 1856 1337 tamen

436 1390 540 1496 quod
556 1388 728 1466 lecerunt
742 1416 830 1464 eum
849 1388 1050 1498 abnegare,
1072 1388 1169 1465 sicut
1186 1386 1354 1465 fecerant
1372 1388 1498 1495 ipsum
1520 1405 1673 1481 testem,
1696 1407 1734 1466 et
1753 1419 1858 1468 man-

436 1509 617 1598 daverunt
636 1519 740 1624 quod
761 1536 914 1626 spueret
939 1527 1054 1625 super
1080 1547 1229 1595 crucem
1255 1519 1351 1595 sicut
1377 1519 1643 1597 mandaverant
1661 1519 1731 1625 ipsi
1751 1522 1854 1607 testi,

437 1668 474 1729 et
492 1651 598 1757 quod
627 1650 879 1728 communiter
906 1665 944 1724 et
970 1648 1113 1754 ubique
1142 1648 1246 1739 idem
1271 1664 1481 1726 servaretur
1499 1649 1540 1725 in
1574 1650 1857 1755 recepcionibus

436 1781 610 1859 aliorum.
637 1781 749 1873 Item,
781 1780 874 1856 dixit
898 1779 1002 1884 quod
1030 1779 1108 1884 ipse
1136 1777 1234 1855 bene
1264 1778 1441 1856 credebat
1465 1779 1719 1879 ecclesiasticis
1746 1809 1857 1858 sacra·

422 1912 591 2002 mentis,
613 1911 770 1987 credens
795 1909 900 2014 quod
920 1908 982 1984 alii
1001 1907 1131 1983 iratres
1156 1906 1301 1985 ordinis
1326 1909 1465 1986 eodem
1492 1908 1607 1986 modo
1637 1908 1853 1998 crederent,

437 2059 474 2118 et
497 2041 602 2147 quod
633 2069 765 2117 eorum
793 2038 1004 2115 sacerdotes
1032 2035 1159 2113 debite
1192 2036 1445 2128 celebrarent;
1478 2066 1555 2116 non
1583 2055 1710 2115 tamen
1738 2041 1858 2119 credit

437 2172 541 2277 quod
561 2170 684 2247 dictus
711 2186 882 2275 receptor
903 2169 967 2274 qui
995 2166 1084 2244 lecit
1116 2166 1284 2272 predicta
1310 2166 1394 2245 lieri
1422 2186 1520 2247 esset
1540 2168 1666 2247 bonus
1688 2171 1857 2247 christia-

437 2329 526 2391 nus,
554 2329 624 2378 nec
654 2302 757 2406 quod
783 2298 920 2374 laceret
940 2296 1041 2374 bona
1060 2298 1277 2375 intencione
1305 2299 1486 2405 predicta.
1516 2299 1658 2376 Juravit
1683 2300 1856 2377 ordinem

437 2458 514 2507 non
532 2430 648 2520 exire,
681 2428 838 2507 credens
855 2428 960 2532 quod
991 2425 1053 2502 alii
1086 2427 1189 2504 idem
1216 2428 1399 2535 jurarent.
1430 2429 1674 2507 Clandestine
1699 2429 1856 2535 recipie-

437 2561 586 2653 bantur,
600 2559 716 2638 nullis
730 2558 968 2665 presentibus
988 2558 1060 2635 nisi
1080 2556 1258 2636 fratribus
1272 2559 1435 2649 ordinis,
1458 2587 1501 2637 ex
1514 2588 1592 2665 quo
1612 2559 1731 2637 credit
1751 2561 1857 2666 quod

438 2707 534 2770 esset
559 2691 722 2797 suspicio
751 2705 879 2767 contra
910 2716 985 2766 eos.
1014 2687 1145 2766 Credit
1170 2688 1275 2793 quod
1307 2688 1515 2767 'revelantes
1546 2706 1688 2767 secreta
1716 2690 1857 2797 capitu-

438 2821 577 2900 liorum
595 2821 720 2927 puniti
752 2818 922 2897 luissent.
952 2803 1099 2896 Fratres
1127 2847 1224 2923 quos
1250 2818 1371 2896 credit
1394 2819 1541 2896 scivisse
1566 2845 1712 2897 errores
1729 2821 1858 2925 predi-

437 2968 517 3029 ctos
535 2949 688 3028 luerunt
710 2950 958 3059 negligentes,
985 2950 1074 3056 quia
1091 2977 1169 3027 non
1186 2954 1427 3027 correxerunt
1442 2962 1589 3026 cosnec
1607 2947 1857 3028 denunciave-

436 3097 526 3157 runt
540 3082 717 3158 Ecclesie.
746 3081 978 3158 Elemosinas
998 3095 1036 3159 et
1060 3078 1351 3187 hospitalitatem
1379 3079 1473 3157 vidit
1496 3080 1537 3156 in
1560 3078 1659 3156 dicta
1678 3080 1795 3159 domo
1816 3085 1854 3158 in

437 3237 512 3315 qua
538 3227 710 3316 receptus
728 3209 800 3287 fuit
826 3227 863 3286 et
882 3228 1049 3288 moratus
1081 3209 1348 3288 convenienter
1375 3208 1458 3287 lieri
1488 3227 1526 3288 et
1552 3210 1704 3300 servari,
1726 3228 1764 3288 et
1786 3211 1858 3289 fuit

437 3339 471 3414 ei
491 3339 635 3453 dictum
655 3340 759 3446 quod
780 3339 990 3446 acquireret
1005 3339 1147 3430 ordini,
1168 3367 1247 3417 non
1262 3338 1487 3418 declarando
1505 3366 1574 3446 per
1592 3340 1645 3418 las
1664 3340 1722 3418 vel
1740 3341 1855 3419 nefas.

437 3470 568 3549 Credit
594 3470 699 3576 quod
730 3471 899 3549 ordinata
929 3498 997 3576 per
1029 3471 1249 3578 Magistrum
1280 3500 1366 3547 cum
1403 3489 1606 3565 conventu,
1639 3472 1669 3549 si
1700 3470 1857 3552 luissent

435 3599 556 3690 bona,
587 3618 765 3680 servasset
794 3617 897 3679 totus
926 3602 1037 3691 ordo,
1076 3618 1205 3679 contra
1234 3630 1347 3707 quem
1378 3618 1532 3708 propter
1557 3602 1725 3708 predicta
1757 3631 1857 3680 nunc

435 3731 590 3837 grandia
609 3731 796 3823 scandala,
823 3732 983 3838 suspicio
1007 3746 1044 3809 et
1071 3731 1223 3809 infamia
1250 3748 1339 3809 sunt
1364 3749 1506 3824 exorta,
1529 3748 1568 3810 et
1590 3748 1718 3810 contra
1740 3761 1856 3837 quem

437 3889 594 3970 magnus
621 3862 798 3969 Magister
826 3878 864 3939 et
892 3863 954 3938 alii
983 3862 1160 3939 dicuntur
1190 3860 1316 3967 aliqua
1344 3860 1459 3940 fuisse
1484 3860 1660 3951 confessi3
1681 3861 1729 3938 ad
1749 3863 1855 3968 cujus

436 3988 707 4069 deffensionem
726 3990 869 4069 ordinis
888 4019 927 4067 se
954 4018 1031 4068 non
1056 3990 1262 4082 obtulerat,
1280 4016 1350 4067 nec
1372 3989 1494 4067 luerat
1512 3989 1612 4068 ultra
1625 4016 1742 4066 mare.
1774 4090 1777 4095 Α

473 4119 704 4224 l'tequisitus
739 4122 768 4198 si
804 4123 856 4197 sic
881 4121 1106 4226 deposuerat
1132 4150 1263 4227 prece,
1297 4137 1492 4228 precepto,
1525 4120 1679 4208 timore,
1709 4147 1854 4213 amore,

437 4244 543 4334 odio,
571 4249 629 4326 vel
656 4251 854 4357 temporali
890 4251 1053 4331 comodo
1077 4252 1207 4330 habito
1232 4249 1291 4327 vel
1316 4250 1512 4341 habendo,
1539 4249 1735 4357 respondit
1753 4250 1858 4358 quod

437 4403 531 4463 non,
551 4377 618 4455 sed
644 4407 713 4485 pro
733 4382 887 4457 veritate
913 4381 1090 4471 dicenda3
1110 4382 1170 4460 cui
1187 4380 1260 4459 fuit
1275 4381 1498 4490 injunctum·
1516 4379 1622 4486 quod
1653 4408 1729 4458 non
1761 4408 1859 4457 reve

436 4506 530 4586 leret
557 4509 654 4589 hanc
672 4539 779 4589 suam
800 4511 1101 4616 deposicioncm,
1124 4540 1324 4620 quousque
1344 4512 1604 4592 attestaciones
1620 4511 1761 4590 fuerint
1789 4539 1858 4616 pu·

434 4633 590 4728 blicate;
611 4657 650 4718 et
669 4639 903 4747 intelligebat
922 4639 1093 4719 latinum.
