4230 5956
390 489 436 558 72
774 468 971 557 PROCES
996 481 1089 554 DES
1115 473 1417 558 TEMPLIERS.

388 618 550 702 servaret
563 623 686 701 bonos
700 647 790 698 usus
803 637 841 696 et
857 622 976 698 bonas
993 621 1286 700 consuetudines
1300 624 1463 712 ordinis3
1485 638 1523 698 et
1537 622 1715 729 imposito
1733 625 1803 704 sibi

383 752 586 840 mantello,
616 751 736 828 dictus
760 766 932 856 receptor
955 767 994 827 et
1023 749 1085 829 alii
1110 766 1271 829 astantes
1294 750 1452 830 osculati
1475 749 1630 829 filerunt
1655 755 1804 832 eumssin

388 912 465 963 ore.
480 886 568 961 Post
582 909 656 990 que
669 879 758 959 dicti
775 878 965 958 dabertus
979 897 1017 958 et
1036 879 1129 959 Milo
1150 880 1344 959 duxerunt·
1355 883 1480 988 ipsum
1497 898 1634 959 testem
1647 883 1704 961 ad
1718 886 1804 963 dor·

386 1015 638 1100 meritorium,
651 1028 691 1090 et
709 1012 833 1089 clauso
854 1011 966 1102 ostio,
988 1011 1112 1088 dictus
1132 1010 1232 1090 Milo·
1244 1013 1412 1119 precepit
1427 1013 1583 1120 eiquod
1602 1011 1803 1125 abnegaret

386 1145 540 1222 Jbesum
555 1142 764 1232 Christum3
782 1157 918 1218 etcum
934 1141 1012 1246 ipse
1021 1141 1126 1219 testis
1141 1139 1286 1219 diceret
1297 1169 1339 1219 se
1350 1141 1457 1220 nullo
1471 1142 1587 1219 modo
1598 1141 1800 1231 lactmum,

387 1274 480 1350 dixit
511 1273 545 1350 ei
572 1272 677 1380 quod
702 1274 775 1349 hoc
794 1271 992 1379 oportebat
1021 1299 1109 1348 eum
1130 1270 1268 1362 lacere,
1292 1272 1379 1378 quia
1399 1290 1482 1349 erat·
1496 1272 1546 1348 de
1571 1275 1721 1379 punctis
1740 1300 1803 1353 or·

388 1404 506 1517 diuis,
526 1421 564 1481 et
579 1420 671 1480 tunc
686 1404 763 1509 ipse
777 1403 884 1480 testis
899 1400 1094 1509 abnegavit
1111 1402 1269 1479 Jbesum
1282 1401 1477 1480 Christum
1488 1430 1556 1480 ore
1571 1430 1648 1481 non
1663 1403 1800 1494 corde,

387 1542 433 1609 ut
450 1534 554 1610 dixit.
575 1533 724 1611 Deinde
739 1533 862 1610 dictus
883 1530 976 1609 Milo
995 1531 1148 1610 extraxit
1158 1531 1343 1611 desubtus
1360 1549 1481 1610 vestes
1498 1559 1584 1611 suas
1597 1532 1800 1639 quamdam

387 1656 534 1739 crucem
566 1664 745 1770 ligneam,
779 1663 931 1770 pictam,
960 1679 1142 1751 veterem,
1170 1661 1210 1738 in
1240 1690 1313 1767 qua
1340 1690 1418 1746 non
1438 1663 1565 1768 potuit
1588 1662 1802 1740 discernere

386 1792 589 1902 imaginem
608 1792 801 1882 Crucifixi‚
825 1809 862 1870 et
880 1793 1048 1899 precepit
1067 1791 1103 1869 ei
1116 1790 1221 1899 quod
1239 1809 1391 1898 spueret
1411 1821 1524 1899 super
1544 1821 1645 1887 eam,
1663 1810 1702 1870 et
1720 1792 1800 1900 ipse

383 1922 489 2000 testis
507 1950 583 1999 non
604 1925 725 2028 spuit,
746 1923 812 1999 sed
824 1920 933 1998 linxit
946 1950 986 2029 se
998 1920 1260 2027 spuere'juxta.
1278 1923 1458 2030 Postque
1477 1922 1571 1999 dixit
1580 1922 1614 1999 ei
1629 1922 1733 2028 quod
1747 1947 1800 1999 se·

385 2052 553 2131 cundum
571 2052 669 2129 dicta
690 2068 829 2159 puncta
846 2050 1009 2129 debebat
1025 2050 1184 2128 osculari
1204 2070 1438 2158 receptorem
1461 2080 1572 2131 suum
1593 2053 1636 2128 in
1652 2078 1736 2140 ano,
1762 2069 1800 2128 et

385 2199 530 2286 poterat
548 2182 780 2259 commisceri
801 2180 996 2258 carnaliter
1014 2179 1195 2258 fratribus
1206 2181 1353 2259 ordinis
1372 2200 1411 2261 et
1426 2182 1599 2288 ipsicum
1615 2208 1678 2271 θος
1694 2181 1800 2288 quod

385 2330 599 2388 tamennon
611 2311 714 2402 lecit,
727 2339 797 2387 nec
809 2311 928 2387 credit
943 2309 1048 2416 quod
1062 2311 1204 2386 crimen
1219 2310 1482 2389 sodomiticum
1501 2312 1800 2388 committeretur

385 2441 424 2516 in
445 2440 590 2519 ordine.
606 2438 687 2517 Alia
702 2439 831 2517 illicita
844 2468 921 2516 non
938 2441 1219 2519 intervenerunt
1233 2442 1273 2518 in
1290 2442 1388 2519 dicta
1399 2470 1473 2526 sua
1494 2436 1712 2547 recepcione
1728 2469 1799 2517 nec

385 2588 489 2676 post,
507 2586 582 2648 ‘neo
600 2569 669 2648 scit
683 2571 714 2647 si
731 2598 774 2647 ea
794 2562 1062 2648 intervenirent
1074 2572 1113 2647 in
1130 2571 1414 2678 recepcionibus
1432 2572 1593 2650 aliorum
1611 2569 1670 2649 vel
1689 2588 1796 2677 post;

384 2702 503 2778 credit
524 2719 650 2777 tamen
674 2699 780 2806 quod
798 2701 861 2790 sic,
887 2716 925 2777 et
944 2700 1050 2807 quod
1074 2702 1153 2806 ipse
1173 2728 1251 2779 non
1270 2701 1344 2779 fuit
1364 2701 1559 2780 infelicior·
1568 2700 1650 2804 aliis
1673 2702 1798 2808 quoad

383 2832 462 2909 ista.
481 2830 694 2937 Requisitus
713 2831 744 2907 si
763 2829 908 2907 viderat
924 2828 1017 2906 alios
1035 2830 1074 2905 in
1093 2829 1227 2907 ordine
1241 2831 1376 2937 recipi,
1393 2829 1589 2936 respondit
1599 2819 1704 2937 quod
1722 2830 1796 2908 sic:

384 2962 534 3037 fratrem
551 2960 755 3036 Martinam
771 2959 819 3036 de
835 2958 1052 3049 Marselbes,
1071 2976 1206 3037 testem
1220 2987 1333 3067 supra
1346 2962 1518 3068 proximo
1533 2961 1793 3050 examinatum,

383 3117 451 3193 per
469 3087 620 3165 fratrem
638 3088 847 3167 Robertum
867 3088 915 3165 de
931 3090 1067 3166 Sancto
1086 3091 1192 3168 lusto
1205 3089 1455 3195 presbiterum
1469 3088 1678 3198 quondam,
1691 3090 1731 3165 in
1744 3116 1799 3166 ca-

382 3218 482 3324 pella
502 3218 639 3294 domus
655 3217 804 3322 Templi
829 3216 876 3294 de
896 3217 1100 3295 Somorens
1118 3217 1380 3295 Ambianensis
1405 3219 1582 3308 diocesis,
1605 3234 1693 3296 sunt
1712 3235 1796 3295 octo

383 3349 469 3423 anni
496 3346 553 3423 vel
573 3347 682 3437 circa,
707 3347 943 3453 presentibus
964 3347 1141 3425 fratribus
1166 3347 1321 3426 Alberto
1342 3348 1532 3456 predicto,
1557 3349 1738 3426 lobanne
1748 3347 1796 3425 da

384 3478 492 3566 Tora,
506 3492 600 3553 teste
611 3505 722 3583 supra
734 3478 953 3563 examinato,
969 3495 1007 3553 et
1016 3477 1244 3583 quibusdam
1254 3479 1393 3556 aliisde
1402 3506 1568 3585 quorum
1579 3476 1798 3556 nominibus

385 3634 460 3683 non
482 3606 711 3684 recordatur.
733 3607 837 3686 Vidit
859 3607 975 3683 eciam
995 3606 1111 3713 recipi
1132 3607 1285 3685 fratrem
1309 3607 1545 3687 Clementem
1574 3610 1622 3686 de
1643 3608 1796 3717 Hoden·

382 3736 470 3814 villa
489 3737 938 3844 servientem'quondam,
960 3755 1090 3816 natum
1112 3739 1296 3847 depmpe
1310 3737 1797 3818 Claromontelielvacensis

381 3856 558 3954 diocesis,
583 3868 649 3973 qui
679 3865 752 3944 fuit
777 3884 950 3974 receptus
975 3868 1014 3944 in
1044 3867 1184 3976 capella
1206 3868 1342 3946 domus
1369 3868 1519 3976 Templi
1540 3869 1588 3946 de
1617 3865 1796 3945 Marlenis

384 3998 481 4075 dicte
499 3996 731 4076 Belvacensis
745 3998 926 4088 diocesis,
948 4026 1014 4103 per
1032 3999 1174 4076 dictum
1196 3997 1348 4077 fratrem
1367 3998 1574 4076 Robertum
1590 3996 1795 4073 deSancto

330 4173 331 4176 =
383 4128 505 4214 lusto,
533 4145 621 4203 sunt
638 4154 674 4204 ur
701 4127 758 4205 vel
785 4128 917 4205 decem
938 4128 1044 4217 anni,
1064 4145 1238 4235 presente
1266 4127 1377 4206 fratre
1406 4129 1579 4206 lobanne
1594 4123 1796 4203 leCamus

382 4254 588 4369 uisendam,
612 4275 828 4364 preceptore
851 4274 943 4336 tunc
962 4257 1061 4336 dicte
1082 4260 1233 4350 domus,
1256 4258 1295 4334 iu
1318 4285 1483 4366 quorum
1508 4254 1796 4363 recepcionibus

382 4385 498 4462 nichil
518 4384 612 4463 vidit
632 4385 804 4464 illicitum
824 4387 927 4477 lieri,
946 4388 1034 4495 quia
1060 4389 1174 4467 exivit
1191 4387 1331 4466 tradito
1356 4385 1537 4465 mantello
1565 4386 1667 4464 dicto
1691 4381 1793 4472 butri

382 4516 543 4604 Martino
556 4532 656 4622 ,pro
676 4543 730 4593 eo·
742 4515 847 4623 quod
865 4518 1015 4622 sanguis
1032 4516 1156 4594 exibat
1171 4517 1219 4596 de
1236 4517 1391 4595 naribus
1411 4517 1529 4623 ipsius
1539 4515 1663 4606 testis,
1677 4531 1794 4606 atne-

336 4671 337 4675 *
383 4644 615 4752 sciris-quod
629 4643 1005 4752 egerunt;·mantello
1024 4663 1149 4724 autem
1168 4646 1309 4725 tradito
1323 4645 1424 4725 dicto
1444 4641 1794 4730 clemanusdicrm

362 4770 495 4849 'irater
518 4773 706 4853 liebertus
727 4774 877 4852 intravit
898 4801 1085 4892 cameram
1103 4804 1226 4865 suam,
1255 4790 1293 4855 et
1315 4773 1704 4882 predictusClemens
1722 4771 1794 4850 init
