4268 5946
454 434 528 507 aaa
828 417 1026 511 esoces
1058 435 1155 508 ers
1185 436 1494 512 reserares-s

451 575 490 650 in
512 573 694 652 umbilico
718 603 829 680 supra
852 595 982 654 vestes.
1005 577 1168 682 Postque
1195 576 1316 655 dictus
1338 595 1520 684 receptor,
1540 576 1649 655 allata
1668 581 1788 658 nescit
1806 611 1873 687 per

450 733 565 812 quem
584 707 746 812 quadam
767 735 876 784 cruce
899 705 1092 785 metallina
1111 708 1150 784 in
1170 735 1245 813 qua
1270 724 1350 784 erat
1370 736 1504 815 ymago
1528 707 1721 802 Crucifixi,
1742 739 1870 816 prece·

449 836 505 941 pit
524 837 556 912 ei
579 837 684 943 quod
704 835 904 944 abnegaret
921 838 1046 915 Deum
1065 853 1104 913 et
1123 836 1260 914 dictam
1276 855 1442 927 crucemss
1464 855 1603 916 etcum
1624 838 1745 916 dionis
1766 843 1872 919 testis

449 968 694 1073 responderet
717 968 821 1073 quod
848 968 921 1044 hoc
947 968 1053 1044 nullo
1079 966 1195 1044 modo
1221 967 1370 1056 faceret,
1388 968 1481 1045 dixit
1501 969 1536 1045 ei
1558 969 1681 1046 dictus
1700 990 1871 1079 receptor

450 1096 568 1201 quod,
586 1126 629 1172 ex
649 1124 725 1202 quo
745 1095 914 1203 alligatus
934 1114 1013 1172 erat
1031 1097 1100 1186 eis,
1122 1097 1319 1202 oportebat
1334 1126 1420 1174 eum
1437 1097 1557 1175 facere
1572 1127 1684 1204 supra
1704 1099 1817 1192 dicta,
1835 1121 1872 1179 et

449 1227 477 1300 si
500 1254 576 1301 non
591 1224 743 1314 faceret,
767 1244 972 1330 poneretur
990 1226 1029 1302 in
1049 1224 1112 1303 tali
1132 1225 1216 1303 loeo
1231 1226 1270 1303 in
1289 1254 1366 1332 quo
1386 1254 1582 1333 nunquam
1598 1227 1754 1305 forsitan
1773 1230 1870 1308 vide·

449 1370 507 1429 ret
523 1355 637 1458 pedes
652 1381 759 1445 suos,
776 1355 863 1459 quia
879 1357 1043 1456 hocerat
1058 1355 1105 1431 dc
1120 1357 1270 1461 punctis
1284 1354 1497 1464 religionis3
1516 1373 1556 1433 et
1568 1372 1659 1433 tunc
1672 1357 1753 1463 ipse
1767 1362 1871 1437 testis

451 1483 645 1589 abnegavit
663 1485 786 1561 Deum
809 1501 847 1560 et
868 1485 1006 1561 dictam
1022 1513 1170 1561 crucem
1192 1513 1274 1574 ore,
1298 1512 1375 1562 nou
1396 1485 1527 1576 corde,
1549 1503 1595 1562 ut·
1616 1485 1720 1563 dixit.
1740 1489 1869 1566 Postea

451 1613 542 1689 dixit
561 1614 594 1689 ei
617 1614 738 1689 dictus
756 1631 927 1718 receptor
947 1614 985 1689 in
1006 1613 1197 1719 presencia
1220 1614 1381 1691 aliorum
1400 1614 1504 1720 quod
1526 1642 1603 1693 non
1626 1616 1797 1694 crederet
1814 1648 1868 1695 sa·

450 1892 487 1950 et
509 1874 614 1978 quod
638 1876 795 1950 domum
817 1875 855 1949 in
875 1903 947 1980 qua
969 1873 1106 1951 mulier
1120 1875 1263 1981 jaceret
1278 1873 1318 1950 in
1332 1876 1533 1980 puerperio
1551 1902 1628 1952 non
1643 1875 1814 1968 intraret,
1830 1896 1867 1955 et

449 2004 552 2108 quod
573 2032 649 2080 non
665 2003 817 2081 offerret
835 2003 884 2080 ad
904 2006 1065 2083 missam.
1078 1990 1158 2081 Alia
1186 2003 1317 2081 illicita
1337 2004 1441 2110 quod
1456 2004 1597 2082 recolat
1615 2033 1692 2084 non
1712 2006 1868 2084 interve-

450 2148 588 2211 nerunt
608 2134 646 2208 in
667 2133 764 2210 dicta
782 2163 848 2210 sua
868 2135 1086 2241 recepcione
1106 2162 1176 2211 nec
1194 2152 1295 2240 post,
1317 2134 1474 2211 credens
1493 2134 1599 2240 quod
1619 2135 1869 2212 communiter

449 2281 487 2341 et
501 2264 643 2367 ubique
664 2263 919 2369 reciperentur
934 2263 996 2340 alii
1017 2263 1147 2341 fratres
1165 2264 1205 2339 in
1226 2262 1359 2343 ordine
1373 2263 1584 2341 secundum
1605 2266 1763 2342 modum
1780 2293 1865 2341 con-

448 2394 627 2473 fessatum
655 2420 721 2498 per
748 2420 853 2483 eum,
889 2393 976 2499 quia
1005 2393 1097 2470 vidit
1122 2421 1191 2500 per
1218 2394 1361 2470 dictum
1390 2394 1547 2471 modum
1575 2394 1689 2500 recipi
1715 2393 1865 2471 fratrem

447 2525 657 2602 iohannem
681 2522 988 2632 cognominatum
1011 2522 1058 2599 de
1078 2523 1208 2599 Monte
1227 2521 1434 2613 Belletout‚
1456 2539 1499 2600 ut
1517 2522 1589 2602 sibi
1609 2524 1766 2615 videtur,
1788 2525 1867 2602 Ma-

445 2655 667 2734 tisconensis
691 2653 849 2732 diocesis
873 2652 1113 2743 servientem,
1136 2651 1387 2744 deffunctum,
1411 2669 1453 2728 ut
1473 2652 1608 2743 credit,
1633 2653 1791 2730 indicta
1808 2682 1867 2730 ca-

445 2784 543 2891 pella
571 2787 618 2863 de
644 2785 768 2875 Buris,
791 2813 860 2891 per
882 2783 1033 2863 fratrem
1058 2782 1211 2859 Petrum
1241 2781 1288 2859 de
1314 2781 1470 2888 Civreyo
1497 2782 1721 2860 servientem
1745 2812 1866 2889 quon·

444 2917 548 3005 dam,
570 2934 660 2994 sunt
680 2918 826 2993 circiter
845 2934 930 2996 octo
951 2915 1055 3005 anni,
1078 2929 1251 3020 presente
1270 2911 1383 2989 fratre
1401 2912 1625 2990 lanseranda
1642 2911 1865 3018 presbitero,

444 3062 571 3122 curato
599 3047 646 3123 de
673 3047 798 3134 Buris3
824 3064 863 3123 et
886 3047 1035 3125 videtur
1060 3045 1178 3124 eciam
1202 3041 1273 3120 sibi
1298 3041 1404 3149 quod
1427 3039 1598 3119 interfuit
1622 3041 1733 3118 frater
1756 3044 1865 3150 Hugo

443 3173 491 3250 de
520 3175 615 3283 Frey
639 3177 821 3266 serviens,
849 3204 945 3282 quos
970 3176 1221 3283 presbiterum
1244 3190 1283 3251 et
1308 3173 1510 3279 Hugonem
1537 3172 1656 3250 credit
1680 3173 1800 3250 vivere
1826 3192 1866 3249 et

443 3329 521 3379 non
546 3302 658 3380 fuisse
681 3325 817 3410 captos.
839 3305 970 3382 Plures
994 3334 1072 3382 non
1088 3305 1184 3382 vidit
1200 3303 1337 3409 recipi,
1355 3330 1425 3380 nec
1439 3300 1611 3379 interfuit
1630 3301 1866 3411 generalibus

443 3433 614 3537 capitulis
633 3435 869 3511 eorumdem.
893 3437 1004 3528 ltem,
1022 3435 1116 3512 dixit
1131 3435 1236 3542 quod
1251 3433 1323 3511 sibi
1337 3432 1547 3521 videbatur,
1569 3431 1638 3509 sed
1656 3459 1733 3509 non
1754 3432 1864 3536 plene

442 3564 660 3643 recordatur
679 3565 727 3643 de
748 3566 837 3651 hoc,
855 3565 959 3672 quod
974 3550 1095 3643 dictus
1114 3582 1286 3671 receptor
1303 3564 1473 3671 precepit
1492 3562 1617 3639 eidem
1636 3562 1724 3638 testi
1745 3562 1783 3638 in
1806 3589 1865 3638 re·

443 3696 619 3800 cepcione
644 3725 709 3773 sua
731 3696 832 3802 quod
857 3695 1092 3774 conculcaret
1114 3696 1251 3773 dictam
1276 3723 1443 3787 erucem,
1465 3693 1534 3771 sed
1552 3693 1633 3798 ipse
1656 3691 1762 3769 testis
1787 3718 1862 3767 non

444 3826 670 3904 conculcavit
684 3854 783 3916 eam3
800 3844 839 3903 et
852 3827 992 3903 audivit
1008 3828 1081 3905 dici
1101 3855 1122 3905 a
1141 3826 1271 3905 multis
1285 3825 1463 3903 fratribus
1482 3821 1642 3912 ordinis,
1662 3819 1863 3925 dequibus

392 3992 397 4000 ·
442 3984 520 4034 non
542 3957 689 4047 recolit,
705 3957 809 4063 quod
836 3957 883 4033 de
905 3975 1081 4064 precepto
1098 3956 1351 4035 conculcanda
1366 3953 1487 4033 cmcis
1505 3952 1592 4035 satis
1606 3948 1762 4027 faciliter
1776 3976 1864 4053 per·
1925 3988 1932 3997 ·

446 4087 678 4163 transiebant
701 4087 853 4192 quando
876 4105 1049 4193 receptus
1071 4086 1321 4193 respondebat
1344 4084 1449 4190 quod
1473 4081 1626 4160 nolebat
1645 4077 1864 4156 conculcare

446 4241 544 4303 eam,
560 4215 609 4292 ita
625 4218 728 4322 quod
751 4218 797 4295 de
822 4216 887 4296 xx*
913 4246 990 4296 non
1015 4217 1257 4297 conculcabat
1279 4244 1389 4293 arnus.
1415 4217 1525 4301 Item,
1547 4211 1640 4290 dixit
1663 4209 1768 4317 quod
1785 4208 1862 4313 ipse

446 4344 544 4421 bene
564 4345 740 4423 credebat
764 4347 1019 4426 ecclesiasticis
1043 4346 1297 4435 sacramentis,
1319 4362 1358 4423 et
1375 4343 1480 4451 quod
1495 4341 1672 4449 jruabsnt
1690 4338 1862 4418 ordinem

446 4503 524 4553 non
545 4476 656 4554 exire.
678 4476 918 4555 Clandestine
944 4477 1233 4583 recipiebantur,
1257 4474 1374 4553 nullis
1392 4470 1631 4581 presentibus
1650 4469 1721 4547 nisi
1742 4467 1864 4544 fratri-

445 4602 518 4682 bus
535 4606 696 4693 ordinis,
723 4633 767 4683 ex
788 4632 866 4711 quo
886 4603 1006 4680 credit
1024 4584 1129 4709 quod
1146 4620 1242 4683 esset
1260 4603 1424 4709 suspicio
1443 4618 1572 4679 contra
1593 4626 1669 4676 eos.
1688 4595 1865 4675 Cordulis

450 4734 552 4809 unde
577 4735 753 4812 volebant
781 4733 979 4839 assumptis
1009 4732 1256 4839 cingebantur
1281 4726 1395 4840 super
1421 4729 1589 4807 murisias
1611 4754 1698 4803 cum
1723 4723 1863 4829 quibus
