4230 5956
337 503 383 575 22
728 479 925 573 esoces
951 496 1047 569 ons
1073 496 1371 570 enuncians.

336 639 468 746 recipi,
489 639 695 746 quod-ipse
713 639 820 732 testis
834 640 981 717 sciverit
994 637 1054 715 sel
1072 637 1259 715 audiverit
1279 638 1366 714 dici.
1384 637 1630 739 Viditautem
1645 643 1761 750 recipi

336 773 489 849 fratrem
510 769 760 850 Guillelmum
790 772 835 847 de
851 770 1011 847 ,Fretiv'e
1037 769 1353 878 Petmgoricensis
1373 765 1549 857 diocesis,
1569 770 1693 850 vivum
1719 793 1763 852 ut

337 903 476 990 crodit,
498 903 699 1009 incapella
716 902 855 980 donum
863 901 1002 1008 templi·
1016 902 1064 981 de
1079 902 1221 979 Sittnat
1235 901 1487 980 Xantonensis
1500 902 1677 993 diocesis,
1694 934 1763 1011 per

338 1036 490 1112 [ranem
509 1033 665 1110 Petrum
682 1034 732 1111 de
756 1032 875 1112 Madit
896 1033 1091 1140 quondam
1108 1031 1275 1109 {militem
1282 1067 1295 1125 ,·
1312 1049 1406 1148 tunc
1418 1050 1614 1111 tenentem
1633 1034 1761 1113 locum

339 1167 503 1274 magistri
523 1166 700 1258 Pictavie,
722 1166 960 1244 sunt-sanni
978 1165 1038 1243 vei
1058 1164 1170 1256 circa,
1196 1163 1434 1272 presentibus
1452 1165 1631 1245 fratribus
1649 1169 1761 1247 Petro

337 1297 567 1391 Theobeldi,
587 1313 687 1375 teate
706 1325 818 1405 supra
836 1298 1010 1404 proriam
1029 1296 1265 1387 examinato,
1286 1297 1448 1402 Hugone
1463 1298 1656 1404 Raynaudi
1676 1327 1763 1405 pre-

337 1447 486 1536 ceptore
509 1428 607 1507 dicte
628 1429 765 1508 domus
785 1432 833 1506 de
854 1430 1011 1521 Siturat,
1032 1428 1123 1505 vivis
1144 1446 1187 1505 ut
1211 1429 1347 1519 credit,
1370 1445 1409 1504 et
1430 1428 1657 1535 quibusdam
1681 1431 1761 1510 aliis

338 1545 545 1666 dequibus
577 1588 657 1647 non
685 1558 916 1637 recordatur.
940 1556 1047 1639 Vidit
1072 1559 1192 1635 eciam
1218 1557 1335 1663 recipi
1360 1553 1514 1635 fratrem
1539 1558 1760 1638 Amandum

267 1712 278 1734 ·
338 1709 515 1796 nepotem
526 1690 623 1799 'dicti
638 1689 766 1770 >fratris
785 1691 888 1769 Petri
902 1687 1134 1779 Theobaldi,
1152 1689 1192 1765 in
1206 1687 1374 1794 predicta
1390 1690 1533 1796 capella-
1543 1692 1591 1768 de
1607 1692 1759 1780 Sibarae,

257 1799 267 1820 ⁹
337 1836 434 1899 sunt·
445 1822 591 1902 circiter
611 1849 674 1898 sex
692 1822 799 1914 anni,
815 1850 883 1930 per
903 1821 1056 1899 fratrem
1072 1819 1342 1898 Theobaldum
1364 1822 1557 1927 quondam
1576 1821 1758 1913 militem,

335 1970 425 2031 tnnc
440 1971 706 2060 preceptorem·
714 1954 812 2030 deus
826 1936 970 2060 Espans
979 2012 994 2043 ,
1008 1951 1250 2058 presentibus
1263 1952 1363 2028 dicto
1378 1949 1491 2029 fratre
1506 1954 1617 2031 Petro
1633 1955 1761 2033 Theo-

286 2103 288 2106 ’
335 2064 462 2173 beidi,
487 2085 649 2191 Hugone
667 2084 866 2191 ‘Raynaudi
895 2083 1008 2162 fratre
1032 2082 1151 2190 ipsios
1170 2083 1299 2171 testis,
1324 2100 1543 2189 preceptore
1564 2084 1664 2163 dicte
1693 2085 1761 2161 do·

337 2246 438 2307 mus,
459 2242 577 2320 quem
597 2214 717 2291 credit
734 2215 875 2303 visere3
895 2216 1024 2320 plures
1046 2242 1128 2291 non
1144 2212 1240 2292 sidit
1258 2213 1393 2319 recipi,
1409 2215 1513 2322 quod
1527 2217 1758 2294 recordetur.

337 2350 420 2429 Non
439 2343 564 2424 credit
579 2344 688 2452 quod*
703 2345 902 2436 adorarent
917 2361 1066 2431 'cattam
1082 2371 1153 2421 nec
1172 2344 1277 2450 quod
1296 2363 1420 2423 essent
1438 2345 1623 2422 increduli
1636 2345 1760 2424 eccle-

336 2476 505 2557 siasticis¹
521 2477 780 2568 sacramentis,
813 2476 953 2583 quibus
986 2477 1075 2583 ipse·
1101 2476 1240 2562 credit,
1275 2503 1346 2554 nec
1378 2478 1483 2584 quod
1513 2503 1645 2554 eorum
1674 2477 1758 2555 laici

336 2609 572 2688 rbsolvercnt
600 2607 659 2684 sel
686 2625 850 2714 possent,
873 2605 1067 2686 absolvere
1097 2635 1118 2683 a
1149 2607 1328 2713 peccatis,
1357 2636 1427 2685 nec
1461 2608 1567 2716 quod
1588 2608 1760 2716 jurarent
1831 2659 1833 2662 <

335 2741 510 2819 ordinem
533 2767 611 2817 non
636 2740 757 2829 exire,
789 2740 856 2817 sed
886 2738 1082 2817 dicebatur
1111 2739 1167 2816 eis
1191 2740 1298 2846 quod
1322 2738 1448 2816 statim
1478 2768 1548 2846 pro
1584 2739 1760 2846 professis

334 2870 584 2951 habebantur.
609 2870 861 2948 Ciandestine
878 2851 1186 2977 recipiebantur.
1198 2869 1317 2969 nullis
1336 2870 1578 2976 presentibus
1596 2871 1668 2949 nisi
1686 2871 1759 2948 fre

332 3003 455 3098 tribus
482 3001 650 3091 ordinis3
677 3029 749 3077 nec
777 3003 860 3078 scit·
874 3003 980 3108 quod
1009 3001 1082 3078 hec
1110 3019 1197 3079 ante
1224 3003 1442 3110 capcionem
1471 3021 1581 3082 esset·
1595 3005 1759 3112 suspicio

334 3151 567 3214 monacos.
595 3134 679 3211 Non
709 3133 831 3211 credit
855 3135 972 3240 quod>
989 3133 1181 3211 haberent*
1196 3158 1273 3211 nec
1303 3137 1506 3221 adorarent
1535 3135 1663 3244 ydola,
1682 3166 1759 3214 >nee

335 3265 441 3373 quod
460 3263 633 3357 cordule,
655 3264 795 3371 quibus
823 3292 942 3371 super·
958 3263 1128 3344 camisias
1155 3238 1243 3342 crim
1272 3266 1609 3373 quibos-jacebant
1632 3269 1759 3377 cinge-

333 3395 484 3496 bantur,
504 3411 702 3504 tangerent
724 3396 844 3503 capita
868 3395 1086 3504 ydolorum.
1112 3396 1388 3504 injungebatur
1404 3400 1458 3474 eis
1476 3400 1583 3506 quod
1602 3427 1680 3476 non
1699 3429 1759 3477 re-

334 3526 500 3604 velarent
509 3544 656 3604 secreta
672 3527 943 3633 'capitulorumr
957 3520 1022 3635 spui
1031 3528 1281 3617 revelassent,
1301 3545 1482 3637 tanquam
1494 3530 1759 3608 inobedientes

333 3659 455 3765 puniti
475 3657 652 3754 fuissent,
673 3659 743 3736 sed
759 3659 878 3735 nescit
894 3658 1068 3767 qualiter.
1085 3659 1283 3753 Quamdiu
1294 3677 1469 3765 poterant
1484 3662 1625 3739 habere
1640 3690 1759 3741 secer-

334 3791 443 3870 dotes
455 3790 612 3880 ordinis,
628 3817 706 3868 non
726 3789 917 3868 debebant
930 3790 1012 3869 ediis
1027 3791 1213 3867 confiteri.
1231 3793 1313 3868 Non
1332 3791 1479 3869 audivit·
1492 3795 1634 3900 precipi
1654 3797 1758 3902 quod

276 3936 279 3940 ’
331 3922 563 4000 θὶθθωοείηε
589 3919 651 3999 vei
678 3922 911 4029 hospitalitas
924 3921 1274 4028 restringerentur,
1311 3922 1378 3999 sed
1392 3920 1652 4015 contrarium,
1687 3953 1758 4001 nec

332 4054 438 4159 quod
456 4054 729 4160 preciperetur,
748 4082 818 4131 nec
838 4060 906 4160 per
926 4051 1305 4160 nefas‘acquirerent,
1324 4055 1391 4130 sed
1412 4054 1660 4140 contrarium,
1686 4081 1757 4131 nec

331 4186 438 4292 quod
466 4186 620 4263 exutbie
655 4204 892 4293 ponerentur
920 4186 960 4263 in
985 4182 1178 4292 capitulis,
1206 4216 1281 4294 que
1309 4187 1437 4294 januis
1462 4186 1614 4278 clausis,
1641 4186 1757 4264 nullis

330 4317 567 4423 presentibus
586 4317 657 4394 nisi
674 4318 1033 4406 fratribusordinis,
1049 4319 1292 4397 tenebantur.
1312 4320 1426 4412 Quod
1446 4347 1604 4429 magnus
1623 4320 1757 4428 Magis-

328 4465 386 4527 ter
400 4479 486 4527 cum
502 4468 690 4528 conventu
708 4451 897 4538 statuisset
911 4469 1090 4528 servasset
1102 4470 1206 4528 totus
1219 4452 1314 4530 ordo
1327 4453 1384 4539 ‚si
1399 4453 1544 4528 bonurn
1559 4469 1597 4529 et
1608 4451 1755 4559 justum

328 4579 481 4670 fuisset3
503 4599 633 4659 contrat
655 4609 772 4687 quem
791 4580 976 4658 'ordinem
1002 4608 1104 4658 nunc
1129 4583 1287 4690 grandia
1316 4582 1508 4681 scaudala,
1531 4583 1695 4689 suspicio
1721 4599 1758 4658 et

328 4709 481 4788 infamia
501 4729 588 4789 sunt
607 4731 750 4806 exorta,
771 4729 959 4791 etcontra·
971 4711 1090 4820 quern
1109 4715 1467 4822 magnusMagister
1479 4731 1522 4791 et
1540 4713 1758 4791 aliidicun-

328 4857 390 4919 tur
406 4841 532 4951 aliqua
546 4843 662 4957 fuisse
674 4842 972 4943 confessisltem,
983 4846 1208 4952 dicitquod,
1227 4844 1383 4952 propter
1397 4864 1587 4924 tormenta
1602 4847 1637 4923 ei
1651 4845 1757 4951 prius
