4230 5956
446 475 515 549 rso
832 446 1024 545 rnocss
1050 470 1142 542 ors
1169 466 1467 544 rsnrmans.

439 613 679 703 lluthicini03
705 610 875 718 plurium
900 610 1185 717 receptionibus
1204 639 1243 688 se
1270 638 1347 688 non
1375 610 1508 689 recolit
1534 604 1709 691 adfuisse.
1745 605 1858 700 Item,

441 743 535 822 dixit
556 771 595 819 se
616 741 769 820 credere
790 742 896 849 quod
914 741 1047 820 fratres
1076 741 1218 819 ordinis
1249 741 1447 820 crederent
1474 743 1711 821 sacramentis
1743 744 1862 822 eccle·

440 874 611 962 masticis,
632 873 773 980 quibus
805 874 884 978 ipse
916 874 1112 965 credebat,
1144 889 1182 950 et
1213 871 1318 979 quod
1339 902 1472 951 eorum
1498 873 1710 953 sacerdotes
1732 874 1861 954 debite

440 1005 681 1083 celebrarent.
704 1007 944 1112 Preceptores
969 1005 1052 1082 laici
1082 1003 1326 1081 remittebant
1354 1003 1497 1112 aliquas
1523 1003 1668 1082 ordinis
1695 1003 1860 1114 discipli-

439 1163 525 1226 nas,
547 1150 586 1212 et
611 1136 821 1213 sacerdotes
853 1134 1096 1212 absolvebant
1119 1162 1185 1211 eos
1214 1164 1236 1212 a
1266 1134 1440 1242 peccatis.
1472 1133 1652 1212 Jurabant
1685 1135 1860 1215 ordinem

439 1295 516 1345 non
536 1267 654 1357 exire3
683 1267 808 1345 statim
839 1295 909 1372 pro
940 1265 1117 1373 professis
1145 1264 1394 1343 habebantur.
1430 1264 1673 1344 Clandestine
1703 1267 1860 1374 recipie-

437 1396 584 1488 bantur,
611 1396 715 1504 quod
742 1396 812 1504 ipsi
831 1396 917 1474 testi
937 1412 974 1472 et
991 1394 1165 1503 pluribus
1184 1394 1247 1472 alii
1274 1395 1492 1502 presbiteris
1509 1395 1656 1475 ordinis
1683 1396 1858 1503 displice-

437 1527 516 1616 bat,
543 1556 587 1605 ex
608 1556 685 1636 quo
706 1526 826 1604 credit
846 1525 953 1633 quod
976 1543 1074 1606 esset
1096 1525 1258 1631 suspicio
1278 1543 1407 1604 contra
1426 1553 1503 1605 eos.
1524 1526 1734 1634 insignum
1754 1530 1860 1607 casti-

437 1658 521 1736 tatis
537 1674 576 1734 et
591 1658 804 1735 devocionis
820 1657 1077 1765 cingebantur,
1095 1684 1209 1763 super
1228 1656 1398 1735 camisias
1415 1686 1502 1735 cum
1516 1657 1657 1765 quibus
1665 1657 1857 1766 jacebant,

438 1787 603 1865 cordulis
623 1788 782 1894 sumptis
806 1786 908 1864 unde
926 1787 1113 1866 volebant.
1132 1787 1476 1896 lnjungebatureis
1494 1816 1563 1895 per
1585 1806 1857 1867 sacramentum

437 1946 484 1995 ne
500 1917 714 1997 'revelarent
732 1935 871 1995 secreta
899 1917 1169 2025 capitulorum,
1192 1917 1240 1996 de
1258 1918 1375 1997 modo
1398 1918 1630 2025 recepcionis
1649 1918 1689 1995 in
1706 1918 1857 2025 speciali

437 2076 514 2126 non
530 2049 657 2128 habita
681 2050 893 2127 mencione.
923 2049 1000 2144 Qui
1020 2048 1257 2126 revelassent·
1271 2048 1329 2126 vel
1348 2050 1522 2156 predicta·
1533 2049 1662 2128 illicita
1680 2078 1749 2156 per
1769 2077 1857 2128 eum

437 2178 641 2257 confessata
671 2178 792 2257 facere
812 2195 1062 2265 recusassent,
1085 2178 1206 2256 credit
1230 2178 1335 2285 quod
1359 2180 1519 2287 graviter
1542 2179 1665 2286 puniti
1685 2178 1856 2259 fuissent.

435 2308 705 2418 lnjungebatur
733 2311 788 2386 eis
806 2308 911 2416 quod
927 2309 1069 2415 absque
1094 2309 1250 2386 licencia
1270 2338 1347 2399 non
1361 2307 1633 2389 confiterentur
1646 2308 1729 2387 aliis
1743 2338 1856 2418 quam

436 2439 691 2533 sacerdotibus
719 2439 874 2518 ordinis.
901 2441 1047 2517 Fratres
1064 2438 1204 2546 quibus
1224 2441 1358 2519 credit·
1374 2457 1464 2520 nota
1489 2439 1604 2520 fixisse
1621 2440 1748 2520 illicita
1767 2469 1857 2519 eon-

434 2571 567 2650 fessata
586 2599 653 2678 per
672 2599 761 2650 eum
789 2568 944 2648 fuerunt
971 2569 1225 2679 negligentes,
1247 2572 1434 2677 quianon
1453 2588 1697 2650 correxerunt
1716 2596 1759 2650 ea
1786 2596 1856 2649 nec

433 2702 754 2780 denunciaverunt
794 2700 970 2779 Ecclesie.
1005 2702 1048 2778 In
1088 2701 1266 2780 domibus
1299 2702 1458 2791 ordinis,
1487 2701 1526 2779 in
1562 2700 1704 2810 quibus
1738 2703 1858 2780 extitit

435 2850 708 2922 commoratus,
739 2831 838 2908 vidit·
862 2832 1093 2910 elemosinas·
1116 2849 1154 2910 et
1180 2831 1473 2940 hospitalitatem
1494 2833 1760 2912 convenienter
1774 2831 1855 2910 fieri

434 2980 472 3041 et
487 2963 639 3055 servari,
657 2980 695 3039 et
721 2963 865 3040 audivit
882 2963 956 3040 dici
977 2962 1083 3070 quod
1112 2962 1208 3041 clam
1233 2990 1368 3042 eornm
1387 2960 1769 3071 generaliaoapiurlia
1787 2960 1855 3039 ali-

433 3093 585 3198 quando
604 3092 831 3171 tenebantur
848 3092 896 3170 de
916 3074 1043 3183 nocte,
1064 3110 1150 3201 post
1163 3091 1302 3172 lactum
1321 3104 1555 3184 sermonem,
1569 3091 1686 3171 nullis
1705 3120 1858 3198 presen-

432 3222 534 3301 tibus
561 3224 631 3300 nisi
655 3223 830 3303 fratribus
855 3224 1015 3317 ordinis,
1044 3224 1083 3300 in
1112 3253 1190 3331 quo
1215 3241 1401 3303 servatum
1427 3223 1558 3307 suisset
1576 3223 1682 3332 quod
1699 3251 1857 3330 magnus

433 3353 715 3462 Magister-cum
735 3373 923 3433 conventu
943 3354 1150 3448 statuisset;
1172 3383 1216 3432 ex
1236 3383 1313 3462 quo
1333 3355 1455 3433 credit
1472 3354 1620 3461 aliquos
1639 3352 1770 3431 fratres
1794 3380 1856 3430 or-

433 3482 531 3560 dinis
551 3482 702 3562 exivisse
723 3501 876 3592 propter
896 3484 977 3592 ejus
993 3486 1248 3564 austeritatem
1263 3502 1302 3563 et
1316 3484 1445 3562 illicita
1460 3482 1687 3591 supradicta,
1703 3499 1856 3590 propter

430 3642 505 3721 que
523 3614 677 3724 grandia
692 3616 880 3704 scandala,
900 3616 1062 3723 suspicio
1081 3632 1120 3693 et
1137 3615 1289 3694 infamia
1307 3633 1397 3694 sunt
1416 3633 1543 3694 exorta
1561 3631 1691 3692 contra
1711 3614 1853 3691 dictum

431 3746 622 3837 ordinem3
641 3764 770 3825 contra
789 3772 903 3854 quem
922 3746 1045 3824 dictus
1059 3748 1235 3854 Magister
1255 3763 1295 3824 et
1313 3744 1375 3822 alii
1396 3744 1577 3823 dicuntur
1595 3743 1721 3857 aliqua
1740 3743 1855 3823 fuisse

430 3876 604 3966 consessi3
624 3877 672 3954 ad
690 3878 798 3986 cujus
814 3878 957 3956 ordinis
976 3877 1251 3956 deffensionem
1268 3903 1308 3955 se
1328 3904 1407 3965 non
1428 3875 1628 3955 obtulerat

485 4009 698 4114 Requisitus
725 4010 755 4086 si
784 4009 837 4086 sic
866 4009 1094 4116 deposuerat
1121 4035 1249 4115 prece,
1284 4025 1482 4114 precepto,
1515 4004 1668 4094 timore»,
1704 4030 1850 4098 amore,

429 4137 536 4226 odio,
555 4138 612 4215 vel
625 4139 822 4247 temporali
837 4139 998 4218 comodo
1014 4139 1145 4216 habito
1158 4138 1216 4216 vel
1231 4136 1429 4229 habendo,
1441 4133 1748 4244 responditquod
1759 4164 1850 4228 non,

429 4267 496 4345 sed
520 4296 588 4374 pro
615 4271 766 4348 veritate
796 4272 973 4361 dicenda;
1004 4270 1064 4348 cui
1086 4268 1159 4348 fuit
1187 4269 1404 4377 injunctum
1430 4266 1538 4374 quod
1561 4292 1640 4346 non
1666 4266 1851 4346 revelaret

428 4400 524 4478 banc
543 4429 648 4477 suam
668 4402 964 4506 deposicionem,
980 4428 1180 4508 quousque
1202 4401 1463 4480 attestaciones
1483 4397 1624 4477 fuerint
1643 4397 1847 4505 publicate.

484 4683 611 4760 Frater
624 4679 826 4763 Durandus
842 4681 1033 4761 Passarion
1048 4679 1227 4775 serviens,
1249 4697 1450 4791 preceptor
1470 4677 1609 4761 domus
1626 4674 1675 4760 de
1696 4678 1734 4758 la
1752 4678 1850 4758 Clau

427 4811 678 4890 Ruthenensis
710 4815 888 4904 diocesis,
919 4814 1025 4892 testis
1058 4838 1169 4921 supra
1199 4816 1370 4921 juratus,
1404 4810 1750 4921 quinquagenarius
1788 4807 1849 4884 vel
