4230 5956
712 459 907 553 rnocts
931 478 1027 550 ons
1052 475 1349 552 rnnexrnns.
1662 482 1731 557 an
1840 452 1844 459 ’

322 634 449 724 ceptor
477 617 646 723 predicte
674 619 811 698 domus
840 620 888 696 de
912 619 1048 706 Vifort,
1081 648 1151 697 nec
1178 619 1305 725 plures
1330 620 1434 725 quod
1460 623 1609 700 recolat.
1637 624 1740 701 Dixit

321 747 436 823 eciam
450 773 519 851 per
532 747 790 853 juramentum
808 776 920 826 suum
940 749 1042 855 quod
1059 776 1104 826 eo
1124 766 1292 856 recepto,
1315 766 1352 826 et
1368 766 1453 855 post
1471 751 1739 854 promissiones

319 877 431 955 factas
450 877 497 954 ab
518 905 564 956 eo
585 880 632 956 de
652 880 797 957 statutis
818 897 856 956 et
874 880 1038 957 secretis
1054 880 1197 958 ordinis
1222 879 1475 968 observandis,
1498 874 1537 956 et
1559 882 1738 961 mantello

319 1007 388 1085 sibi
413 1008 461 1084 ad
483 1007 624 1086 collum
648 1011 789 1114 posito,
818 1027 856 1087 et
882 1027 1047 1116 aportata
1071 1011 1232 1115 quadam
1257 1038 1365 1088 cruce
1386 1009 1506 1117 lignea
1528 1039 1596 1117 per
1620 1039 1739 1089 unum

320 1138 367 1213 de
388 1137 496 1216 dictis
509 1137 701 1229 fratribus,
723 1140 907 1246 recipiens
916 1140 1083 1246 precepit
1102 1141 1173 1218 sibi
1193 1140 1297 1247 quod
1313 1157 1466 1245 spueret
1480 1168 1590 1247 supra
1604 1139 1739 1219 dictam

320 1296 484 1355 crucem,
509 1269 637 1347 dicens
651 1270 722 1348 sibi
740 1272 845 1377 quod
860 1269 1056 1377 oportebat
1068 1271 1171 1376 quod
1187 1271 1260 1349 hoc
1274 1270 1429 1362 faceret,
1452 1287 1489 1347 et
1503 1271 1582 1376 ipse
1596 1272 1663 1377 qui
1683 1272 1739 1348 lo-

318 1398 449 1502 quitur
462 1397 568 1475 finxit
587 1428 626 1477 se
646 1428 781 1506 spuere
801 1427 1026 1507 supeream.
1048 1401 1149 1478 Dixit
1170 1405 1286 1480 eciam
1306 1401 1409 1508 quod
1428 1400 1611 1507 recipiens
1633 1402 1739 1478 duxit

319 1554 405 1602 eum
415 1527 462 1603 ad
470 1544 634 1634 partem,
651 1530 697 1605 ad
711 1557 828 1606 cornu
842 1530 966 1607 altaris
980 1530 1176 1636 cujusdam
1188 1530 1328 1635 capelle
1339 1532 1378 1605 in
1393 1559 1465 1635 qua
1474 1530 1735 1635 recipiebatur,
1806 1550 1810 1555 ’

318 1673 355 1731 et
374 1657 513 1734 elevata
529 1675 630 1735 veste
650 1687 733 1747 sua,
752 1660 920 1764 precepit
945 1661 1068 1735 eidem
1092 1676 1242 1763 recepto
1265 1660 1369 1764 quod
1397 1660 1629 1735 oscularetur
1650 1687 1736 1736 curn

316 1805 415 1863 retro
441 1787 481 1863 in
500 1787 577 1865 fine
600 1789 706 1894 spine
736 1789 857 1877 dorsi,
880 1790 1016 1896 etipse
1041 1791 1105 1895 qui
1132 1788 1302 1894 loquitur
1319 1787 1423 1863 finxit
1441 1817 1480 1864 se
1503 1788 1577 1865 hoc
1598 1784 1734 1878 facere,

316 1918 383 1994 sed
399 1946 475 1994 non
494 1919 593 1995 fecit.
614 1919 715 1996 Dixit
735 1920 851 1995 eciam
872 1920 977 2025 quod
996 1919 1089 1995 vidit
1103 1918 1219 2022 recipi
1240 1917 1389 1993 fratrem
1411 1916 1662 1995 Guillermum
1688 1919 1736 1996 de

317 2047 452 2124 Sancto
466 2047 663 2124 Leonardo
691 2048 738 2124 de
759 2047 1024 2154 Corbigniaco‚
1052 2048 1089 2123 in
1120 2048 1234 2124 domo
1255 2048 1303 2124 de
1323 2047 1464 2136 Valeia,
1491 2073 1559 2152 per
1584 2046 1735 2125 fratrem

317 2178 564 2255 Laurencium
584 2178 631 2255 de
651 2178 765 2255 Belna
784 2195 1041 2284 preceptorem
1061 2179 1107 2256 dc
1128 2178 1330 2267 Couiours,
1353 2179 1391 2254 in
1410 2179 1571 2284 quadam
1592 2206 1734 2256 camera

316 2308 413 2384 dicte
429 2308 581 2397 domus,
604 2309 730 2385 dicens
750 2307 853 2414 quod
875 2309 998 2386 statim
1017 2308 1121 2414 quod
1145 2307 1367 2385 mantellum
1388 2307 1461 2384 fuit
1478 2307 1550 2384 sibi
1570 2310 1734 2413 positum

315 2439 362 2514 ad
391 2437 532 2516 collum
566 2438 656 2516 dicti
678 2439 861 2527 Gerardi,
881 2440 960 2543 ipse
987 2440 1053 2545 qui
1079 2438 1246 2545 loquitur
1271 2439 1422 2516 recessit
1451 2439 1498 2516 ad
1525 2439 1733 2544 parandum

315 2597 466 2675 mappas
485 2598 553 2676 pro
573 2571 858 2659 commestione,
882 2586 920 2646 et
934 2587 1087 2675 propter
1102 2572 1174 2647 hoc
1187 2570 1306 2645 nescit
1320 2569 1413 2675 quid
1425 2569 1496 2646 firit
1515 2568 1585 2645 sibi
1605 2586 1734 2675 postea

315 2699 519 2778 factumvel
533 2702 694 2791 dictum,
715 2717 841 2778 temen
860 2701 980 2778 credit
997 2702 1101 2806 quod
1120 2700 1191 2777 fuit
1205 2700 1341 2776 eodem
1357 2699 1470 2777 modo
1490 2717 1677 2804 receptus,
1696 2719 1734 2776 et

314 2831 419 2937 quod
439 2830 501 2908 alii
522 2830 652 2909 fratres
669 2830 759 2908 dicti
772 2831 916 2908 ordinis
936 2830 1070 2908 eodem
1090 2831 1205 2907 modo
1224 2829 1459 2935 recipiantur.

370 2961 462 3039 Item
477 2961 680 3069 requisitus
697 2978 824 3039 utrum
842 2962 899 3049 ri,
920 2961 978 3038 vel
997 2977 1100 3037 metu
1118 2960 1273 3036 carceris
1297 2977 1360 3036 aut
1377 2976 1669 3047 tormentorum,
1691 2961 1732 3036 in

314 3092 503 3197 premissis
524 3092 767 3169 immiscuerit
783 3092 840 3169 vel
856 3093 991 3169 dixerit
1005 3092 1167 3198 aliquam
1184 3088 1396 3182 falsitatem,
1417 3090 1477 3167 vei
1496 3091 1653 3168 tacuerit
1672 3117 1733 3168 ve·

313 3223 476 3311 ritatem,
499 3223 591 3299 dixit
608 3252 677 3329 per
688 3223 944 3329 juramentum
964 3250 1076 3300 suum
1096 3222 1201 3327 quod
1221 3248 1318 3308 non,
1342 3238 1380 3298 et
1397 3222 1500 3328 quod
1519 3249 1652 3326 puram
1672 3249 1732 3298 re·

314 3352 459 3429 ritatem
479 3353 571 3430 dixit
586 3382 656 3461 pro
674 3354 791 3431 salute
812 3354 936 3431 anime
957 3380 1034 3430 sue.

368 3485 476 3560 Facte
490 3501 616 3561 autem
631 3501 720 3562 sunt
730 3484 801 3561 hec
814 3499 890 3562 tros
901 3484 1118 3561 immediate
1131 3483 1375 3588 precedentes
1393 3482 1644 3559 consessiones
1662 3510 1730 3558 seu

315 3613 571 3719 deposiciones
597 3616 701 3720 prius
718 3643 738 3691 a
757 3615 929 3720 quolibet
948 3616 1113 3720 ipsorum
1133 3612 1395 3690 confitencium
1410 3613 1567 3716 prestito
1583 3629 1627 3688 ut
1644 3640 1730 3715 pre-

315 3745 475 3821 mittitur
491 3746 723 3851 juramento,
744 3745 905 3820 Parisius
932 3744 971 3818 in
996 3742 1171 3818 domibus
1191 3740 1357 3846 Templi,
1382 3768 1497 3828 anno,
1522 3740 1727 3828 indicione,

313 3873 545 3976 pontificatu,
557 3902 662 3952 anno·
671 3890 709 3951 et
721 3874 783 3951 die
797 3874 989 3979 predictis,
1006 3860 1240 3980 presentibus
1255 3864 1366 3949 fratre
1381 3870 1547 3978 Synardo
1559 3871 1607 3948 de
1617 3871 1729 3948 Dacia

314 4020 350 4078 et
371 4003 483 4080 fratrc
498 4004 630 4109 Egidio
651 4005 698 4081 dc
719 4004 884 4083 bononia
904 4004 1046 4082 ordinis
1070 4004 1347 4080 Predicatorum
1363 4002 1410 4078 de
1426 4017 1610 4079 conventu
1630 4001 1729 4078 Pari-

314 4133 443 4221 siensi,
459 4133 618 4213 testibus
637 4134 685 4211 ad
701 4135 769 4211 hec
781 4135 917 4213 vocatis
932 4150 969 4212 et
983 4134 1131 4241 rogatis.

368 4394 408 4467 ln
423 4392 574 4468 nomine
587 4393 738 4470 Domini
755 4421 875 4470 amen.
893 4396 1002 4470 Anno
1016 4393 1217 4469 Nativitatis
1232 4392 1401 4500 ejusdem
1417 4407 1541 4471 u⁰ccc⁰
1553 4393 1726 4499 septimo,

312 4520 503 4598 indicione
524 4538 639 4611 sexta,
668 4548 795 4599 mense
814 4521 1039 4611 novembris,
1062 4521 1122 4598 die
1142 4521 1300 4614 veneris,
1322 4522 1360 4598 in
1385 4522 1480 4600 festo
1503 4521 1618 4600 sancti
1644 4521 1727 4600 Cri-

311 4652 459 4758 sogoni,
476 4651 618 4729 scilicet
629 4651 806 4761 vigesima
821 4670 951 4760 quarta
963 4654 1043 4743 die,
1065 4652 1303 4760 pontificatus
1321 4653 1538 4732 sanctissimi
1554 4653 1669 4760 patris
1687 4668 1727 4730 et

312 4783 455 4860 domini
471 4782 614 4863 domini
630 4782 833 4862 Clementis
844 4783 967 4861 diviua
985 4784 1226 4893 providencia
1239 4812 1333 4897 pepe
1345 4785 1466 4892 quinti
1480 4811 1579 4863 enno
1591 4782 1723 4872 terrio,

1530 4934 1579 4997 52.
