4230 5956
429 446 502 517 322
746 376 752 413 ³
811 420 1008 521 eneces
1033 432 1129 507 nus
1157 432 1462 515 indemnes..

429 598 467 659 et
480 577 595 659 modo
610 603 677 655 sue
694 574 938 679 recepcionis,
955 574 1046 649 dixit
1056 600 1123 677 per
1132 572 1390 679 juramentum
1403 588 1512 649 suum
1531 571 1634 679 quod
1652 571 1724 650 fuit
1739 601 1846 650 rece-

428 728 515 815 ptus
532 705 632 812 apud
648 703 899 809 Latigniacum
920 702 1084 790 Siccum,
1109 701 1233 808 viginti
1253 700 1328 787 duo
1347 702 1434 777 anni
1453 700 1511 778 uel
1536 702 1631 779 eirca
1651 720 1752 792 sunt,
1778 732 1846 808 per

428 839 580 919 fratrem
594 835 786 915 Nicolaum
797 832 1045 939 Flamingum,
1065 832 1302 937 presentibus
1317 830 1428 909 fratre
1445 831 1595 909 Nicolao
1612 832 1659 909 de
1674 833 1843 919 Puiseus,

421 969 541 1045 -fratre
558 967 611 1042 N,
628 965 674 1040 de
694 962 935 1071 laignevilla,
963 979 1000 1038 et
1019 961 1245 1066 quibusdam
1271 960 1351 1037 aliis
1375 960 1422 1037 de
1446 989 1608 1066 quorum
1634 962 1847 1039 nominibus

431 1124 508 1175 non
520 1093 777 1172 recolit-Dixit
789 1092 905 1168 eciam
916 1120 984 1197 per
988 1091 1247 1197 juramentum
1261 1119 1371 1169 suum
1380 1090 1501 1196 quod,
1516 1107 1602 1196 post
1613 1091 1746 1168 multas
1761 1119 1848 1196 pro·

434 1227 628 1305 missiones
648 1223 694 1300 de
710 1223 853 1299 statutis
873 1221 962 1299 dicti
982 1221 1124 1299 ordinis
1143 1220 1269 1313 factas,
1296 1240 1334 1298 et
1354 1221 1477 1327 posito
1500 1223 1678 1300 mantello
1703 1221 1752 1299 ad
1775 1223 1852 1300 col-

350 1409 352 1413 ψ
431 1357 525 1444 lum,
552 1357 761 1463 injunctum
782 1352 852 1428 luit
875 1352 945 1429 sibi
969 1380 1037 1458 per
1063 1352 1306 1457 recipientem
1329 1351 1537 1458 predictum
1564 1352 1666 1457 quod
1693 1353 1850 1430 omnino

434 1515 473 1565 se
492 1487 692 1564 abstineret
711 1512 731 1560 a
751 1482 990 1587 mulieribus,
1013 1500 1049 1559 et
1069 1484 1099 1559 si
1127 1483 1237 1560 calor.
1249 1483 1423 1561 natinalis
1442 1500 1608 1575 moueret
1626 1511 1728 1571 eum,
1746 1483 1851 1589 quod
1905 1512 1907 1515 ’

435 1617 750 1697 commisceretse
771 1642 856 1690 cum
876 1612 1104 1691 hominibus.
1123 1613 1227 1691 Dixit
1246 1614 1361 1691 eciam
1380 1641 1448 1717 per
1464 1613 1717 1720 juramentum
1738 1642 1849 1690 sumn

434 1746 541 1854 quod
559 1744 679 1821 dictus
697 1743 879 1850 recipiens
900 1744 1066 1850 precepit
1089 1742 1158 1821 sibi
1183 1743 1504 1849 quodabnegaret
1520 1743 1661 1831 Deum,
1691 1759 1728 1819 et
1743 1742 1849 1848 quod

435 1893 583 1983 spueret
596 1902 706 1980 supra
721 1901 884 1961 crucem,
900 1890 937 1949 et
949 1874 1026 1980 ipse
1037 1872 1191 1950 Jhesum
1205 1873 1397 1952 Christum
1409 1873 1552 1978 negavit
1561 1873 1676 1949 semel
1686 1889 1848 1960 tantum,

437 2023 475 2082 et
490 2005 591 2112 spuit
608 2003 779 2081 similiter
801 2003 937 2092 semel;
960 2019 996 2079 et
1019 2019 1146 2107 postea
1167 2000 1353 2079 osculatus
1372 2000 1444 2077 fuit
1464 2002 1609 2078 eumin
1629 2029 1694 2078 ore
1715 2001 1854 2078 solum-

439 2126 564 2213 modo.
581 2137 650 2210 Per
664 2137 918 2241 juramentum
931 2162 1058 2224 suum,
1076 2132 1167 2208 dixit
1184 2148 1326 2219 tamen,
1346 2128 1450 2236 quod
1464 2128 1535 2206 suit
1549 2130 1619 2207 sibi
1636 2148 1852 2236 preceptum

437 2264 540 2370 quod
559 2261 787 2340 oscularetur
802 2291 888 2337 eum
907 2262 1011 2349 alibi,
1028 2261 1200 2338 videlicet
1219 2261 1259 2336 in
1278 2260 1353 2336 fine
1376 2260 1481 2364 spine
1502 2259 1602 2336 dorsi
1627 2261 1714 2336 etin
1730 2259 1853 2336 umbi-

436 2393 528 2486 lico,¹
545 2410 583 2469 et
595 2393 673 2498 ipse
689 2420 765 2469 non
776 2391 878 2479 lecit,
895 2418 964 2467 nec
974 2390 1093 2467 facere
1106 2390 1232 2467 voluit.
1249 2390 1462 2496 Requisitus
1475 2407 1602 2467 utrum
1616 2391 1668 2482 vi,
1682 2390 1740 2467 vel
1752 2408 1855 2471 metu

439 2522 593 2617 carceris
605 2520 664 2598 vel
683 2536 974 2609 tormentorum,
991 2519 1152 2626 aliquam
1175 2519 1308 2596 dixerit
1321 2517 1518 2597 salsitatem
1533 2520 1592 2632 uel
1612 2521 1855 2598 immiscuerit

439 2653 479 2729 in
498 2651 736 2759 deposicione
763 2679 843 2741 sua,
871 2650 963 2729 dixit
987 2679 1055 2755 per
1074 2648 1328 2755 juramentum
1350 2678 1459 2726 suum
1487 2650 1592 2754 quod
1618 2679 1713 2740 non;
1742 2651 1857 2726 immo

440 2782 533 2861 dixit
549 2776 750 2861 ueritatem.

495 3045 590 3119 ltem
615 3041 727 3119 frater
754 3041 986 3121 Guillermus
1015 3041 1062 3117 de
1092 3037 1310 3118 Monteforti
1330 3040 1518 3129 amatrici,
1549 3039 1636 3117 alias
1669 3039 1789 3116 dictus
1823 3040 1858 3117 le

441 3170 628 3258 berchien
656 3170 761 3245 etatis
787 3170 1052 3277 quinquaginta
1078 3198 1264 3247 annorum
1292 3146 1350 3247 vel
1375 3170 1487 3258 circa,
1514 3187 1557 3246 ut
1585 3168 1693 3258 dixit,
1723 3170 1858 3247 eodem

443 3297 558 3375 modo
579 3298 722 3405 juratus
750 3313 787 3372 et
809 3296 1012 3401 requisitus
1044 3297 1090 3374 de
1115 3315 1283 3404 tempore
1312 3316 1350 3375 et
1374 3301 1489 3376 modo
1518 3328 1584 3376 sue
1614 3299 1858 3406 recepcionis‚

445 3426 536 3505 dixit
554 3456 621 3533 per
631 3426 887 3533 juramentum
904 3455 1014 3502 suum
1035 3427 1139 3532 quod
1157 3428 1307 3533 triginta
1326 3429 1413 3504 anni
1431 3446 1518 3506 sunt
1539 3430 1654 3535 elapsi
1674 3430 1776 3536 quod
1791 3429 1863 3506 luit

441 3575 612 3663 receptus
619 3586 686 3661 per
695 3555 844 3632 fratrem
854 3556 1043 3633 Nicolaum
1054 3559 1083 3633 F
1085 3556 1303 3662 lamingum‚
1320 3558 1418 3663 apud
1427 3559 1680 3665 Latigniacum
1696 3561 1859 3646 Siccum,

443 3687 678 3793 presentibus
693 3685 802 3763 fratre
818 3686 967 3763 Nicolao
984 3688 1030 3762 de
1043 3688 1239 3776 Berniaco,
1254 3706 1291 3764 et
1305 3688 1528 3794 quibusdam
1543 3688 1622 3765 aliis
1637 3690 1684 3766 de
1699 3717 1859 3794 quorum

443 3818 656 3914 nominibus
671 3845 747 3893 non
761 3816 902 3906 recolit.
916 3817 1017 3894 Dixit
1037 3817 1152 3893 eciam
1171 3845 1238 3923 per
1251 3819 1505 3923 juramentum
1520 3848 1630 3896 suum
1644 3817 1762 3922 quod,
1779 3836 1862 3921 post

446 3947 579 4057 multas
594 3946 860 4053 promissiones
875 3946 922 4022 de
938 3948 1079 4024 statutis
1094 3948 1184 4024 dicti
1200 3948 1341 4026 ordinis
1357 3948 1611 4039 observandis,
1629 3948 1750 4025 dictus
1766 3976 1863 4024 rece-

447 4094 532 4181 ptor
546 4077 708 4154 ostendit
722 4077 793 4153 sibi
814 4076 1014 4182 quamdam
1034 4106 1183 4155 crucem
1198 4079 1235 4155 in
1250 4107 1324 4184 qua
1340 4097 1417 4156 erat
1435 4080 1578 4186 depicta
1597 4105 1730 4186 ymago
1748 4078 1862 4155 Jhesu

445 4206 600 4294 Christi,
619 4224 655 4282 et
678 4207 767 4286 lecit
791 4237 878 4284 eum
897 4208 1078 4315 abnegare
1097 4225 1156 4285 ter
1176 4227 1212 4285 et
1231 4237 1366 4316 spuere
1385 4228 1442 4286 ter
1463 4238 1573 4316 supra
1592 4237 1752 4287 crucem.
1766 4209 1865 4286 Dixit

448 4337 562 4414 eciam
584 4367 652 4442 per
665 4338 921 4443 juramentum
935 4368 1045 4416 suum
1065 4340 1167 4445 quod
1185 4339 1286 4415 idem
1306 4357 1477 4445 receptor
1495 4340 1662 4446 precepit
1676 4339 1746 4416 sibi
1763 4338 1865 4444 quod

448 4468 601 4544 omniuo
621 4467 858 4544 abstinereta
877 4469 1138 4545 commiscione
1159 4469 1379 4558 mulierum,
1408 4488 1445 4546 et
1464 4471 1493 4546 si
1515 4471 1744 4575 contingeret
1765 4467 1866 4573 quod

448 4597 558 4675 vellet
577 4597 723 4702 explere
748 4596 942 4674 libidinem
968 4626 1092 4685 suam,
1120 4599 1193 4677 hoc
1211 4600 1347 4678 laceret
1370 4629 1456 4678 cum
1475 4599 1600 4706 aliquo
1622 4600 1669 4677 de
1693 4596 1866 4675 iratribus

448 4724 541 4813 suis,
560 4743 598 4800 et
613 4754 689 4802 non
710 4755 795 4802 cum
816 4724 1049 4821 mulieribus.
1073 4730 1284 4833 Requisitus
1304 4747 1428 4807 utrum
1448 4729 1499 4818 vi,
1518 4727 1575 4805 vel
1588 4744 1695 4806 metu
1714 4724 1865 4803 carceris
