4230 5956
647 478 1287 572 vnoctsnnsrmvrmnns.
1424 589 1428 598 ¹
1631 507 1679 575 27

142 664 144 667 ’
253 636 403 743 injuste.
421 638 509 714 Post
524 665 599 746 que
614 638 799 747 imposuit
812 641 846 718 ei
863 639 1105 731 mantellum,
1122 642 1224 720 dicto
1236 640 1447 749 presbitero
1461 662 1680 751 aspergente

253 795 388 874 aquam
418 767 658 849 benedictam
682 800 795 879 supra
816 800 905 849 eum
930 790 968 850 et
991 772 1134 880 aliquas
1154 773 1346 851 oraciones
1372 772 1543 864 dicente,
1565 790 1604 850 et
1619 802 1680 853 re·

253 915 383 1006 ceptor
402 917 440 978 et
459 919 620 981 astantes
640 902 795 981 suerunt
811 933 901 981 eum
919 904 1075 983 osculati
1096 904 1135 981 in
1156 933 1234 983 ore.
1258 905 1345 998 Quo
1365 903 1482 994 facto,
1504 904 1681 982 instruxit

252 1057 342 1106 eum
362 1049 458 1139 quot
477 1034 589 1112 Pater
606 1051 719 1113 noster
739 1035 882 1112 diceret
900 1064 969 1143 pro
990 1034 1095 1114 horis
1115 1036 1209 1124 suis,
1229 1036 1335 1145 quod
1350 1035 1492 1145 jaceret
1506 1065 1597 1114 cum
1619 1065 1679 1114 ca-

252 1159 337 1269 ligis
357 1179 396 1238 et
414 1161 660 1246 femoralibus
685 1184 723 1244 et
749 1166 901 1244 camisia
925 1166 1052 1259 lineis,
1079 1196 1156 1245 una
1179 1166 1336 1246 cordula
1357 1168 1461 1245 unde
1485 1167 1599 1246 vellet
1624 1197 1681 1246 as·

174 1285 180 1292 ’
251 1307 401 1400 sumpta
420 1295 580 1388 cinctus,
593 1315 631 1376 et
642 1297 805 1407 qualiter
816 1316 966 1408 regeret
977 1329 1016 1377 se
1031 1300 1072 1376 in
1082 1300 1229 1378 ordine.
1244 1301 1420 1407 Postque
1435 1299 1475 1376 in
1485 1301 1679 1406 presencia

251 1424 509 1532 predictorum
529 1431 699 1537 precepit
717 1431 752 1508 ei
772 1431 878 1538 qnod
905 1417 1107 1540 abnegaret
1127 1432 1268 1524 Deum,
1291 1447 1329 1509 et
1352 1459 1399 1510 eo
1422 1431 1678 1538 respondente

250 1556 356 1663 quod
374 1558 448 1636 hoc
471 1587 549 1636 non
575 1558 731 1655 faceret,
753 1562 847 1640 dixit
872 1565 977 1671 quod
994 1565 1066 1645 hoc
1093 1563 1292 1672 oportebat
1314 1586 1402 1640 eum
1421 1560 1559 1653 facere,
1588 1563 1678 1668 quia

249 1686 336 1764 talis
349 1706 439 1766 -erat
462 1693 700 1771 consuetudo
728 1694 888 1788 ordinis,
915 1712 953 1773 et
975 1712 1067 1774 tunc
1094 1696 1174 1803 ipse
1199 1696 1305 1773 testis
1332 1693 1528 1805 abnegavit
1551 1693 1678 1772 Deum

251 1849 316 1900 ore
349 1849 427 1899 non
460 1823 591 1914 corde,
626 1843 671 1902 ut
699 1825 803 1902 dixit.
833 1827 982 1905 Deinde
1006 1828 1174 1934 precepit
1198 1827 1232 1905 ei
1261 1826 1366 1935 quod
1385 1841 1540 1932 spueret
1563 1853 1678 1932 super

250 1954 455 2060 quamdam
481 1985 629 2033 crucem
659 1957 822 2064 ligneam
849 1958 1011 2049 ibidem,
1041 1960 1160 2037 nescit
1182 1987 1252 2064 per
1279 1985 1413 2063 quem,
1442 1954 1611 2044 allatam,
1637 1955 1677 2031 in

250 2114 324 2192 qua
344 2085 449 2162 nulla
469 2103 551 2164 erat
575 2116 708 2196 ymago
736 2087 935 2179 Crucifixi,
959 2106 996 2166 et
1013 2090 1092 2195 ipse
1112 2089 1218 2168 testis
1235 2087 1343 2195 spuit
1365 2113 1443 2164 non
1469 2113 1582 2193 supra
1609 2087 1677 2164 sed

246 2213 351 2324 juxta
372 2243 466 2294 eam.
487 2219 734 2296 Postmodum
755 2220 924 2327 precepit
942 2219 976 2296 ei
996 2219 1102 2326 quod
1120 2218 1352 2296 oscularetur
1371 2245 1458 2294 eum
1484 2216 1525 2293 in
1549 2215 1677 2294 umbi-

250 2343 340 2436 lico,
358 2347 397 2423 in
418 2335 588 2454 quo⁰fuit
607 2377 696 2425 eum
714 2350 903 2427 osculatus
923 2378 1037 2458 super
1057 2350 1264 2440 camisiam
1286 2348 1357 2424 alia
1374 2346 1504 2426 illicita
1521 2375 1600 2425 non
1619 2349 1677 2425 in·

248 2494 491 2556 tervenerunt
508 2479 548 2556 in
570 2480 669 2558 dicta
688 2496 755 2558 sua
774 2480 994 2590 recepcione
1017 2479 1076 2559 vel
1096 2499 1193 2588 post.
1219 2480 1436 2588 Requisitus
1456 2479 1489 2556 si
1507 2479 1676 2586 predicta

249 2608 379 2688 illicita
409 2610 709 2691 interveniebant
738 2614 777 2689 in
806 2613 1094 2721 recepcionibus
1122 2614 1284 2693 aliorum
1318 2608 1477 2690 fratrum
1508 2610 1674 2706 ordinis,

249 2740 446 2848 respondit
460 2743 566 2850 quod
577 2744 784 2835 nesciebat,
803 2774 874 2822 nec
892 2745 1038 2822 viderat
1056 2744 1157 2837 fieri,
1179 2772 1250 2820 nec
1269 2742 1461 2819 audiverat
1476 2741 1551 2818 dici
1570 2742 1677 2847 quod

250 2872 401 2963 fierent,
422 2902 492 2951 nec
512 2875 652 2953 sciehat
677 2875 782 2982 quod
807 2876 994 2965 crederet,
1020 2892 1057 2952 et
1081 2875 1112 2951 si
1136 2873 1291 2952 forsitan
1312 2871 1612 2950 interveniebant
1635 2873 1674 2948 in

248 3005 535 3114 recepcionibus
549 3006 782 3114 aliquorum,
801 3034 879 3083 non
895 3007 1017 3085 credit
1029 2987 1135 3114 quod
1149 3005 1420 3082 intervenirent
1433 3004 1473 3081 in
1488 3002 1677 3111 recepcio-
1692 3024 1695 3030 ·

249 3137 364 3214 nibus
389 3137 580 3230 omnium,
602 3166 691 3215 nam
720 3137 864 3215 viderat
887 3137 926 3214 in
951 3138 1048 3215 dicta
1072 3135 1231 3243 capella,
1256 3165 1325 3242 per
1353 3133 1497 3218 dictum
1522 3133 1675 3211 fratrem

248 3261 489 3379 Philippum,
516 3268 631 3376 recipi
658 3267 810 3347 fratrem
837 3270 991 3348 Petrum
1012 3269 1128 3379 Agate
1150 3266 1359 3376 quondam,
1384 3282 1562 3374 nepotem
1583 3264 1675 3342 dicti

249 3402 430 3510 Philippi,
457 3403 500 3480 in
517 3400 656 3510 vigillis
684 3401 862 3511 Symonis
887 3419 926 3480 et
947 3402 1046 3479 Jude
1072 3398 1331 3510 apostolorum
1357 3397 1515 3477 fuerunt
1541 3398 1675 3476 decem

248 3534 337 3612 anni
371 3532 430 3610 vel
458 3533 570 3621 circa,
604 3533 844 3641 presentibus
872 3534 974 3613 dicto
1003 3515 1133 3612 curato
1159 3550 1197 3611 et
1220 3532 1399 3611 fratribus
1416 3529 1606 3609 Richardo
1627 3529 1675 3607 de

249 3663 868 3773 Sanquenvillaquondam,etaliis
879 3694 1045 3773 quorum
1057 3665 1213 3745 nomina
1225 3679 1263 3744 et
1276 3663 1499 3771 cognomina
1508 3660 1674 3771 ignorat;

249 3797 288 3874 in
309 3796 417 3905 cujus
429 3797 651 3905 recepcione
666 3796 784 3874 nichil
798 3798 892 3876 vidit
907 3798 991 3876 fieri
1008 3796 1208 3887 illicitum,
1224 3825 1295 3874 nec
1312 3794 1456 3873 audivit
1471 3795 1579 3901 quod
1589 3808 1676 3897 poet

248 3929 502 4007 interveniret.
519 3928 739 4019 Item,'dirit
750 3930 856 4038 quod
872 3931 952 4039 ipse
970 3929 1069 4018 bene
1088 3928 1266 4007 credebat
1283 3924 1541 4005 ecclesiasticis
1555 3949 1677 3999 sacra·

248 4061 403 4152 mentis,
420 4077 459 4138 et
472 4062 594 4141 credit
609 4062 715 4171 quod
730 4062 792 4139 alii
806 4062 938 4141 iratres
952 4062 1051 4139 bene
1068 4064 1282 4148 crederent,
1302 4074 1340 4133 et
1355 4054 1459 4163 quod
1474 4081 1608 4130 eorum
1620 4081 1677 4130 sa-

249 4192 419 4268 cerdotes
437 4193 564 4269 debite
583 4189 826 4276 celebrarent.
843 4194 1048 4270 Dicebatur
1065 4192 1119 4268 eis
1139 4189 1244 4296 quod
1265 4186 1390 4265 statim
1410 4214 1479 4294 pro
1499 4183 1676 4290 professis

249 4321 498 4398 habebantur.
517 4321 761 4401 Clandestine
776 4322 1068 4428 recipiebantur,
1079 4318 1197 4397 nullis
1208 4318 1451 4427 presentibus
1464 4316 1534 4394 nisi
1552 4314 1676 4393 fratri-

248 4455 321 4533 bus
331 4451 490 4544 ordinis,
509 4479 553 4529 ex
568 4480 645 4560 quo
662 4452 873 4532 habebatur
883 4453 1045 4560 suspicio
1058 4468 1189 4530 contra
1197 4479 1273 4529 eos.
1291 4449 1368 4546 Qui
1377 4449 1604 4528 revelassent
1619 4476 1677 4524 se-

249 4602 346 4664 creta
367 4584 618 4691 capitulorum
645 4585 769 4692 puniti
795 4585 969 4675 luissent,
1003 4584 1121 4662 nescit
1147 4582 1321 4691 qualiter.
1342 4580 1495 4688 Absque
1519 4579 1676 4657 licencia

249 4746 326 4796 non
345 4733 520 4825 poterant
537 4717 709 4796 confiteri
733 4719 806 4797 nisi
827 4717 1085 4797 sacerdotibus
1098 4715 1260 4805 ordinis,
1281 4716 1312 4794 si
1333 4743 1467 4793 eorum
1486 4709 1677 4791 habebant

250 4850 408 4957 copiam.
428 4849 597 4929 Scientes
618 4865 764 4931 errores
788 4850 944 4930 fuerunt
962 4850 1196 4959 negligentes
1219 4849 1307 4956 quia
1336 4876 1414 4927 non
1434 4860 1677 4925 correxerunt

1540 4985 1568 5049 lt.
