4230 5956
627 461 821 553 crocus
847 481 943 551 uns
969 476 1266 550 rnursmss
1580 477 1653 551 rso

241 624 401 700 Ecclesie
420 638 661 707 sacramenta,
684 621 779 696 etin
799 619 872 696 illis
891 619 1011 697 credit
1028 619 1198 706 firmiter,
1215 646 1284 693 nec
1293 616 1443 693 dubitat
1454 616 1656 695 Christico-

240 754 358 829 larum
376 768 414 827 et
430 752 553 827 Deum
572 750 786 826 timentium
804 776 928 827 veram
944 777 1022 825 esse
1038 749 1206 824 salutem.

295 883 398 959 Dixit
413 881 528 958 eciam
551 908 590 957 se
610 881 752 956 nescire
773 909 841 957 nec
861 879 1011 956 credere
1033 878 1137 983 quod
1155 879 1327 984 cuiquam
1345 876 1655 982 fratrircapellano

241 1029 279 1088 et
296 1012 503 1118 presbitero
524 1010 612 1087 dicti
633 1008 789 1098 ordinis,
811 1010 962 1115 quando
972 1010 1168 1086 missarum
1178 1007 1402 1112 sollempnia
1412 1005 1487 1112 agit
1502 1022 1539 1082 et
1559 1007 1657 1084 cele·

241 1141 338 1231 brat,
361 1140 601 1217 interdicatur
617 1139 664 1217 ab
684 1139 809 1244 aliquo
826 1139 1039 1244 presidente
1055 1139 1125 1243 ipsi
1139 1138 1260 1215 ordini
1276 1164 1323 1238 ne
1336 1136 1497 1242 perfecte
1511 1151 1548 1212 et
1562 1164 1659 1213 com·

242 1271 339 1377 plete
353 1270 538 1358 conficiat,
554 1267 771 1346 neve-verba
782 1255 914 1345 tradita
924 1297 945 1344 a
954 1268 1088 1344 sanctis
1102 1268 1266 1373 patribus
1284 1285 1321 1344 et
1336 1297 1356 1343 a
1369 1267 1532 1347 Domino
1543 1266 1658 1343 lhesu

242 1401 392 1479 Christo
404 1402 442 1476 in
453 1399 684 1478 confectione
695 1399 786 1475 sacri
798 1399 963 1502 corporis
976 1416 1014 1475 et
1023 1399 1181 1503 preciosi
1197 1398 1382 1505 sanguinis
1393 1399 1509 1474 Jhesu
1520 1396 1658 1475 Christi

243 1532 422 1608 dicantur.

167 1730 170 1735 .
298 1660 452 1737 Addidit
472 1661 591 1736 eciam
617 1688 745 1737 verum
780 1687 858 1736 esse
888 1661 1007 1765 quod,
1041 1678 1126 1766 post
1154 1660 1410 1765 recepcionem
1434 1659 1589 1734 fratrum
1612 1657 1659 1732 ad

243 1791 385 1869 dictum
411 1790 599 1880 ordinem,
616 1791 742 1896 jurant
763 1817 803 1866 se
823 1816 899 1865 non
917 1789 1130 1894 relinquere
1151 1806 1363 1894 susceptum
1384 1787 1553 1863 habitum
1571 1786 1660 1862 dieti

243 1921 386 1997 ordinis
400 1948 470 1995 nec
488 1921 611 2024 ipsum
631 1919 805 1996 ordinem
824 1945 891 2022 pro
912 1919 1058 1994 fortiori
1078 1918 1135 1993 vel
1155 1918 1329 1995 debiliori
1348 1916 1527 2023 religione
1547 1917 1662 2023 quali·

240 2051 321 2139 bet,
337 2051 408 2126 nisi
423 2050 637 2126 auctoritate
652 2048 709 2126 sui
725 2047 927 2153 superioris
941 2049 1013 2125 boc
1027 2047 1205 2137 facerent,
1222 2050 1280 2124 cui
1301 2063 1398 2125 esset
1410 2047 1523 2124 dandi
1535 2065 1661 2125 aucto-

242 2181 330 2257 ritas
350 2181 388 2255 in
407 2180 627 2286 religionem
648 2178 758 2255 eliam
772 2178 1002 2254 transeundi.

301 2309 501 2386 Confessus
520 2327 575 2386 est
595 2309 709 2384 eciam
727 2309 834 2414 'quod
849 2307 975 2384 statim
992 2308 1150 2384 habetur
1163 2334 1233 2413 pro
1248 2308 1415 2413 professo
1429 2311 1495 2414 qui
1508 2310 1555 2386 ad
1571 2338 1661 2386 eun-

245 2441 331 2514 dem
347 2440 520 2516 ordinem
540 2455 597 2515 est
611 2454 795 2543 receptus.

301 2567 359 2644 Ad
378 2568 556 2644 xl—lxxn
581 2567 756 2645 articulos
775 2567 969 2658 inclusive,
989 2568 1189 2674 diligenter
1209 2585 1245 2644 ct
1259 2568 1446 2674 sigillatim
1460 2570 1664 2675 interroga·

246 2717 321 2785 tus,
348 2700 492 2805 negavit
519 2700 619 2804 ipsos
643 2700 817 2776 articulos
842 2704 879 2775 et
903 2700 1030 2776 omnia
1046 2717 1083 2775 et
1101 2699 1245 2806 singula
1265 2716 1434 2776 contenta
1454 2699 1493 2774 in
1519 2699 1587 2785 eis,
1616 2726 1661 2775 eo

246 2829 343 2905 salvo
364 2829 468 2933 quod
488 2829 555 2904 scit
575 2846 612 2905 et
632 2829 751 2905 credit
768 2828 888 2933 quod,
914 2845 1109 2934 postquam
1127 2846 1214 2905 sunt
1232 2827 1361 2904 fratres
1379 2827 1519 2932 recepti
1537 2828 1585 2904 ad
1604 2826 1663 2902 di-

247 2976 347 3034 ctum
368 2958 554 3046 ordinem,
572 2959 778 3065 injungitur
792 2958 933 3035 eisdem
951 2959 1207 3064 arecipiente,
1230 2974 1268 3034 et
1288 2957 1341 3034 sic
1360 2975 1415 3034 est
1434 2957 1483 3034 de
1501 2984 1611 3033 more*
1626 2975 1664 3033 et
1682 2976 1686 2985 '

248 3089 516 3166 consuetudine
542 3089 630 3165 dicti
656 3089 813 3177 ordinis,
836 3107 880 3166 nt
905 3090 1044 3194 recepti
1070 3106 1254 3170 assumant
1278 3104 1316 3164 et
1335 3088 1530 3193 recipiant,
1554 3104 1665 3194 prout

246 3218 384 3322 placet,
406 3219 578 3296 cordulas
591 3220 771 3325 quasdam
790 3220 837 3296 de
851 3221 930 3297 lino
943 3219 1002 3296 vel
1017 3220 1065 3296 de
1078 3247 1217 3325 canape
1229 3235 1293 3295 aut
1312 3219 1359 3295 de
1378 3218 1478 3307 lana,
1495 3235 1594 3296 certe
1605 3218 1665 3296 vel
1721 3201 1724 3208 f

247 3349 383 3425 incerte
396 3377 584 3437 mensure,
596 3349 736 3454 quibus
755 3348 816 3426 die
833 3366 1022 3454 noctuque
1034 3349 1218 3454 precincti
1230 3349 1321 3437 sint,
1334 3348 1455 3452 'eciam
1470 3349 1563 3425 dum
1578 3349 1667 3425 dor·

248 3479 368 3554 iniunt
381 3478 438 3555 vel
458 3478 675 3567 comedunt,
693 3479 732 3554 in
747 3480 893 3586 signum
906 3479 1088 3584 promisse
1105 3508 1125 3554 a
1141 3508 1180 3555 se
1201 3479 1375 3556 castitatis
1388 3477 1664 3554 manutenende

248 3624 287 3684 et
304 3609 482 3685 servande
501 3609 589 3684 totis
609 3608 843 3714 temporibus
864 3609 935 3683 vite
961 3635 1040 3683 sne.
1221 3709 1224 3713 „

303 3737 448 3842 Adjecit
470 3754 594 3811 tamen
620 3751 659 3810 et
680 3736 772 3810 dixit
794 3737 1004 3840 quodcum
1030 3735 1137 3810 dictis
1163 3736 1328 3813 cordulis
1355 3764 1424 3813 nec
1450 3737 1567 3841 capita
1596 3765 1665 3814 nec

247 3865 356 3972 ydola
371 3865 420 3941 de
436 3865 575 3970 quibus
594 3865 634 3941 in
648 3864 812 3944 articulis
826 3864 949 3970 agitur
960 3881 1164 3971 tanguntur
1179 3893 1249 3942 nec
1268 3867 1478 3974 cinguntur,
1496 3867 1563 3944 sed
1576 3868 1666 3944 sim·

249 3996 397 4101 pliciter
422 4012 460 4072 et
486 4023 572 4072 cum
597 4018 693 4100 puro
712 3994 902 4073 intellectu
928 3995 1043 4072 dictas
1067 3995 1238 4073 cordulas
1261 3998 1447 4103 recipiunt
1466 3998 1561 4074 sicut
1589 3996 1665 4104 pla·

126 4123 129 4127 ⁵
249 4143 322 4213 cet,
346 4144 383 4202 et
401 4152 461 4202 eas
479 4142 629 4230 portant
648 4126 819 4231 quandiu
837 4127 979 4232 integre
999 4143 1244 4234 perseverant.
1267 4128 1331 4206 Eis
1346 4146 1469 4204 autem
1488 4145 1666 4206 vetustate

248 4255 306 4333 vel
320 4254 425 4331 aliter
439 4256 637 4361 corruptis,
650 4256 804 4334 licenter
817 4255 905 4334 alias
920 4255 1288 4362 cordulasrecipiunt
1301 4259 1482 4366 cujusque
1494 4258 1663 4346 materie,

250 4386 368 4463 eciam
383 4386 429 4461 de
448 4387 610 4491 jonquo,
624 4387 664 4461 si
686 4388 802 4493 magis
824 4387 983 4492 placeat3
1004 4414 1073 4463 nec
1092 4387 1132 4461 in
1152 4386 1224 4464 boc
1243 4387 1411 4466 voluntas
1425 4387 1593 4494 specialis
1608 4415 1669 4465 re-

249 4515 413 4620 quiritur
430 4517 657 4620 preceptoris
675 4516 734 4594 vel
752 4516 900 4593 ulterius
918 4517 1151 4622 presidentis.

305 4644 461 4722 Addidit
485 4645 601 4721 eciem
623 4646 742 4751 quod,
771 4663 856 4751 post
874 4676 980 4724 suam
1003 4648 1277 4753 recepcionem,
1299 4649 1508 4756 injungitur
1524 4648 1669 4727 noviter

250 4776 409 4881 receptis
436 4776 484 4852 ed
511 4774 702 4866 ordinem,
728 4776 867 4884 absque
894 4794 1122 4855 sacramento
1151 4777 1297 4885 aliquo,
1323 4806 1372 4856 ne
1388 4777 1449 4855 illa
1476 4807 1553 4887 que
1570 4797 1666 4870 acta,

336 4924 442 4982 rnocts
458 4941 511 4983 nes
526 4941 698 4985 reuertens.
709 4956 750 4972 -
765 4944 798 4984 ιι.
1461 4923 1498 4988 62
