4268 5946
692 452 886 544 raocns
912 470 1007 541 nas
1032 468 1328 541 rnurnrnns.
1641 472 1709 541 aar

361 609 449 686 Acta
460 624 548 685 sunt
559 607 629 685 bec
639 607 968 700 anno‚indicione,
980 636 1125 697 mense,
1137 608 1215 699 die,
1228 606 1446 712 pontificatu
1457 620 1493 681 et
1502 604 1585 682 loeo
1595 608 1717 712 predi·

304 741 383 829 ctis,
395 738 630 845 presentibus
641 737 751 815 lratre
761 738 968 817 Guillelmo
984 739 1125 843 priore,
1139 737 1316 814 fratribus
1325 736 1478 841 Hugone
1487 734 1534 810 de
1544 735 1716 828 Noailles,

304 869 506 948 Guillelmo
521 869 690 947 Durandi
711 869 855 946 ordinis
874 887 910 946 et
927 885 1127 946 conventus
1145 867 1419 944 Predicatorum
1440 864 1717 957 Parisiensium,

307 999 460 1077 domino
477 1002 635 1105 Hugone
653 998 699 1073 de
714 997 817 1075 Cella
840 998 974 1090 milite,
994 1017 1031 1075 et
1049 995 1250 1076 Guillelmo
1268 997 1315 1073 de
1333 998 1511 1100 Cboques
1529 996 1607 1071 cive
1628 997 1722 1073 Pari-

306 1131 434 1216 siensi,
459 1146 495 1204 et
517 1128 689 1233 pluribus
708 1128 787 1204 aliis
806 1128 965 1206 testibus
983 1128 1031 1204 ad
1051 1129 1121 1204 bec
1139 1127 1275 1204 vocatis
1293 1125 1502 1230 specialiter
1521 1143 1560 1202 et
1573 1128 1719 1234 mgatis.

362 1390 410 1465 Et
428 1415 497 1493 ego
515 1386 674 1462 lacobus
701 1387 748 1461 dc
773 1387 919 1464 Virtute
942 1387 1097 1463 clericus
1123 1386 1428 1463 Cathalaunensis
1447 1384 1624 1473 diocesis,
1654 1416 1723 1493 pu-

307 1518 427 1595 blicus
463 1513 644 1618 imperiali
676 1515 891 1618 auctoritate
922 1516 1106 1601 notarius,
1137 1515 1327 1619 premissis
1362 1512 1656 1594 confessionibus
1686 1537 1723 1594 et

307 1645 482 1723 omnibus
496 1643 578 1720 aliis
602 1659 640 1718 et
659 1642 837 1749 singulis,
858 1661 971 1747 prout
989 1645 1028 1719 in
1047 1644 1208 1747 presenti
1222 1661 1317 1719 carta
1337 1672 1404 1720 seu
1420 1646 1524 1748 pecia
1539 1662 1577 1721 et
1593 1646 1722 1721 imme·

308 1775 406 1851 diate
417 1773 631 1879 precedenti
642 1772 749 1878 signo
762 1799 847 1849 meo
860 1771 1011 1877 signatis
1026 1773 1273 1858 continentur,
1288 1801 1360 1848 una
1372 1800 1457 1849 cum
1467 1775 1721 1880 suprascriptis

307 1904 464 1982 testibus
482 1920 520 1980 et
541 1902 723 2007 magistris
738 1899 881 1978 Amisio
897 1901 945 1978 de
962 1901 1162 1979 Aureliano
1176 1919 1213 1978 et
1225 1900 1406 1978 Gaufrido
1417 1903 1607 2006 Enguelor
1621 1903 1721 1981 dicto

308 2033 467 2136 Chalop,
490 2030 641 2108 notariis
657 2029 832 2136 publicis,
854 2057 1006 2133 presens
1025 2029 1195 2116 interfui,
1217 2046 1271 2115 et,
1293 2030 1341 2105 de
1360 2032 1536 2109 mandato
1556 2034 1645 2109 dicti
1666 2036 1723 2110 in-

308 2162 515 2268 quisitoris,
533 2160 621 2237 huic
636 2159 883 2235 instrumento
902 2186 962 2234 me
983 2158 1183 2264 subscripsi
1195 2159 1235 2234 in
1249 2160 1504 2237 testimonium
1521 2165 1719 2265 premisso-

310 2321 409 2379 rum,
429 2292 609 2397 signoque
630 2316 715 2367 meo
735 2287 872 2394 signavi
894 2306 1056 2393 rogatus.

363 2557 409 2633 Et
418 2582 488 2660 ego
496 2552 660 2631 Amisius
669 2552 718 2628 de
726 2550 929 2629 Aureliano
939 2552 1061 2628 dictus
1076 2552 1111 2629 le
1122 2550 1235 2639 llatil,
1248 2553 1420 2639 clericus,
1431 2570 1638 2629 sacrosante
1652 2554 1724 2630 llo-

308 2712 416 2761 mane
441 2682 595 2760 ecclesie
615 2682 832 2760 auctoritate
853 2682 1018 2759 notarius
1041 2680 1229 2785 publicus,
1250 2680 1424 2758 omnibus
1449 2699 1486 2756 et
1507 2682 1665 2789 singulis
1683 2683 1722 2757 in

308 2816 377 2891 hac
390 2831 427 2889 et
443 2811 728 2918 precedentibus
739 2811 855 2916 peciis
865 2811 972 2916 signo
986 2836 1071 2886 meo
1082 2811 1230 2917 signatis
1246 2811 1442 2897 contentis,
1455 2838 1625 2887 unacum
1642 2812 1724 2887 scri-

309 2945 382 3050 ptis
396 2943 553 3021 testibus
568 2960 605 3019 et
616 2942 768 3019 notariis
784 2940 958 3046 publicis,
971 2966 1125 3046 presens
1135 2940 1304 3032 interlui,
1316 2969 1373 3026 ac,
1388 2940 1435 3016 de
1451 2940 1721 3017 mandatodicti

310 3073 554 3180 inquisitoris,
580 3073 620 3147 in
639 3072 711 3149 boc
730 3071 977 3149 instrumento
997 3099 1059 3148 me
1081 3070 1280 3178 subscripsi
1306 3072 1342 3146 in
1367 3069 1619 3146 testimonium
1638 3098 1725 3176 pre-

311 3202 526 3292 missorum,
552 3201 722 3308 illudque
736 3229 823 3279 meo
838 3202 943 3305 signo
962 3200 1073 3280 solito
1092 3200 1228 3307 signavi
1250 3219 1411 3306 rogatus.

368 3467 408 3540 ln
428 3465 581 3542 nornine
600 3464 752 3543 Domini
773 3494 893 3543 amen.
919 3464 1028 3541 Anno
1057 3464 1225 3571 ejusdem
1250 3466 1402 3543 Domini
1427 3464 1625 3541 millesimo
1646 3482 1727 3541 ccrz⁰
1781 3558 1784 3563 Ι

311 3594 492 3700 septimo,
518 3593 706 3672 indicione
730 3614 850 3683 sexta,
873 3623 1002 3671 mense
1031 3594 1241 3680 novembri,
1271 3595 1440 3700 ejusdem
1467 3595 1605 3669 mensis
1628 3620 1724 3670 nona

312 3722 393 3811 die,
415 3724 651 3830 pontificatus
670 3724 888 3801 sanctissimi
912 3725 1027 3828 patris
1051 3741 1088 3799 et
1114 3722 1256 3801 domini
1278 3722 1421 3799 domini
1444 3721 1647 3801 Clementis
1668 3721 1725 3797 di-

312 3853 393 3929 vina
407 3834 647 3959 providencia
659 3880 754 3958 pape
768 3853 889 3959 quinti
905 3880 1004 3929 anno
1017 3852 1199 3941 secundo,
1220 3853 1259 3928 in
1271 3851 1434 3959 religiosi
1444 3852 1510 3927 viri
1530 3852 1651 3928 fratris
1666 3852 1726 3928 Ni-

313 3978 406 4056 colai
435 3982 482 4058 de
510 3981 679 4058 Anisiaco
702 3980 944 4059 commissarii
971 3980 1092 4058 fratris
1110 3981 1301 4060 Guillelmi
1330 3981 1377 4057 de
1403 3981 1562 4056 Parisius
1585 3978 1726 4057 ordinis

313 4107 609 4197 Predicatorum,
625 4110 854 4216 inquisitoris
872 4112 1034 4188 heretice
1051 4112 1462 4216 pravitatisauctoritate
1477 4110 1675 4217 apostolica
1688 4112 1725 4188 in

315 4264 428 4343 regno
448 4238 601 4314 Francis
621 4240 803 4346 deputati,
827 4242 866 4316 in
887 4241 1000 4317 domo
1016 4240 1154 4317 milicie
1170 4238 1319 4345 Templi
1340 4240 1499 4319 Parisios
1516 4270 1585 4348 pro
1604 4243 1727 4348 inqui-

314 4364 429 4442 rendo
449 4382 577 4443 contra
597 4369 776 4474 quasdam
788 4396 965 4474 personas
982 4370 1070 4445 dicti
1093 4368 1237 4446 ordinis
1255 4370 1464 4461 existentes,
1487 4370 1609 4449 eidem
1627 4371 1727 4447 dela·

314 4513 366 4570 tas
383 4496 609 4600 superdicto
628 4497 799 4587 crimine,
817 4499 1018 4588 existentis,
1033 4516 1198 4575 nostrum
1207 4501 1434 4579 notariorum
1446 4502 1680 4607 publicorum
1691 4520 1728 4578 et

314 4624 628 4732 infrascriptorum
639 4629 791 4705 testium
803 4630 992 4735 presencia
1004 4629 1248 4736 personaliter
1258 4632 1476 4708 constitutus
1495 4631 1606 4708 frater
1621 4634 1727 4740 Hugo

314 4754 361 4832 de
376 4756 545 4834 Paraudo
563 4756 670 4835 miles
687 4758 773 4836 dicti
788 4760 947 4849 ordinis,
962 4778 1000 4841 et
1016 4760 1181 4839 visitator
1194 4762 1363 4851 Francis,
1379 4761 1527 4869 juratus
1543 4762 1591 4840 ad
1604 4780 1727 4840 sancta

399 4916 504 4974 raocks
519 4933 572 4974 oss
587 4933 851 4979 τωρωι-ιι.
1518 4918 1559 4993 46
