4230 5956
731 453 925 545 rancus
951 469 1046 541 nus
1071 469 1365 543 Tnurmnns.
1683 476 1751 548 351

347 638 383 697 et
401 616 613 725 ymaginem
632 612 816 717 predictas
838 627 907 697 ter,
928 608 1177 686 dicentessibi
1192 609 1296 715 quod
1314 610 1480 687 hocerat
1498 628 1676 687 statutum
1696 642 1757 691 or-

346 748 452 823 dinis.
475 744 550 822 Sed
570 743 648 848 ipse
670 740 790 819 noluit
812 739 1010 844 abnegare,
1035 767 1104 814 nec
1127 737 1332 844 predictam
1356 739 1587 843 spuicionem
1607 740 1694 818 lecit
1714 770 1756 819 ex

345 877 476 964 corde,
498 890 541 950 ut
555 873 662 963 dixit3
685 889 723 949 et
742 871 833 948 dixit
848 898 922 974 per
936 872 1192 978 juramentum
1212 899 1321 946 suum
1335 871 1440 976 quod
1456 871 1533 975 ipse
1553 871 1683 975 pocius
1699 901 1759 949 vo·

344 1006 475 1083 luisset
492 1003 596 1110 quod
616 1029 808 1107 nunquam
828 999 959 1076 luisset
975 1000 1069 1076 ordo
1090 1000 1256 1104 Templi;
1272 1001 1338 1078 sed
1353 1000 1432 1105 ipse
1448 1001 1625 1077 remansit
1641 1001 1681 1077 in
1694 1029 1756 1090 eo,

345 1162 413 1239 pro
434 1160 479 1209 eo
501 1131 605 1237 quod
623 1130 785 1208 habebat
808 1128 955 1234 aliquos
979 1129 1119 1205 amicos
1138 1129 1176 1204 in
1199 1129 1333 1206 eodem
1355 1130 1487 1207 ordine
1506 1129 1570 1236 qui
1590 1128 1760 1208 lecerunt

347 1291 435 1339 eum
454 1261 587 1366 recipi,
608 1288 704 1365 quos
724 1261 801 1365 ipse
822 1258 937 1335 modo
953 1277 1107 1365 propter
1121 1257 1258 1335 lactum
1279 1258 1498 1364 hujusmodi
1519 1258 1589 1336 sibi
1604 1285 1680 1336 non
1699 1286 1759 1335 rc-

346 1408 452 1496 putat
470 1389 619 1466 amicos.

400 1521 493 1596 ltem
513 1518 605 1594 dixit
624 1546 691 1623 per
704 1518 959 1623 juramentum
979 1545 1090 1593 suum
1112 1517 1216 1622 quod
1235 1517 1418 1623 recipiens
1436 1516 1524 1593 lecit
1546 1544 1585 1593 se
1600 1518 1758 1593 osculari

347 1648 392 1723 ab
413 1675 458 1724 eo
479 1648 602 1723 inore
623 1664 661 1723 et
680 1647 719 1721 in
738 1647 937 1734 umbilico,
958 1663 995 1724 et
1014 1647 1180 1751 precepit
1207 1645 1278 1723 sibi
1299 1646 1403 1752 quod
1423 1645 1653 1723 oscularetur
1671 1672 1757 1722 cum

347 1779 384 1852 in
399 1793 503 1880 parte
522 1776 720 1880 posteriori
742 1776 781 1851 in
801 1777 876 1853 sme
897 1777 1002 1883 spine
1025 1776 1146 1865 dorsi,
1169 1776 1236 1852 sed
1258 1777 1336 1880 ipse
1362 1775 1486 1851 noluit
1505 1773 1635 1851 lacere.

401 1906 495 1981 ltem
516 1904 608 1980 dixit
622 1905 726 2010 quod
743 1905 862 1981 credit
881 1905 985 2010 quod
1002 1904 1064 1980 alii
1086 1904 1217 1980 fratres
1243 1903 1332 1979 dicti
1351 1904 1496 1980 ordinis
1514 1903 1630 1979 modo
1644 1902 1756 1979 simili

347 2034 582 2137 recipiantur.

242 2139 245 2145 Ι
402 2163 495 2237 ltem
516 2160 609 2237 dixit
626 2188 694 2265 per
707 2161 962 2266 juramentum
978 2188 1087 2236 suum
1103 2160 1206 2265 quod
1220 2161 1273 2247 vi,
1287 2160 1345 2236 vel
1366 2176 1471 2236 metu
1486 2177 1757 2237 tormentorum

346 2290 404 2365 vel
423 2289 511 2364 alias
535 2316 611 2366 non
637 2288 729 2365 dixit
753 2289 854 2365 aliud
881 2317 993 2394 quam
1019 2288 1232 2376 veritatem,
1261 2316 1330 2364 nec
1358 2290 1397 2364 in
1424 2288 1613 2393 premissis
1634 2289 1759 2365 immi-

347 2419 442 2496 scuit
460 2419 623 2524 aliquam
642 2417 853 2507 lalsitatem,
876 2435 913 2493 et
936 2417 1039 2522 quod
1059 2446 1200 2493 meram
1220 2419 1414 2495 veritatem
1435 2418 1526 2494 dixit
1551 2448 1620 2525 pro
1638 2420 1756 2497 salute
1783 2400 1786 2407 Ι

347 2575 468 2625 ammo
488 2576 566 2625 sue.

402 2806 495 2882 ltem
515 2805 626 2883 frater
645 2805 802 2883 lacobus
828 2806 876 2883 de
897 2805 1117 2894 Crumellis,
1140 2806 1248 2883 etatis
1267 2832 1334 2885 xtv
1354 2833 1538 2883 annorum
1565 2806 1623 2883 vel
1642 2808 1755 2896 circa,

346 2962 494 3011 morans
511 2950 548 3010 et
563 2962 764 3039 procurans
780 2935 818 3009 in
839 2934 954 3010 domo
976 2932 1269 3021 suessionensis,
1295 2933 1430 3009 eodem
1445 2935 1561 3011 modo
1581 2937 1760 3015 constitu·
1823 2948 1826 2953 ’

345 3082 423 3155 tus,
439 3062 587 3168 juratus
603 3081 640 3138 et
653 3062 870 3167 requisitus,
894 3061 985 3138 dixit
1002 3090 1070 3166 per
1079 3062 1338 3169 juramentum
1357 3091 1467 3139 suum
1488 3064 1592 3169 quod
1607 3062 1647 3140 in
1663 3064 1757 3145 sesto

344 3192 443 3269 beati
463 3191 716 3269 Bartholomei
736 3189 869 3268 ultimo
891 3190 1077 3295 preteriti,
1099 3189 1255 3267 fuerunt
1274 3209 1357 3268 octo
1378 3191 1465 3267 anni
1485 3192 1588 3298 quod
1609 3191 1681 3270 fuit
1699 3222 1759 3273 re-

346 3340 474 3428 ceptus
494 3321 532 3398 in
553 3320 651 3398 dicta
670 3321 784 3399 domo
803 3349 871 3425 per
890 3319 1040 3398 fratrem
1067 3320 1277 3397 Johannem
1305 3322 1352 3398 de
1375 3322 1541 3428 Cernayo
1568 3341 1761 3430 precepto-

345 3480 426 3530 rem
440 3467 530 3528 tunc
551 3451 649 3528 dicte
669 3450 822 3540 domus,
839 3450 1075 3555 presentibus
1095 3448 1207 3527 fratre
1223 3449 1391 3528 Gerardo
1411 3442 1538 3528 milite*
1552 3452 1640 3529 dicti
1660 3453 1761 3530 ordi-

349 3582 424 3670 nis,
440 3581 552 3658 lratre
571 3579 736 3658 Roberto
756 3579 945 3684 capellano
966 3579 1064 3656 dicte
1081 3580 1216 3656 domus
1236 3598 1273 3656 et
1292 3580 1518 3685 quibusdam
1534 3580 1626 3656 aliis.

402 3714 495 3786 ltem
526 3708 618 3786 dixit
643 3737 710 3814 per
729 3710 986 3814 juramentum
1006 3736 1117 3786 suum
1137 3708 1260 3813 quod,
1291 3735 1335 3783 co
1355 3725 1524 3813 recepto,
1546 3709 1759 3815 jurmnento

346 3840 502 3944 prestito
521 3839 568 3916 ab
587 3839 723 3916 eodem
744 3839 791 3914 de
812 3838 957 3915 statutis
976 3855 1014 3915 et
1033 3837 1185 3915 secretis
1204 3836 1347 3915 ordinis
1363 3836 1617 3925 observandis,
1639 3837 1761 3915 dictus

348 3967 454 4043 miles
472 3968 599 4073 posuit
617 3967 686 4044 sibi
707 3966 927 4044 mantellum
946 3966 995 4043 ad
1014 3963 1151 4044 collum
1167 3966 1215 4043 de
1234 3966 1409 4043 mandato
1429 3966 1656 4072 preceptoris
1673 3995 1759 4071 pre-

349 4093 457 4184 dicti,
480 4113 518 4171 et
536 4112 627 4171 tunc
641 4095 762 4173 dictus
776 4096 889 4173 frater
907 4096 1097 4174 lohannes
1113 4096 1240 4201 posuit
1258 4122 1390 4172 omnes
1408 4096 1500 4172 alios
1513 4095 1645 4174 fratres
1660 4112 1760 4173 extra

349 4223 560 4312 ecclesiam,
583 4243 621 4301 et
634 4226 788 4302 retinuit
801 4227 923 4330 ipsum
944 4226 1008 4331 qui
1027 4225 1196 4331 loquitur
1210 4226 1248 4299 in
1265 4224 1435 4313 ecclesia,
1457 4242 1495 4302 et
1512 4226 1643 4303 clausit
1658 4254 1758 4311 eam,

349 4353 685 4431 etduxiteumdem
701 4355 852 4431 lratrem
868 4354 1047 4431 Jacobum
1055 4370 1155 4429 retro
1165 4352 1294 4439 altare,
1306 4370 1344 4430 et
1358 4354 1522 4431 ostendit
1540 4355 1612 4433 sibi
1627 4382 1761 4460 quam·

351 4482 435 4558 dam
458 4511 606 4559 crucem
625 4483 786 4591 ligneam
809 4511 895 4559 cum
915 4482 1036 4587 effigie
1055 4482 1171 4558 lhesu
1190 4481 1344 4571 Christi,
1367 4483 1494 4561 dicens
1514 4484 1584 4560 sibi
1605 4515 1614 4559 ε
1635 4484 1759 4578 Quem

350 4612 472 4690 credis
490 4629 533 4690 tu
552 4613 654 4719 quod
669 4614 718 4689 sit
735 4613 803 4690 iste
824 4613 929 4718 cujus
948 4612 1159 4719 ymaginem
1178 4613 1281 4690 vides
1300 4612 1384 4689 hiel
1403 4615 1451 4691 Et
1469 4613 1547 4720 ipse
1560 4614 1626 4720 qui
1640 4614 1761 4721 loqui·

346 4757 408 4816 tur
420 4742 489 4819 sibi
501 4741 803 4846 responditquod
815 4758 892 4819 erat
901 4770 1032 4849 ymago
1043 4744 1158 4819 Jhesu
1173 4742 1310 4820 Christi
1320 4743 1384 4849 qui
1395 4771 1522 4848 passus
1531 4743 1652 4822 luerat
1667 4744 1706 4820 in
1715 4771 1758 4820 ea
