4230 5956
464 456 538 530 tot
847 435 1043 526 aaoots
1068 453 1164 526 nus
1190 453 1485 531 annotinas.

461 595 653 673 Trecensis
674 592 847 680 diocesis,
864 619 933 697 per
946 592 1097 670 fratrem
1113 596 1308 701 Hugonem
1325 595 1371 670 de
1395 594 1563 670 Paraudo
1574 611 1664 670 tunc
1683 615 1875 704 precepto·

460 752 540 801 rem
561 724 608 799 de
632 718 754 808 Pailli,
770 720 1007 826 presentibus
1025 722 1197 826 pluribus
1214 722 1389 799 fratribus
1407 723 1494 799 dicti
1515 723 1656 801 ordinis
1673 724 1719 801 de
1738 727 1875 831 quibus

460 880 534 929 non
553 849 683 927 recolit
699 851 743 926 ad
760 879 924 956 presens.
944 852 1046 928 Dixit
1059 853 1175 929 eciam
1190 881 1258 958 per
1267 855 1522 959 juramentum
1537 881 1646 931 suum
1660 854 1774 961 quod,
1791 874 1875 960 post

461 980 596 1061 multas
610 981 876 1087 promissiones
895 982 942 1057 de
962 983 1104 1058 statutis
1129 1001 1167 1058 et
1190 984 1342 1059 secretis
1367 982 1453 1059 dicti
1477 981 1619 1061 ordinis
1638 983 1876 1061 observandis

460 1112 505 1189 ab
532 1139 577 1189 eo
602 1111 730 1199 factas,
753 1127 791 1186 et
809 1111 988 1187 mantello
1014 1110 1061 1186 ad
1089 1111 1230 1189 collum
1255 1141 1365 1188 suum
1385 1114 1522 1219 posito,
1542 1114 1665 1190 'dictus
1694 1114 1876 1218 recipiens

460 1241 622 1321 ostendit
644 1242 713 1319 sibi
731 1241 941 1349 ymaginem
960 1241 1075 1318 lhesu
1094 1240 1233 1319 Christi
1260 1243 1444 1348 depictam
1468 1245 1508 1319 in
1531 1245 1695 1350 quodam
1721 1244 1873 1327 missali,

460 1390 498 1450 et
516 1374 683 1479 precepit
700 1373 770 1451 sibi
792 1373 895 1478 quod
915 1373 1067 1448 lhesum
1088 1370 1278 1449 Christum
1303 1374 1519 1482 abnegaret,
1547 1393 1583 1453 et
1607 1374 1710 1480 quod
1726 1393 1877 1480 spueret

460 1532 570 1610 supra
596 1531 744 1580 crucem
764 1520 802 1581 et
828 1530 936 1608 supra
957 1503 1185 1611 ymaginem,
1218 1521 1255 1579 et
1278 1504 1351 1580 hoc
1376 1506 1454 1610 ipse
1488 1504 1575 1581 fecit
1598 1506 1701 1581 testis
1725 1504 1876 1609 plorans

460 1633 612 1722 invitus,
645 1650 681 1709 et
705 1631 794 1708 dixit
811 1662 880 1736 per
898 1632 1152 1737 juramentum
1172 1659 1282 1708 suum
1303 1633 1404 1739 quod
1426 1633 1545 1709 dictus
1562 1634 1745 1739 recipiens
1769 1661 1875 1710 oscu-

461 1763 557 1840 latus
575 1762 648 1839 fuit
661 1764 782 1867 ipsum
799 1762 837 1837 in
849 1760 971 1837 tribus
991 1761 1098 1848 locis,
1117 1760 1289 1838 videlicet
1302 1761 1342 1837 in
1353 1762 1429 1839 line
1443 1763 1548 1867 spine
1564 1762 1682 1850 dorsi,
1700 1763 1737 1837 in
1753 1763 1876 1838 umbi-

461 1890 534 1967 lico
549 1908 587 1966 et
603 1892 639 1965 in
656 1918 731 1968 ore.
744 1891 846 1967 Dixit
864 1890 978 1967 eciam
992 1918 1060 1994 per
1068 1890 1325 1996 juramentum
1341 1918 1450 1967 suum
1468 1892 1573 1995 quod
1584 1891 1792 1997 injunctum
1806 1891 1876 1968 luit

463 2021 533 2099 sibi
547 2022 750 2126 peripsum
767 2021 1007 2123 recipientem
1020 2017 1123 2122 quod
1134 2019 1162 2094 si
1174 2019 1274 2095 calor
1284 2018 1459 2095 naturalis
1473 2036 1640 2096 moveret
1653 2048 1759 2107 eum,
1772 2021 1876 2125 quod

463 2151 720 2228 commisceret
732 2175 771 2226 se
791 2175 876 2223 carm
896 2145 1071 2220 fratribus
1091 2144 1179 2220 dicti
1200 2145 1355 2223 ordinis.
1372 2149 1620 2254 lnterrogatus
1635 2147 1681 2224 de
1699 2151 1817 2254 capite
1830 2151 1875 2226 do

463 2309 540 2386 quo
554 2281 598 2357 fit
611 2308 720 2385 supra
741 2276 904 2363 mencio,
928 2273 1021 2349 dixit
1034 2301 1102 2378 per
1108 2273 1366 2380 juramentum
1379 2304 1490 2353 suum
1504 2276 1608 2383 quod
1622 2277 1716 2353 vidit
1727 2277 1822 2354 illud
1837 2281 1875 2353 in

464 2428 605 2514 septem
627 2406 884 2514 capitulisque
900 2402 1122 2479 tenebantur
1135 2430 1155 2477 a
1169 2402 1281 2479 fratre
1300 2404 1459 2509 Hugone
1479 2405 1527 2482 de
1547 2406 1715 2484 Paraudo
1736 2425 1773 2483 et
1791 2410 1875 2513 qui-

463 2541 622 2618 busdam
638 2539 731 2617 aliis.
758 2538 1006 2642 Interrogatus
1032 2532 1191 2638 qualiter
1215 2533 1406 2622 adoratur,
1430 2534 1521 2611 dixit
1539 2563 1607 2640 per
1621 2541 1874 2644 juramentum

464 2700 575 2749 suum
589 2671 691 2779 quod
708 2697 754 2746 eo
765 2685 914 2746 ostenso
929 2692 1060 2754 ornnes
1070 2680 1257 2768 prostrant
1271 2692 1310 2740 se
1325 2664 1373 2739 ad
1383 2680 1536 2754 terram,
1560 2683 1597 2743 et
1612 2666 1747 2743 amotis
1767 2695 1877 2772 capu·

465 2803 530 2880 ciis
538 2802 694 2881 adorant
709 2799 816 2878 illud.
827 2800 1076 2904 Interrogatus
1086 2793 1322 2903 cujusligure
1337 2811 1409 2884 est,
1431 2794 1525 2872 dixit
1540 2824 1609 2900 per
1617 2796 1874 2901 juramentum

464 2960 575 3013 suum
604 2932 709 3038 quod
727 2931 777 3005 ita
797 2945 853 3006 est
870 2927 1050 3005 terribilis
1070 2926 1189 3033 figure
1212 2942 1250 3002 et
1270 2943 1440 3031 aspectus
1463 2926 1566 3032 quod
1588 2924 1786 3002 videbatur
1806 2927 1875 3003 sibi

465 3059 568 3163 quod
583 3076 681 3135 esset
695 3058 812 3164 figura
832 3057 1025 3163 cujusdam
1042 3056 1231 3142 demonis,
1253 3054 1414 3133 dicando
1433 3054 1565 3161 gallice
1584 3054 1661 3132 d’ua
1681 3060 1810 3159 morast,
1839 3074 1876 3132 et

465 3186 568 3291 quod
583 3186 925 3291 quocienscumque
943 3184 1091 3260 videbat
1110 3185 1232 3289 ipsum
1256 3201 1379 3261 tantus
1408 3185 1522 3261 timor
1548 3213 1635 3261 eum
1661 3184 1873 3276 invadebat,

464 3313 568 3420 quod
583 3314 640 3388 vix
658 3329 805 3418 poterat
818 3313 914 3388 illud
930 3313 1114 3418 respicere
1133 3313 1203 3387 nisi
1223 3342 1308 3388 cum
1322 3313 1483 3390 maximo
1496 3313 1633 3392 timore
1650 3333 1686 3391 et
1699 3333 1874 3392 tremore.

465 3443 678 3550 Requisitus
697 3471 810 3548 quare
831 3443 1034 3519 adorabant
1053 3441 1167 3530 illud,
1188 3441 1279 3517 dixit
1292 3444 1395 3548 quod
1415 3471 1458 3519 ex
1478 3471 1553 3548 quo
1568 3446 1694 3551 pejora
1716 3445 1877 3521 lacerant

465 3576 682 3682 abnegando
713 3575 868 3650 lhesum
895 3573 1101 3661 Christum,
1133 3572 1237 3679 quod
1266 3572 1362 3649 bene
1390 3592 1560 3679 poterant
1588 3574 1682 3650 illud
1709 3575 1873 3650 adorare.

464 3705 563 3780 Dixit
585 3723 709 3780 tamen
736 3734 803 3810 per
824 3704 1080 3811 juramentum
1108 3732 1219 3780 suum
1244 3704 1346 3809 quod
1374 3731 1565 3809 nunquam
1592 3703 1755 3780 adoravit
1779 3703 1874 3778 illud

466 3836 590 3914 corde.
612 3837 824 3944 Requisitus
845 3854 970 3912 utrum
990 3835 1207 3912 recordetur
1226 3835 1274 3911 de
1294 3834 1513 3912 nominibus
1528 3835 1681 3912 illorum
1696 3835 1760 3939 qui
1780 3832 1877 3909 illud

466 3967 684 4054 adorabant,
708 3967 799 4043 dixit
818 3965 922 4073 quod
943 3967 1009 4054 sic,
1033 3967 1251 4041 denomino
1278 3965 1398 4041 fratris
1425 3965 1579 4043 Gerardi
1606 3965 1652 4041 de
1673 3962 1876 4042 Villaribus

468 4115 505 4173 et
524 4098 716 4202 cujusdam
742 4098 831 4174 socii
851 4096 908 4174 sui
934 4095 1056 4173 fratris
1075 4096 1277 4173 servientis.

522 4226 734 4333 Requisitus
762 4244 855 4333 quot
885 4227 1014 4303 fratres
1040 4228 1237 4332 receperit,
1270 4226 1363 4302 dixit
1389 4255 1457 4332 per
1479 4228 1734 4333 juramentum
1767 4254 1874 4302 suurn

465 4358 571 4464 quod
590 4357 730 4464 recepit
745 4359 874 4434 decem
889 4358 947 4435 vel
968 4357 1181 4435 duodecim.
1204 4356 1417 4464 Requisitus
1435 4375 1561 4434 utrum
1580 4386 1649 4465 per
1668 4358 1776 4433 illum
1797 4383 1877 4431 mo-

467 4487 558 4564 dum
578 4517 778 4596 perquem
800 4488 891 4563 dixit
920 4515 958 4563 se
985 4486 1097 4564 fuisse
1117 4504 1307 4593 receptum
1332 4489 1433 4595 ipsos
1449 4489 1671 4595 recepisset,
1696 4487 1787 4563 dixit
1810 4513 1878 4590 per

461 4618 717 4721 juramentum
732 4646 844 4694 suum
859 4618 964 4722 quod
976 4618 1043 4705 sic,
1061 4619 1220 4722 exceptis
1232 4618 1458 4724 quibusdam
1474 4646 1569 4724 quos
1584 4616 1706 4694 noluit
1720 4614 1876 4692 osculari

468 4745 506 4819 in
523 4745 589 4822 illo
608 4748 670 4822 vili
686 4748 786 4835 loco,
802 4763 955 4852 propter
967 4748 1161 4825 horrorem
1179 4776 1291 4853 quem
1310 4749 1471 4837 habebat
1487 4776 1531 4825 ex
1549 4748 1636 4834 hoc,
1658 4747 1723 4823 sed
1746 4747 1783 4820 in
1801 4771 1877 4818 om-
