4230 5956
482 452 556 524 258
859 440 1055 524 PROCES
1086 447 1182 523 DES
1213 448 1519 527 TEMPLIERS.

431 570 438 577 ’
481 593 573 669 bant
603 592 801 697 assumptis
832 590 1079 698 cingebantur
1104 616 1219 696 super
1241 586 1412 669 camisias
1435 602 1524 668 cum
1551 589 1694 698 quibus·
1708 593 1898 699 jacebant,

478 750 560 801 uon
577 741 703 800 tamen
718 722 860 800 audivit
877 722 981 828 quod
993 738 1191 828 tangerent
1202 722 1321 828 capita
1338 721 1558 830 ydolorumc
1576 749 1646 800 nec
1662 723 1761 803 ultra
1777 754 1898 818 marc,

478 862 552 932 nec
571 856 677 942 citra,
696 854 839 934 audivit
858 853 939 932 fieri
956 853 1197 930 mencionem
1218 853 1267 929 de
1286 852 1471 958 capitibus
1492 852 1698 960 dequibus
1717 855 1901 962 deposue-

480 1002 564 1062 rant
578 985 757 1094 magister
771 983 956 1061 Antonius
973 983 1023 1060 de
1035 980 1214 1060 Vercellis
1230 999 1269 1058 ct
1284 982 1399 1060 frater
1413 984 1523 1090 llugo
1537 985 1741 1076 chauroa
1760 988 1901 1065 audivit

479 1133 605 1192 tamen
618 1113 873 1193 communiter
885 1112 959 1191 dici
974 1111 1074 1189 ultra
1086 1138 1188 1188 mare
1200 1111 1307 1218 qnod
1317 1111 1546 1219 antiquitus,
1563 1131 1764 1222 antequam
1777 1137 1901 1194 essent

481 1246 640 1323 instituti
661 1244 813 1322 ordines
829 1241 978 1349 Templi
998 1259 1038 1319 et
1054 1241 1276 1347 Hospitalis,
1297 1242 1498 1348 apparebat
1517 1243 1713 1323 interdum
1730 1246 1771 1322 in
1789 1250 1898 1339 meri,

480 1377 520 1452 in
537 1374 683 1482 gurgite
703 1389 830 1451 vocato
846 1371 894 1449 de
912 1371 1089 1459 Setalias‚
1114 1369 1309 1476 quoddam
1327 1370 1450 1477 capud
1466 1388 1553 1477 post
1571 1372 1680 1479 cujus
1696 1377 1900 1482 apparitio

481 1533 569 1582 nem
584 1502 892 1610 periclitabantur
903 1529 1017 1579 naves
1037 1503 1076 1578 in
1091 1501 1194 1578 dicto
1209 1501 1355 1608 gurgite
1375 1501 1587 1581 existentes.
1606 1503 1728 1610 Siqui
1747 1507 1900 1585 revelas

480 1653 564 1712 aeut
584 1650 723 1712 secreta
747 1629 1030 1739 capitoliorum,
1057 1631 1215 1740 graviter
1236 1630 1361 1736 puniti
1381 1629 1557 1721 finissem,
1580 1648 1620 1711 et
1641 1631 1837 1713 dicebatur
1857 1638 1897 1713 in

480 1765 614 1842 ordine
633 1762 739 1870 quod
759 1763 901 1869 absque
920 1761 1076 1838 licencia
1100 1788 1179 1838 non
1207 1776 1381 1866 poteraut
1401 1760 1485 1838 aliis
1507 1789 1621 1869 quam
1638 1763 1898 1843 sacerdotibus

480 1894 625 1973 ordinis
637 1893 835 1981 'confiteri3
860 1892 972 2000 cujus
993 1890 1137 1968 ordinis
1153 1888 1331 1967 iratribus
1353 1891 1476 1968 credit
1496 1907 1607 1971 notos
1623 1891 1738 1971 luisse
1753 1921 1898 1971 artures

481 2025 706 2102 conlassatur
723 2051 794 2130 per
808 2050 918 2111 eum,
935 2022 974 2096 in
989 2047 1152 2126 quornm
1175 2019 1410 2097 correccione
1429 2018 1588 2099 laterm
1599 2020 1847 2129 negligentes,
1861 2039 1900 2099 ct

481 2154 568 2259 qnia
581 2180 659 2229 non
672 2152 998 2230 denunciaverunt
1008 2148 1184 2228 Ecclesia.
1197 2148 1433 2227 Elcmosinas
1446 2166 1486 2226 et
1503 2149 1795 2257 hospitalitatem
1811 2153 1900 2231 sidit

481 2283 747 2360 convenienter
764 2280 848 2356 lieri
873 2295 912 2356 et
936 2278 1071 2355 servari
1096 2279 1137 2355 in
1164 2278 1342 2356 domibus
1369 2277 1517 2358 ordinis
1540 2280 1582 2356 iu
1610 2280 1752 2388 quibus
1777 2283 1899 2360 extitit

480 2427 750 2501 commoratus,
764 2427 803 2487 et
818 2405 1061 2486 inhibebatur
1071 2406 1126 2485 cis
1143 2434 1191 2484 ne
1206 2407 1336 2486 illicite
1348 2408 1587 2516 acquirerent
1597 2411 1734 2488 ordini
1744 2412 1899 2490 Audiuit

481 2541 563 2619 diei.
579 2541 684 2648 quod
700 2568 835 2619 eorum
855 2537 1029 2644 capitulia
1048 2537 1144 2616 clam
1166 2539 1403 2631 tenebantur,
1427 2538 1544 2618 nullis
1566 2542 1805 2647 presentibus
1826 2543 1897 2620 nisi

480 2669 657 2747 iratribus
681 2669 847 2747 ordinis·
866 2667 1048 2747 Ordinata
1070 2693 1140 2772 per
1159 2667 1378 2775 Magistrum
1397 2696 1488 2746 cum
1513 2688 1899 2751 consentisset-verset

479 2816 582 2879 totus
597 2800 862 2885 ordo‚oontra
875 2825 991 2904 quem
1007 2824 1108 2874 nunc
1122 2797 1278 2905 grandia
1290 2797 1480 2887 scandala,
1504 2798 1668 2906 aaspicio
1685 2818 1726 2878 et
1747 2800 1898 2879 infamia

480 2948 568 3008 suut
585 2947 721 3008 exorta.
745 2931 827 3007 Nou
847 2927 1036 3006 obtulerat
1049 2954 1092 3005 ae
1110 2927 1160 3004 ad
1175 2927 1449 3005 deffensionem
1462 2926 1616 3007 ordinis

510 3120 513 3124 -
536 3060 750 3166 Requisitus
761 3060 792 3136 si
804 3060 857 3135 sic
872 3058 1096 3165 deposuemt
1104 3085 1232 3165 prece,
1246 3075 1444 3164 precepto,
1458 3060 1772 3148 timomamnne,
1788 3060 1895 3148 odio,

480 3187 538 3265 aei
551 3186 748 3294 temporali
766 3187 926 3265 comodo
946 3187 1075 3265 habito
1093 3187 1154 3264 vel
1168 3187 1365 3275 babendo,
1380 3187 1575 3293 respondit
1589 3187 1696 3295 quod
1712 3216 1806 3280 nou,
1829 3189 1899 3266 sed

482 3344 550 3422 pru
570 3318 721 3398 veritate
741 3317 917 3407 dicenda;
951 3319 1010 3396 cui
1036 3317 1109 3395 luit
1130 3319 1342 3425 injunctum
1370 3316 1476 3424 qnod
1498 3344 1577 3397 noa
1597 3317 1782 3398 revelaret
1802 3321 1899 3397 banc

482 3474 588 3526 suam
603 3449 901 3555 deposicioncm,
920 3476 1118 3554 quousque
1134 3448 1393 3526 attestacionea
1414 3445 1555 3525 luerint
1566 3446 1769 3554 publicato.

493 3764 496 3771 -
533 3709 666 3785 Frater
695 3711 825 3787 Petrus
854 3709 1014 3789 Maurini
1043 3709 1223 3798 serviens,
1249 3706 1566 3794 Claramontensis
1589 3707 1766 3798 diocesis,
1794 3709 1898 3784 testis

481 3865 590 3943 supra
612 3840 776 3946 juratus,
803 3839 1145 3947 quinquagenarius
1165 3838 1224 3916 vel
1239 3838 1349 3927 circa,
1370 3837 1436 3942 qui
1452 3836 1660 3914 voluntarie
1674 3835 1898 3913 mantellum

477 3966 672 4045 dimiserat
692 3985 731 4046 et
748 3971 829 4049 radi
849 3969 987 4048 lecerat
1005 3970 1076 4049 sihi
1094 3968 1271 4058 barbam,
1297 3993 1385 4044 cum
1412 3992 1489 4071 quo
1510 3964 1732 4072 inquisitum
1754 3963 1896 4053 fuerat,

480 4096 672 4176 absolutus
686 4117 724 4176 ct
739 4100 999 4178 reconciliatus
1010 4129 1078 4207 per
1092 4098 1292 4178 dominum
1305 4096 1525 4203 episcopum
1536 4094 1896 4187 claramonteusem,

479 4226 583 4304 lectis
603 4244 641 4303 ct
660 4229 860 4338 diligenter
881 4231 1061 4337 expositis
1079 4229 1151 4308 sibi
1175 4228 1356 4307 omnibus
1378 4243 1418 4303 et
1442 4225 1604 4331 singulis
1627 4223 1810 4313 articulis,
1836 4252 1899 4301 re-

478 4358 679 4466 aponditsc
691 4361 850 4451 nescire,
872 4388 942 4437 nec
957 4362 1127 4448 credere,
1149 4388 1220 4435 nec
1232 4356 1415 4436 audivisse
1432 4354 1505 4432 dici
1521 4355 1771 4432 decontentis
1783 4354 1824 4430 iu
1844 4355 1899 4430 eis

478 4488 550 4567 nisi
568 4488 675 4595 quod
692 4489 865 4594 sequitur
881 4488 1080 4565 :videlicet
1098 4488 1205 4594 quod
1221 4487 1301 4594 ipse
1325 4503 1498 4591 receptus
1517 4483 1639 4562 fuerat
1658 4483 1759 4562 ultra
1775 4511 1896 4571 marc,

480 4619 519 4694 in
536 4603 698 4724 quadam
719 4645 864 4694 camera
884 4617 1020 4695 domus
1038 4618 1191 4723 Templi
1211 4618 1259 4696 dc
1277 4618 1409 4696 Castro
1429 4615 1637 4723 Peregrini,
1656 4640 1726 4722 per
1742 4613 1895 4690 fratrem

480 4745 744 4824 Theobaldum
763 4745 874 4825 Galdi
893 4744 1053 4822 militem
1068 4746 1277 4850 quondam,
1299 4762 1391 4824 tunc
1410 4760 1671 4851 peoeptorern
1691 4741 1780 4820 dieti
1798 4739 1894 4828 loci,
