4230 5956
487 430 558 501 138
873 426 1071 501 PROCES
1095 427 1191 498 DES
1216 424 1519 496 Testitum

537 567 597 645 ,ld
611 567 688 645 lm
701 566 902 645 articrrlum
922 570 1169 673 interrogetus
1188 564 1439 670 respondens.
1459 563 1553 639 dixit
1569 579 1744 640 mutent:
1765 564 1808 639 iu
1826 564 1920 669 ipo

483 698 639 778 artiurlo
657 728 742 776 ren
758 728 853 776 esse.

541 831 598 909 ‚ld
614 830 702 909 lun
720 829 918 906 utiudtun
934 831 1184 934 interrogatus
1200 828 1454 934 respoudm,
1469 825 1684 932 dixitquod
1696 825 1917 932 &mesqui

483 961 731 1039 interfuerunt
750 979 789 1037 et
811 962 997 1037 intersunt
1022 959 1196 1066 mpiurlis
1220 988 1354 1036 comm
1379 975 1538 1064 possint
1554 958 1654 1034 inter
1672 985 1717 1033 se
1732 955 1840 1062 loqui
1859 958 1917 1034 de

482 1091 587 1169 luctis
605 1110 643 1169 et
662 1093 824 1167 tractatis
842 1108 881 1166 et
900 1092 1009 1166 dictis
1028 1093 1067 1166 in
1083 1092 1174 1196 ipsis
1191 1090 1380 1195 crpitulis,
1402 1089 1482 1165 abis
1495 1106 1623 1165 autem
1640 1087 1821 1165 nauibus
1841 1090 1919 1194 qui

484 1253 560 1301 nou
576 1222 827 1300 interfirerunt
841 1250 919 1299 uon
937 1220 1078 1299 audent
1097 1222 1263 1299 revelare
1281 1220 1461 1326 predicte

538 1356 597 1431 td
609 1355 709 1432 lxxm
726 1353 926 1431 ertimlrrm
945 1353 1194 1458 respondens,
1213 1353 1360 1457 negarit
1379 1379 1469 1427 eum
1486 1369 1526 1426 et
1543 1368 1718 1429 contenta
1731 1352 1774 1426 iu
1791 1378 1858 1428 eo.

538 1485 597 1562 Ad
609 1485 725 1561 lumi
745 1485 942 1560 articulum
962 1484 1211 1588 respondens,
1232 1484 1376 1587 negatit
1396 1512 1503 1567 eum,
1519 1482 1688 1558 adiciens
1701 1481 1811 1587 quod
1830 1480 1923 1557 liri-

482 1633 564 1693 tum
576 1633 635 1693 est
647 1617 737 1722 ipsis
754 1614 932 1691 frutribus
948 1614 1117 1691 confiteri
1131 1614 1190 1691 rel
1200 1613 1458 1691 sacerdotibus
1476 1612 1567 1689 dicti
1581 1612 1743 1691 ordinis.
1765 1612 1826 1688 rel
1841 1611 1922 1687 ln-

482 1745 604 1823 tn'bus
616 1744 828 1821 Minoribus
844 1744 902 1820 vel
920 1744 1237 1829 Predicatoribus,
1258 1762 1407 1850 pemta
1424 1772 1504 1819 sua.

538 1876 597 1951 ‚td
616 1874 842 1953 lxxv—lxxx
865 1874 1040 1951 articulos
1059 1874 1235 1951 inclusive
1253 1874 1454 1980 diligenter
1470 1875 1739 1980 inumgurm,
1765 1875 1921 1979 negarit

483 2036 549 2087 eos
561 2024 601 2085 et
618 2007 747 2084 omnia
764 2022 805 2082 et
820 2005 968 2111 singula
978 2023 1151 2081 contenta
1166 2006 1206 2080 in
1218 2006 1288 2082 eis.

539 2137 598 2213 Ad
615 2135 712 2214 lxxxi
727 2135 925 2213 articulum
944 2136 1192 2242 respondens,
1208 2137 1356 2241 negarit
1373 2138 1502 2211 omnia
1518 2153 1557 2211 et
1575 2135 1920 2241 singiduooutentn

483 2271 522 2345 in
541 2296 608 2353 eo,
629 2267 792 2371 exceptis
809 2295 831 2341 a
844 2294 886 2343 se
903 2268 1076 2371 superius
1095 2264 1322 2343 consessatis.
1343 2267 1595 2371 Interrogatus
1610 2266 1780 2371 quidest
1793 2264 1916 2353 lama,

482 2397 578 2473 dixit
594 2425 636 2473 se
652 2396 809 2474 nescire.

538 2526 598 2604 Ad
619 2525 730 2603 lxxxu
753 2523 951 2602 “ticulum
969 2527 1215 2631 respondens,
1242 2527 1336 2603 dixit
1359 2556 1399 2603 se
1426 2556 1504 2604 uon
1530 2525 1686 2603 credere
1711 2525 1840 2632 eliqua
1860 2526 1919 2603 de

482 2659 665 2737 contentis
679 2658 718 2733 in
732 2684 798 2745 eo,
818 2683 942 2761 neque
957 2656 1052 2734 scire
1066 2656 1214 2763 aliquid
1227 2658 1276 2734 de
1287 2657 1424 2735 eodem
1437 2685 1587 2745 rerum,
1601 2657 1766 2763 sirliqui
1776 2654 1917 2734 hauet

482 2790 650 2897 ejusdem
670 2786 816 2864 ordinis
834 2802 1009 2863 contenta
1030 2788 1069 2864 in
1080 2787 1182 2864 dicto
1201 2787 1359 2865 articulo
1375 2789 1447 2864 sint
1467 2788 1626 2864 confessi
1646 2787 1705 2864 rel
1718 2787 1847 2892 aliqua
1862 2786 1916 2863 de

482 2920 667 2997 contentis
685 2920 726 2994 in
744 2946 811 3005 eo,
826 2917 920 2994 dixit
938 2920 1039 3024 ipsos
1057 2918 1148 2997 falsa
1166 2919 1304 2995 dixisse
1323 2936 1362 2995 et
1379 2921 1559 2995 mentitos
1576 2947 1660 2995 esse
1677 2947 1748 3023 per
1760 2917 1884 3024 gula

537 3050 597 3126 Ad
609 3047 899 3127 turm-tuxi-
912 3049 1091 3126 articulos
1101 3049 1280 3127 inclusive
1294 3049 1545 3154 intenugatus
1553 3047 1803 3155 respondeus,
1816 3048 1917 3127 dixit

482 3208 522 3255 se
541 3195 734 3282 receptum
751 3177 867 3253 luisse
885 3178 927 3252 iu
947 3179 1079 3256 ordine
1097 3179 1189 3256 dicti
1208 3180 1357 3284 Templi
1381 3182 1483 3286 apud
1504 3181 1698 3258 illlambre
1717 3180 1757 3255 in
1776 3181 1915 3286 Ango-

482 3310 558 3396 nis,
591 3309 633 3383 in
656 3305 795 3410 capello
819 3307 989 3412 ejusdem
1013 3311 1122 3386 castri
1149 3311 1200 3386 de
1226 3311 1430 3399 Allambre,
1457 3341 1526 3416 per
1553 3311 1706 3389 fiunem
1727 3311 1915 3387 Jacobum

481 3439 607 3518 Deiils
619 3456 708 3515 tunc
722 3437 1025 3516 comendatorem
1042 3441 1131 3517 dicti
1147 3442 1372 3528 castri,cuu1
1388 3443 1576 3519 volumtate
1589 3443 1755 3548 Magistri
1763 3442 1813 3517 de
1826 3441 1914 3517 Are

480 3572 607 3679 goniu,
635 3570 828 3648 Dominicu
854 3572 1077 3674 precedente
1096 3572 1233 3650 festum
1251 3575 1367 3649 suncti
1388 3575 1535 3650 ‚llurtini
1556 3575 1725 3679 proxime
1740 3574 1909 3678 preteriti

480 3704 633 3781 luerunt
646 3728 694 3780 xu
714 3701 799 3776 anni
814 3700 944 3805 elapsi,
963 3705 1201 3807 presentibus
1216 3716 1255 3780 et
1269 3705 1409 3781 ibidem
1423 3707 1630 3782 astantibus
1643 3703 1846 3781 Guillelmo
1857 3703 1907 3778 de

479 3833 640 3924 Junedu,
656 3832 879 3938 Bercngario
892 3833 940 3907 de
958 3836 1251 3940 llontepavono,
1269 3835 1467 3911 Dominico
1480 3836 1528 3912 de
1543 3836 1756 3921 Barbastre,
1773 3835 1912 3913 sancio

481 3966 635 4050 nasa,
655 3964 765 4039 Petro
777 3961 952 4040 Gardiola
964 3963 1242 4043 iratribusdicti
1252 3966 1408 4043 ordinis.
1424 3967 1564 4044 Modus
1576 3984 1702 4044 autem
1718 3965 1912 4071 recepcio-

480 4098 537 4173 nis
562 4094 696 4199 ipsius,
717 4111 756 4168 et
782 4092 939 4170 aliorum
959 4123 1057 4200 quos
1075 4097 1189 4202 recipi
1211 4096 1303 4174 vidit
1331 4098 1369 4172 iu
1393 4097 1526 4174 fratres
1544 4098 1634 4174 dicti
1665 4096 1828 4183 ordinis,
1851 4114 1913 4174 est

478 4227 543 4333 qui
562 4225 748 4332 sequitur3
768 4223 851 4300 talis
867 4225 1039 4304 videlicet
1054 4228 1092 4303 in
1111 4227 1250 4304 ellectu
1267 4228 1417 4333 qualem
1439 4231 1561 4333 ipsum
1579 4229 1743 4306 recitavit
1762 4246 1801 4304 et
1814 4229 1911 4304 dixit

479 4357 591 4436 frater
619 4354 904 4436 bartholomeus
935 4360 1040 4436 testis
1067 4360 1257 4464 proximus
1285 4377 1322 4434 et
1350 4361 1573 4465 precedens,
1601 4361 1640 4436 in
1665 4360 1910 4465 deposicione

478 4518 591 4596 qrum
610 4488 697 4565 lecit
722 4487 760 4563 iu
782 4486 863 4591 ipso
882 4489 1040 4566 articulo
1059 4493 1248 4595 superius,
1273 4509 1309 4566 et
1329 4491 1452 4596 qualis
1476 4493 1587 4568 etiam
1611 4491 1772 4596 scriptus
1792 4508 1852 4567 est
1870 4491 1911 4566 in

477 4619 574 4697 libro
595 4620 809 4699 continente
834 4636 967 4697 statuto
990 4638 1029 4696 et
1051 4621 1217 4727 regulam
1244 4621 1386 4700 ordinis
1411 4622 1501 4698 dicti
1528 4621 1694 4727 Templi;
1718 4649 1838 4727 quem
1856 4622 1912 4698 si·

480 4747 625 4852 {quidem
652 4741 811 4850 libnurV]
837 4749 958 4827 dictus
982 4750 1094 4827 frater
1119 4752 1403 4829 Bur-tholomeus
1426 4753 1611 4842 exhibuit,
1632 4769 1745 4856 prout
1764 4752 1905 4839 credit,
