4230 5956
524 534 529 541 ,
619 448 814 538 Pnocns
840 464 934 535 niis
960 462 1256 535 innisiniis.
1578 469 1644 540 sii

285 606 342 683 De
361 604 550 681 erroribus
565 623 690 682 autem
706 624 743 685 et
754 606 801 682 de
813 633 941 682 eorum
957 602 1266 690 correctionibus,
1290 629 1434 680 necnon
1450 605 1497 680 de
1514 605 1652 683 eisnon

232 734 432 812 notificatis
451 735 508 812 vel
525 734 718 813 insinuatis
732 734 912 823 Ecclesie,
936 733 983 810 de
1004 733 1142 839 quibus
1162 733 1285 837 agitur
1306 733 1343 807 in
1362 734 1526 813 articulis
1540 736 1654 840 preli·

231 866 342 955 batis,
364 866 561 971 respondit
579 885 616 943 et
637 866 728 943 dixit
749 896 789 943 se
814 894 884 942 nec
903 864 1014 941 scisse
1042 884 1295 968 necunquam
1320 864 1550 941 mentionem
1570 866 1651 943 fieri

233 997 381 1073 audisse
402 997 440 1072 in
467 996 582 1072 domo
603 997 722 1075 blansi
743 996 829 1083 Dei,
857 998 896 1071 in
915 1023 990 1101 qua
1005 1024 1026 1071 a
1039 1012 1211 1099 tempore
1230 991 1462 1098 recepcionis
1477 1022 1542 1071 sue
1565 997 1652 1072 citra

232 1127 276 1202 ad
292 1127 432 1202 dictum
448 1126 619 1202 ordinem
641 1154 784 1203 moram
799 1127 923 1216 traxit;
940 1154 1009 1201 nec
1021 1143 1126 1230 putat
1140 1153 1208 1200 nec
1222 1124 1340 1200 credit
1354 1151 1448 1228 opus
1467 1122 1580 1202 fuisse
1597 1127 1653 1202 vel

232 1257 356 1333 locuni
366 1256 476 1333 dictis
489 1257 728 1343 correctioni,
743 1255 982 1332 insinuationi
999 1271 1037 1331 et
1052 1255 1303 1331 emendationi
1315 1253 1362 1331 de
1378 1254 1514 1360 quibus
1521 1256 1651 1363 agitur,

235 1415 337 1474 cum,
355 1387 450 1462 sicut
464 1386 598 1475 credit,
610 1414 804 1492 nunquam
820 1383 962 1461 fuerint
978 1385 1074 1461 dicta
1092 1383 1249 1460 nefanda
1259 1384 1414 1459 crimina
1425 1411 1494 1460 nec
1509 1411 1654 1462 errores

235 1518 272 1591 in
289 1518 438 1606 ordine,
452 1545 522 1593 nec
536 1518 576 1592 in
592 1517 707 1595 domo
721 1517 840 1595 blansi
851 1516 922 1593 Dei
930 1516 1047 1621 ipsius
1058 1515 1223 1619 Templi,
1245 1542 1314 1591 nec
1328 1514 1427 1619 apud
1441 1515 1573 1592 fratres
1584 1516 1653 1591 ali-

233 1675 343 1750 quos,
357 1648 452 1722 sicut
464 1674 548 1750 spes
564 1632 630 1722 sua
653 1665 710 1723 est
727 1663 764 1722 et
779 1646 830 1722 sic
847 1644 978 1723 credit.
987 1643 1045 1722 Ad
1058 1645 1098 1720 id
1109 1662 1233 1721 autem
1247 1645 1349 1751 quod
1363 1645 1499 1721 dicitur
1513 1645 1653 1722 multos

235 1805 277 1851 ex
291 1775 462 1851 fratribus
477 1776 564 1851 dicti
575 1776 732 1867 ordinis,
744 1792 820 1852 tam
839 1776 878 1851 in
894 1774 1039 1880 judicio
1060 1803 1170 1879 quam
1192 1791 1306 1860 extra,
1329 1803 1441 1880 quam
1457 1802 1581 1851 coram
1593 1802 1653 1853 so·

233 1906 446 2011 lempnibus
461 1904 824 2010 personisconlessos
837 1932 916 1982 esse
934 1904 1133 1980 erroresde
1142 1903 1279 2008 quibus
1294 1903 1415 2009 agitur
1425 1904 1463 1979 in
1474 1904 1650 1993 articulis,

233 2036 424 2142 respondit
443 2029 487 2111 et‘
497 2036 589 2111 dixit
607 2063 736 2112 senon
751 2035 905 2111 credere
925 2035 1025 2140 ipsos
1037 2032 1168 2110 fratres
1182 2063 1252 2111 nec
1265 2061 1393 2112 eorum
1407 2036 1550 2140 aliquos
1564 2066 1653 2114 con·

234 2164 430 2242 sessionem
446 2165 494 2241 de
503 2165 876 2271 predictiscrroribus
883 2192 1007 2241 veram
1018 2163 1289 2242 consessionem
1298 2163 1518 2254 lecisse,sed
1526 2164 1653 2242 falsam

235 2294 397 2400 penitus,
418 2296 512 2372 sicut
532 2294 665 2386 credit3
680 2325 765 2385 cum
778 2296 817 2372 in
832 2294 936 2373 nulla
950 2312 1054 2400 parte
1067 2296 1200 2372 ordine
1217 2295 1367 2400 Templi
1386 2298 1585 2375 commissa
1596 2299 1653 2375 vel

235 2425 362 2501 audita
380 2424 535 2515 merint,
551 2444 666 2531 prout
683 2426 816 2514 credit,
838 2424 936 2502 dicta
954 2424 1113 2501 nefanda
1132 2426 1286 2502 crimina
1306 2441 1481 2503 contenta
1501 2428 1539 2503 in
1559 2430 1624 2506 eis.
1639 2451 1642 2455 ’

291 2556 350 2631 Ad
368 2555 506 2644 lxxxiii,
528 2555 663 2633 lxxxiiii
679 2572 718 2634 et
736 2554 841 2636 lxxxv
857 2556 1033 2633 articulos
1047 2554 1240 2641 inclusive,
1263 2555 1463 2662 diligenter
1470 2574 1508 2634 et
1520 2559 1654 2665 sigilla·

235 2687 302 2760 tim
336 2685 596 2793 interrogatus,
628 2685 823 2792 respondit
849 2703 887 2762 et
910 2686 1002 2762 dixit
1022 2687 1126 2791 quod
1146 2683 1277 2762 fratres
1302 2686 1390 2762 dicti
1415 2687 1564 2793 Templi
1590 2691 1655 2793 qui

239 2813 357 2893 dictos
382 2844 526 2893 errores
554 2833 591 2893 et
612 2817 768 2893 crimina
794 2816 832 2891 in
851 2816 1037 2922 presentia
1057 2816 1276 2892 sanctissimi
1299 2816 1414 2920 patris
1444 2834 1481 2893 et
1507 2817 1653 2894 domini

239 2944 354 3020 nostri
374 2974 484 3052 pape,
507 2963 545 3022 et
564 2974 688 3023 coram
714 2945 878 3023 dominis
901 2946 1114 3021 reverendis
1138 2944 1385 3021 cardinalibus
1405 2963 1443 3023 et
1464 2947 1503 3022 in
1523 2975 1655 3023 eorum

237 3073 474 3163 consistorio,
499 3092 587 3153 sunt
606 3075 790 3165 confessi,
808 3075 1076 3181 cujuscumque
1097 3075 1327 3152 condicionis
1347 3076 1406 3151 vel
1430 3093 1546 3153 status
1570 3094 1656 3183 pr'e-

238 3203 327 3279 dicti
343 3205 564 3282 confitentes
579 3206 750 3294 existant,
766 3233 808 3282 se
827 3205 979 3281 credere
1000 3205 1120 3280 dictos
1140 3204 1360 3281 confitentes
1380 3223 1506 3282 contra
1524 3207 1656 3282 verita-

237 3350 314 3409 tem
333 3331 529 3410 falsitatem
552 3335 685 3411 dixisse
707 3351 743 3411 et
761 3335 953 3411 veritatem
972 3334 1125 3439 penitus
1143 3335 1320 3425 tacuisse3
1342 3364 1447 3423 cum,
1470 3338 1565 3413 sicut
1584 3365 1657 3413 cre·

239 3461 312 3550 dit,
334 3463 373 3539 in
390 3463 489 3540 dicto
503 3465 635 3541 ordine
653 3464 802 3570 Templi
817 3464 875 3541 vel
889 3464 930 3539 in
944 3463 1067 3568 aliqua
1080 3481 1184 3569 parte
1199 3466 1280 3570 ejus
1295 3493 1364 3540 nec
1378 3465 1474 3541 dicta
1491 3493 1655 3569 unquam

237 3591 378 3669 suerint
396 3593 454 3669 vel
475 3595 670 3671 commissa
684 3621 753 3669 nec
771 3594 896 3669 audita
909 3594 961 3670 sie
974 3592 1133 3668 nefanda
1142 3590 1297 3666 crimina
1312 3609 1354 3667 ut
1368 3591 1430 3667 illa
1443 3609 1545 3680 sunt,
1562 3593 1657 3669 sicut

240 3721 374 3810 credit3
401 3737 439 3797 et
457 3722 545 3797 ideo
564 3721 742 3797 mentitos
766 3720 887 3798 dictos
914 3720 1046 3797 fratres
1071 3747 1151 3796 esse
1170 3719 1290 3796 credit
1317 3721 1355 3796 in
1381 3721 1514 3825 capud·
1527 3751 1668 3810 suuni,

239 3849 336 3925 salva
355 3869 502 3954 semper
519 3850 712 3928 sanctitate
733 3868 770 3926 et
789 3849 1005 3929 excellentia
1025 3849 1132 3927 Sedis
1151 3850 1351 3958 apostolice
1372 3851 1579 3928 ethonore.

295 3979 352 4055 Ad
367 3979 485 4057 lxxxvi
499 3979 696 4057 articulum
712 3981 909 4086 diligenter
925 3981 1187 4087 interrogatus,
1209 3983 1440 4086 respondens
1453 3981 1544 4059 dixit
1554 3984 1656 4088 quod

241 4107 353 4187 frater
375 4109 618 4217 Raymundus
642 4111 690 4187 de
712 4111 808 4201 Baco
832 4128 922 4189 tunc
945 4129 1142 4217 preceptor
1167 4113 1263 4191 dicte
1288 4112 1425 4191 domus
1450 4113 1564 4191 blansi
1585 4114 1654 4189 Dei'

240 4242 380 4345 recepit
398 4240 522 4347 ipsum
536 4241 576 4317 in
595 4239 746 4319 fratrem
762 4242 852 4320 dicti
870 4242 1027 4330 ordinis,
1049 4241 1144 4319 circa
1157 4242 1293 4320 festum
1309 4241 1490 4320 Omnium
1505 4245 1657 4320 Sancto-

240 4399 325 4446 rum
344 4372 511 4476 proxime
529 4388 728 4447 venturum
746 4387 858 4449 erunt
875 4398 993 4452 xxxiii
1013 4373 1097 4447 anni
1120 4371 1232 4479 elapsi
1251 4372 1309 4449 vel
1330 4373 1440 4461 circa,
1459 4374 1498 4449 in
1519 4373 1656 4477 capella

242 4499 339 4575 dicte
359 4502 507 4588 domus,
524 4500 758 4605 presentibus
774 4519 811 4579 et
825 4502 969 4579 ibidem
981 4502 1186 4579 astantibus
1203 4502 1266 4579 Ar'
1276 4503 1419 4592 Rocha,
1436 4503 1655 4610 R'aymundo

243 4627 289 4704 de
302 4629 514 4719 Cirritania,
537 4632 581 4710 G.
599 4632 729 4721 Vinea,
752 4633 861 4710 Petro
878 4632 926 4709 de
946 4632 1131 4712 Villanova
1154 4650 1191 4710 et
1204 4633 1372 4739 pluribus
1387 4633 1467 4709 aliis
1483 4631 1656 4710 fratribus

243 4758 330 4836 dicti
352 4760 495 4838 ordinis
506 4763 584 4868 jam
602 4761 797 4840 defunctis.
