4230 5956
445 482 514 555 158
824 457 1019 550 ruocns
1045 475 1139 547 uus
1166 471 1468 543 'ruurmsas

441 618 730 727 cognominibus
747 644 823 693 non
840 615 982 694 recolit.
1001 616 1041 690 lu
1055 614 1163 719 cujus
1175 613 1395 718 recepcione
1409 610 1565 687 luerunt
1579 630 1717 688 servata
1730 616 1858 690 oninia

441 749 668 855 illicitaque
700 747 875 852 deposuit
903 745 1144 822 intervenisse
1174 744 1213 818 in
1244 771 1327 828 sua,
1355 770 1395 818 ex
1417 769 1494 846 quo
1516 742 1618 818 idem
1641 745 1760 830 testis,
1790 746 1855 849 qui

357 948 365 959 .
442 881 546 986 prius
560 908 637 955 non
659 877 878 963 adverterat,
896 892 1049 980 propter
1059 874 1141 978 ejus
1149 873 1405 978 juventutem,
1421 869 1516 948 dicta
1534 868 1661 949 illicita
1680 871 1772 949 lacta
1793 903 1857 977 per

443 1038 549 1096 eum,
568 1028 605 1085 et
624 1009 689 1115 qui
709 1035 787 1084 non
808 1004 983 1082 credebat
1008 1032 1127 1108 usque
1144 1021 1237 1079 tunc
1250 1004 1355 1108 quod
1370 1001 1537 1106 predicta
1556 1000 1684 1078 illicita
1706 1003 1858 1079 interve-

443 1141 568 1216 nirent
596 1141 635 1214 iu
668 1136 951 1242 recepcionibus
982 1133 1159 1218 aliorum,
1184 1133 1231 1208 ad
1259 1161 1322 1210 cor
1347 1131 1545 1219 reductus,
1573 1131 1647 1208 suit
1669 1132 1859 1209 consessus

443 1272 492 1347 de
512 1267 689 1373 predictis
711 1267 851 1343 illicitis
871 1265 1018 1356 cuidam
1034 1262 1136 1340 fratri
1156 1260 1303 1338 ordinis
1319 1262 1434 1337 sancti
1454 1261 1670 1367 Augustini,
1688 1263 1860 1367 peniten-

444 1398 558 1473 ciario
579 1397 667 1474 dicti
685 1395 830 1473 domini
849 1422 944 1501 pape
960 1392 1126 1480 Martini,
1150 1392 1257 1499 cujus
1273 1417 1410 1468 nomen
1425 1407 1464 1466 et
1476 1418 1684 1497 cognomen
1700 1392 1857 1498 ignorat.

444 1526 570 1633 Aquo
591 1525 729 1602 exstitit
747 1523 958 1611 absolutus,
982 1540 1020 1598 et
1041 1520 1220 1626 imposuit
1240 1519 1274 1595 ei
1292 1520 1396 1626 quod
1411 1519 1601 1627 jejunaret
1622 1521 1752 1626 quinta
1770 1520 1861 1597 feria

446 1656 485 1731 in
500 1683 597 1761 pane
613 1673 650 1730 et
663 1682 759 1761 aqua
772 1681 1007 1758 perannum,
1023 1669 1061 1727 et
1073 1650 1177 1756 quod
1191 1677 1266 1726 uon
1281 1668 1533 1755 perseveraret
1542 1650 1582 1726 iu
1596 1649 1700 1728 dicto
1717 1679 1858 1735 errore,

396 1856 399 1864 .
447 1803 485 1861 et
502 1784 606 1890 quod
627 1783 880 1860 transfretaret
898 1810 1010 1888 quarn
1033 1780 1138 1886 prius
1158 1796 1304 1884 posset;
1327 1807 1402 1885 que
1423 1780 1549 1858 omnia
1573 1781 1790 1885 complevit,
1819 1798 1861 1855 ut

448 1913 549 1989 dixit.
568 1912 669 1988 Ultra
688 1938 788 1987 mare
804 1939 890 1987 vero
908 1911 1086 1996 existens,
1108 1909 1200 1986 vidit
1218 1909 1331 2015 recipi
1352 1909 1561 1987 secuudum
1582 1910 1760 1987 eumdem
1780 1938 1860 1986 mo-

448 2042 540 2119 dum
569 2042 818 2121 conl'essatum
844 2069 911 2147 per
931 2069 1035 2129 eum,
1058 2041 1096 2114 in
1119 2038 1282 2146 quadam
1307 2067 1452 2119 camera
1473 2040 1608 2118 domus
1635 2039 1785 2144 Templi
1812 2039 1859 2114 de

448 2170 615 2275 Sydone,
634 2170 784 2247 lratrem
801 2170 1023 2246 Durandum
1043 2169 1164 2246 Lastic
1188 2169 1411 2246 servientem
1430 2168 1478 2246 de
1498 2167 1686 2257 Alvernia,
1707 2168 1774 2274 qui
1797 2168 1861 2247 de·

447 2300 588 2374 tinetur
607 2299 705 2403 apud
728 2300 919 2388 Riomum,
940 2316 1028 2375 sunt
1047 2300 1192 2374 circiter
1211 2324 1299 2375 ιιιιιι
1318 2299 1421 2391 anui,
1446 2326 1515 2405 per
1529 2298 1680 2377 fratrem
1703 2298 1861 2375 Adema-

448 2456 534 2502 rum
546 2427 594 2502 de
605 2428 765 2532 Peyruua
777 2428 935 2504 diocesis
944 2427 1205 2515 Rutbenensis,
1218 2427 1376 2506 militem
1385 2431 1591 2537 quondam,
1603 2447 1857 2536 preceptorem

449 2575 539 2633 tunc
551 2557 650 2649 dicte
667 2556 818 2648 domus,
832 2558 1071 2663 presentibus
1084 2576 1247 2664 quatuor
1260 2558 1390 2665 viginti
1402 2558 1581 2639 fratribus
1592 2578 1629 2637 et
1638 2559 1751 2649 ultra,
1764 2560 1861 2635 inter

450 2714 545 2791 quos
569 2702 675 2763 erant
691 2686 829 2767 ,fratres
855 2688 987 2763 Petrus
1011 2687 1058 2764 de
1083 2687 1214 2764 Rubeo
1239 2689 1338 2765 Lacu
1353 2688 1669 2767 Claramontensis
1687 2688 1859 2773 diocesis,

449 2818 694 2924 Raymundus
719 2818 766 2894 de
782 2818 957 2921 Spinasso
978 2817 1226 2921 provincialis,
1243 2816 1461 2923 Aymericus
1478 2820 1648 2899 Satomes
1667 2820 1717 2896 de
1732 2819 1864 2896 Catha-

451 2946 551 3023 lonia
572 2947 727 3035 milites,
749 2948 812 3052 qui
837 2975 968 3024 omnes
991 2964 1199 3054 potuerunt
1217 2945 1342 3023 videre
1363 2967 1401 3027 et
1421 2949 1550 3029 audire
1569 2948 1763 3055 quomodo
1784 2976 1863 3053 pre

451 3075 549 3151 dicta
564 3075 693 3151 illicita
708 3075 923 3181 agebantur.
941 3076 1045 3155 Vidit
1063 3078 1179 3153 eciam
1196 3103 1264 3182 per
1284 3079 1463 3157 eumdem
1479 3077 1636 3157 modum
1655 3078 1769 3184 recipi
1786 3076 1858 3153 fra-

452 3219 549 3279 trem
565 3205 786 3283 Durandum
804 3204 999 3282 Charnerii
1017 3207 1255 3296 servientem,
1275 3208 1589 3291 Claramontensis
1608 3206 1779 3295 diocesis,
1798 3208 1863 3314 qui

454 3333 644 3410 detinetur
663 3333 764 3438 apud
777 3334 971 3421 Riomum,
990 3335 1028 3409 iu
1040 3335 1202 3439 quadam
1217 3366 1362 3415 camera
1375 3339 1513 3415 domus
1527 3336 1677 3440 Templi
1691 3335 1738 3413 de
1754 3336 1865 3414 Sellis

453 3461 550 3537 dicte
567 3462 880 3541 Claramontensis
900 3462 1072 3552 diocesis,
1094 3493 1162 3570 per
1181 3466 1332 3546 fratrem
1352 3468 1506 3544 Petrum
1522 3467 1571 3544 de
1586 3466 1729 3544 Madito
1739 3469 1865 3572 predi-

346 3644 347 3647 ,
454 3608 574 3679 ctum,
597 3593 661 3699 qui
688 3591 801 3668 [lebat
824 3593 975 3697 quaudo
997 3593 1224 3698 precipiebat
1244 3595 1411 3701 predicte
1431 3595 1559 3673 illicita
1584 3593 1684 3685 fieri,
1716 3614 1753 3673 et
1776 3614 1865 3673 suut

454 3750 529 3800 ιιιιι
546 3724 633 3799 anni
653 3723 709 3799 vel
726 3722 836 3828 circa;
854 3739 891 3798 et
910 3721 1111 3801 adfuerunt
1130 3723 1261 3803 fratres
1279 3726 1465 3804 Robertus
1484 3726 1698 3811 Chmncrii.
1715 3728 1779 3832 qui
1801 3727 1866 3802 ad·

453 3851 548 3957 sugit
574 3853 610 3927 in
638 3851 812 3958 capcione
835 3851 1012 3940 aliorum,
1036 3869 1073 3929 et
1093 3855 1298 3932 Durandus
1319 3856 1515 3935 Charnerii
1544 3872 1739 3962 preceptor
1765 3855 1863 3931 dicte

454 3981 604 4070 domus,
626 3984 804 4070 serviens,
823 3983 1055 4089 propinquus
1076 3984 1165 4059 dicti
1179 3985 1365 4074 Duraudi,
1392 3989 1430 4062 'et
1453 3986 1643 4089 Gubertus
1667 3984 1862 4090 presbiter,

454 4127 602 4186 curatus
623 4128 713 4188 tuuc
732 4111 829 4189 dicte
851 4113 1003 4204 domus,
1025 4112 1217 4194 deffuncti.
1241 4115 1346 4193 Vidit
1363 4115 1478 4193 eciam
1498 4144 1566 4220 per
1588 4115 1766 4192 eumdem
1789 4143 1867 4192 mo-

454 4238 546 4314 dum
571 4242 701 4345 recipi,
728 4262 816 4320 sunt
842 4271 910 4323 xxv
935 4245 1021 4321 anni
1043 4244 1100 4321 vel
1127 4247 1238 4335 circa,
1267 4247 1306 4322 in
1330 4245 1472 4352 capella
1491 4246 1628 4324 domus
1649 4245 1798 4350 Templi
1820 4245 1867 4322 de

454 4369 623 4476 Sydone,
641 4367 791 4446 fratrem
813 4373 1059 4451 Guillelmum
1076 4378 1104 4451 F
1106 4376 1319 4483 lameugum
1341 4376 1517 4463 militem,
1540 4375 1646 4482 cujus
1660 4401 1867 4482 cognomen

455 4499 619 4603 ignorat,
636 4500 683 4576 de
700 4501 805 4606 cujus
820 4502 891 4577 vita
906 4502 964 4577 vel
979 4521 1099 4580 morte
1114 4533 1191 4581 non
1207 4505 1320 4582 habet
1333 4504 1618 4592 certitudinem,
1640 4531 1708 4609 per
1722 4504 1864 4580 dictum

454 4625 604 4704 fratrem
635 4630 862 4706 Ademarum
894 4630 940 4704 de
968 4631 1146 4736 Peyruza,
1190 4635 1426 4737 presentibus
1453 4634 1559 4740 quasi
1594 4630 1770 4711 omnibus
1799 4633 1864 4738 qui

453 4750 647 4832 adsuerant
676 4758 714 4833 in
742 4757 961 4862 recepcione
990 4759 1146 4864 predicti
1177 4760 1299 4841 fratris
1321 4762 1501 4842 (Durandi
1530 4763 1661 4841 Lastic.
1693 4759 1863 4839 Plurium
