4230 5956
716 444 908 536 moces
934 465 1030 551 nes
1055 464 1358 535 rsurxmns.
1671 467 1745 539 aas

387 607 476 679 ltem
489 603 579 679 dixit
595 629 663 706 per
677 603 936 708 juramentum
948 606 1052 710 quod
1064 605 1115 692 vi,
1136 603 1193 680 vel
1208 621 1313 680 metu
1333 603 1487 679 carceris
1506 620 1569 678 aut
1580 620 1747 683 tormen-

329 752 469 817 torum,
493 759 568 810 non
590 732 684 809 dixit
703 733 806 810 alind
826 763 940 841 quam
960 737 1166 822 veritatem,
1188 735 1315 810 necin
1337 732 1525 838 premissis
1546 733 1748 811 immiscuit

329 864 491 968 aliquam
509 863 723 951 falsitatem,
739 883 804 942 aut
818 866 998 947 subticuit
1011 866 1219 951 veritatem,
1234 883 1271 941 et
1289 865 1392 969 quod
1409 891 1541 968 puram
1557 864 1748 940 veritatem

330 993 421 1069 dixit
439 1022 508 1098 pro
528 993 644 1070 salute
662 995 786 1072 anime
807 1024 885 1073 sue.

384 1126 414 1199 F
415 1142 495 1200 acte
519 1140 645 1201 autem
666 1141 752 1201 sunt
772 1125 1022 1203 confessiones
1042 1152 1108 1201 seu
1128 1125 1386 1228 deposiciones
1406 1126 1475 1199 hec
1493 1152 1515 1199 a
1531 1123 1639 1199 dictis
1656 1150 1749 1229 qua·

331 1270 420 1329 tuor
438 1251 613 1330 fratribus
627 1253 811 1341 lohanne,
832 1254 1017 1341 iohanne,
1040 1254 1237 1359 Radulpho
1259 1272 1296 1331 et
1314 1257 1423 1330 Petro
1445 1252 1588 1328 ordinis
1608 1251 1748 1329 milicie

331 1380 495 1486 Templi,
513 1380 734 1485 juramentis
750 1384 854 1488 prius
873 1385 920 1461 ab
937 1386 991 1461 eis
1004 1401 1048 1459 ut
1066 1385 1294 1488 premittitur
1313 1383 1490 1488 prestitis,
1513 1381 1696 1468 Parisius,
1707 1383 1745 1459 in

331 1509 506 1586 domibus
521 1511 686 1615 Templi,
699 1540 811 1602 anno,
828 1513 1032 1600 indicione,
1045 1512 1280 1618 pontificatu,
1301 1540 1399 1588 anno
1421 1530 1458 1588 ct
1478 1510 1539 1587 die
1553 1512 1745 1616 predictis,

302 1624 564 1742 'presentibus
589 1639 765 1719 fratribus
787 1644 941 1720 Terrico
967 1643 1013 1719 de
1036 1643 1195 1730 Amella,
1223 1643 1409 1719 bernardo
1432 1642 1478 1718 de
1499 1639 1690 1719 Molartico
1711 1658 1748 1717 et

329 1769 532 1874 Reginaldo
554 1772 600 1846 de
625 1772 737 1848 lardo
762 1774 905 1850 ordinis
923 1773 1077 1850 fratrum
1097 1774 1393 1860 Predicatorum,
1422 1771 1579 1847 testibus
1598 1771 1647 1846 ad
1664 1799 1749 1875 pre·

329 1900 438 1976 missa
455 1899 591 1977 vocatis
610 1917 647 1975 et
666 1903 812 2004 rogatis.

386 2158 433 2231 Et
452 2184 522 2263 ego
542 2157 703 2261 Amisins
718 2158 767 2233 de
785 2157 985 2235 Aureliano
1002 2158 1124 2234 dictus
1143 2158 1179 2234 le
1202 2158 1312 2245 Ratis,
1333 2159 1502 2244 clericus,
1520 2177 1748 2235 sacrosancte

334 2288 495 2363 Romane
520 2285 674 2361 ecclesie
700 2287 917 2363 auctoritate
941 2287 1107 2364 notarius
1128 2286 1314 2391 publicus,
1336 2288 1527 2392 premissis
1547 2286 1750 2367 consessio-

332 2416 442 2492 nibus
468 2432 504 2490 et
529 2416 705 2492 omnibus
725 2416 823 2503 aliis,
850 2433 961 2520 prout
988 2417 1028 2492 in
1045 2418 1113 2493 hac
1139 2432 1177 2491 et
1201 2416 1488 2521 precedentibus
1506 2416 1622 2522 peciis
1640 2418 1748 2524 signo

332 2576 417 2623 meo
437 2549 588 2652 signatis
601 2549 850 2636 continentur,
871 2576 1047 2626 unacum
1071 2551 1325 2655 suprascriptis
1343 2551 1500 2629 testibus
1516 2569 1554 2627 et
1572 2552 1748 2657 magistro

333 2675 512 2754 Gaulrido
532 2678 720 2783 Enguelor
738 2678 838 2754 dicto
861 2679 1022 2785 Chalop,
1047 2679 1199 2783 publico
1219 2681 1380 2768 notario,
1406 2708 1558 2784 presens
1577 2680 1747 2766 interlui,

333 2834 390 2894 ac,
413 2807 460 2883 dc
482 2807 657 2883 mandato
677 2807 766 2884 dicti
786 2808 1044 2898 commissarii,
1062 2808 1149 2884 huic
1160 2809 1408 2884 instrumento
1418 2836 1479 2884 me
1492 2809 1692 2914 subscripsi
1709 2810 1748 2884 in

333 2937 587 3014 testimonium
600 2938 882 3039 premissorum,
896 2937 1067 3043 illudque
1083 2938 1190 3044 signo
1210 2964 1296 3014 meo
1312 2938 1420 3014 solito
1435 2938 1570 3042 signavi
1587 2954 1749 3045 rogatus.

388 3197 436 3271 Et
460 3223 529 3300 ego
550 3196 751 3274 Gaulridus
770 3198 959 3303 Enguelor
979 3197 1100 3274 dictus
1119 3198 1278 3302 Chalop,
1297 3197 1452 3274 clericus
1469 3197 1644 3275 Dolensis
1657 3198 1751 3300 ⁴dio·

335 3328 441 3414 cesis,
463 3327 662 3432 apostolica
682 3329 897 3409 auctoritate
918 3328 1084 3405 notarius
1103 3326 1295 3431 publicus,
1317 3328 1506 3431 premissis
1520 3328 1699 3405 omnibus
1714 3346 1752 3407 et

334 3456 487 3561 singulis
507 3458 546 3531 in
567 3457 634 3532 hac
649 3473 686 3532 et
701 3458 915 3562 precedenti
934 3458 1050 3563 peciis
1063 3457 1174 3534 simul
1192 3459 1285 3534 sutis
1301 3474 1339 3533 et
1357 3458 1463 3562 signo
1480 3486 1566 3534 meo
1581 3457 1749 3563 signatis,

334 3604 502 3689 presens,
523 3615 596 3662 una
615 3615 700 3664 cum
717 3587 818 3664 dicto
832 3588 1006 3694 magistro
1024 3586 1163 3663 Amisio
1184 3587 1330 3663 notario
1346 3585 1514 3690 publico,
1539 3603 1576 3661 et
1594 3584 1751 3662 testibus

334 3716 610 3820 suprascriptis,
627 3715 795 3802 interlui,
818 3744 878 3794 me
894 3715 1110 3818 subscripsi,
1128 3733 1166 3792 et
1179 3716 1326 3819 signum
1344 3742 1471 3790 meum
1489 3713 1648 3819 apposui-
1661 3734 1750 3791 con·

335 3863 482 3922 suetum
501 3865 652 3923 vocatus
673 3863 710 3922 et
729 3862 890 3950 rogatus.

391 4106 431 4178 ln
441 4105 592 4187 nomine
601 4105 757 4182 Domini
769 4130 892 4181 amen.
903 4104 1297 4208 Pateat-univcrsisper
1308 4103 1381 4180 hoc
1392 4130 1545 4208 presens
1558 4103 1751 4208 publicum

336 4234 642 4321 instrumentum,
663 4235 767 4339 quod
787 4261 884 4311 anno
902 4234 1055 4311 Domini
1073 4232 1272 4311 millesimo
1293 4234 1555 4311 trecentesimo
1574 4235 1749 4340 septimo,

337 4361 525 4440 indicione
541 4379 656 4452 sexta,
677 4363 917 4468 pontificatus
930 4363 1150 4440 sanctissimi
1172 4363 1285 4468 patris
1301 4379 1339 4439 et
1353 4363 1497 4441 domini
1513 4363 1656 4441 domini
1669 4358 1754 4444 Cte-

338 4493 472 4569 mentis
495 4493 617 4570 divina
636 4494 876 4572 Providencia
900 4520 1019 4599 pappc
1044 4493 1175 4599 quinti·
1195 4520 1292 4570 anno
1325 4494 1507 4584 secundo,
1544 4494 1658 4570 tercia
1691 4493 1753 4571 die

336 4622 562 4710 novembris,
591 4623 816 4732 inreligiosi
841 4640 877 4701 et
902 4625 1050 4701 honesti
1078 4624 1145 4701 viri
1168 4625 1290 4702 fratris
1313 4624 1453 4702 Nicolai
1484 4624 1531 4702 de
1556 4625 1753 4715 Anessiaco

337 4753 481 4831 ordinis
496 4756 790 4843 Predicatorum,
810 4756 1051 4833 commissarii
1070 4754 1193 4834 fratris
1212 4755 1470 4834 Guillelmizde
1488 4755 1652 4875 Parisios.
1663 4755 1753 4832 dicti

1520 4903 1569 4969 ts.
