4230 5956
468 477 543 553 rto
848 460 1044 553 esoces
1067 477 1170 551 oss
1200 476 1505 550 rrurmnus.

468 617 670 703 serviente,
686 644 801 723 quem
820 619 942 695 credit
954 620 1091 705 vivere,
1109 618 1219 692 Petro
1244 615 1291 692 de
1316 616 1464 695 Medico
1486 615 1620 702 milite,
1637 617 1750 692 Petro
1763 613 1880 695 Char·

472 746 602 826 boneli
615 760 656 822 et
675 745 810 837 Quone
836 746 883 823 de
908 749 1052 823 Brueco
1076 745 1342 832 servientibus,
1369 744 1583 836 delluuctis,
1605 745 1645 820 iu
1674 744 1779 821 hunc
1799 772 1881 821 mo-

470 876 563 953 dum
582 905 591 950 ε
608 902 695 950 nam
724 873 839 978 petite
858 874 905 951 ab
935 874 988 950 eis
1014 873 1190 949 societate
1212 871 1355 948 ordinis
1379 888 1418 947 et
1442 872 1478 949 ei
1497 898 1686 961 concessa,
1706 889 1879 978 receptor

468 1003 558 1082 lecit
577 1030 642 1081 eos
661 1028 794 1080 vovere
819 1019 858 1079 et
872 1001 998 1107 jurare
1019 1002 1239 1088 castitatem,
1261 999 1538 1090 obedienciam,
1558 1000 1681 1079 vivere
1695 1001 1775 1076 sine
1789 1028 1876 1105 pro-

467 1133 570 1245 prio,
599 1149 637 1210 et
659 1157 801 1207 servare
819 1127 941 1207 bonos
965 1157 1054 1206 usus
1073 1130 1138 1233 qui
1159 1145 1250 1205 tunc
1271 1146 1376 1205 erant
1399 1130 1438 1206 in
1454 1130 1588 1206 ordine
1612 1145 1651 1205 et
1669 1128 1736 1234 qui
1756 1129 1795 1204 in
1811 1157 1876 1235 po-

469 1278 612 1341 sterum
636 1260 940 1365 imponerentur;
959 1276 998 1334 et
1016 1257 1199 1361 impositis
1218 1256 1406 1334 montellis
1433 1256 1668 1364 primodictis
1693 1257 1876 1335 militibus

469 1406 506 1467 et
530 1388 773 1495 postmodum
800 1387 870 1492 ipsi
897 1387 1002 1476 testi,
1031 1403 1201 1490 receptor
1223 1386 1296 1462 fuit
1317 1387 1505 1463 osculatus
1530 1412 1595 1463 eos
1621 1385 1661 1462 in
1695 1387 1875 1463 umbilico

467 1545 580 1623 super
598 1533 734 1603 vestes,
753 1515 823 1619 ipsi
842 1531 986 1607 temen,
1008 1515 1111 1618 quod
1126 1513 1281 1602 recolet,
1303 1542 1379 1590 uon
1398 1513 1552 1593 suerunt
1569 1511 1725 1593 osculati
1749 1516 1874 1620 ipsum

467 1662 699 1752 receptorem
719 1673 791 1720 nec
815 1645 908 1722 elios
934 1662 1094 1721 astantes
1109 1643 1148 1717 in
1167 1671 1245 1720 ore.
1260 1644 1410 1721 Deinde
1428 1645 1595 1751 precepit
1618 1645 1672 1722 eis
1690 1643 1794 1751 quod
1810 1646 1873 1722 ab

467 1793 619 1882 negaret
638 1776 763 1852 Deum
783 1774 842 1851 vel
866 1776 1039 1861 Jbesum,
1063 1772 1198 1877 etipse
1223 1773 1329 1850 testis
1348 1771 1523 1853 fecithoc
1541 1802 1620 1865 ore,
1645 1802 1721 1853 non
1741 1777 1872 1866 corde3

467 1921 506 1984 et
523 1903 642 1982 credit
666 1902 770 2008 quod
790 1903 925 1980 eodem
947 1902 1062 1979 modo
1083 1929 1148 1980 ore
1173 1928 1251 1978 non
1275 1904 1388 1981 corde
1404 1903 1679 2011 abnegaverunt
1693 1905 1782 1981 dicti
1801 1908 1872 1982 mi·

466 2032 562 2111 lites.
585 2032 743 2110 Deinde.
759 2032 868 2109 allate
892 2033 1011 2109 nescit
1030 2059 1098 2138 per
1122 2060 1235 2139 quem
1263 2033 1425 2139 quadem
1453 2062 1582 2122 cruce,
1610 2033 1728 2111 nescit
1752 2034 1872 2139 quali,

466 2163 633 2269 precepit
657 2162 711 2239 eis
732 2162 836 2267 quod
855 2178 1035 2266 spuerent
1053 2190 1164 2269 supra
1184 2190 1284 2252 eam,
1310 2180 1350 2241 et
1366 2180 1551 2269 spuerunt
1573 2191 1652 2241 non
1673 2191 1784 2269 supra
1807 2165 1873 2241 sed

403 2378 407 2386 ,
459 2292 565 2398 juxta
584 2318 678 2366 eam.
703 2290 804 2367 Dixit
823 2290 876 2366 eis
901 2291 1053 2396 insuper
1070 2292 1175 2397 quod
1197 2290 1373 2369 fratribus
1397 2292 1543 2370 ordinis
1559 2309 1733 2397 poterant
1748 2320 1872 2370 cerne·

465 2418 553 2498 liter
576 2418 825 2506 commisceri,
849 2435 887 2495 et
908 2419 977 2524 ipsi
993 2447 1080 2495 cum
1106 2421 1178 2511 eis,
1205 2439 1244 2498 et
1261 2422 1366 2527 quod
1384 2421 1552 2527 predicta
1577 2422 1703 2498 omnia
1722 2419 1816 2497 secte
1835 2439 1872 2498 et

468 2548 622 2627 distein
638 2548 829 2655 presencie
847 2547 1007 2625 eliorum
1023 2565 1128 2626 erent
1147 2565 1184 2626 et
1197 2547 1338 2627 fiebant
1358 2578 1401 2628 ex
1417 2567 1593 2656 precepto
1613 2550 1768 2627 ordinis.
1790 2551 1870 2627 Alia

465 2678 595 2758 illicita
608 2707 686 2757 non
705 2680 986 2757 intervenerunt
1000 2679 1040 2754 in
1070 2679 1177 2755 dictis
1190 2679 1473 2786 recepcionibus
1489 2707 1560 2757 nec
1579 2697 1681 2785 post,
1705 2696 1744 2756 et
1755 2681 1872 2758 credit

465 2810 571 2915 quod
598 2810 730 2886 eudem
756 2826 794 2886 et
819 2835 897 2885 non
923 2808 995 2885 alia
1018 2809 1300 2886 intervenerunt
1323 2810 1573 2889 communiter
1601 2825 1640 2886 et
1666 2807 1810 2913 ubique
1832 2811 1870 2887 in

461 2937 745 3045 recepcionibus
765 2938 923 3014 aliorum
952 2937 1108 3014 fratrum
1133 2939 1275 3015 ordinis
1297 2938 1355 3015 vel
1379 2957 1494 3044 post:
1516 2938 1603 3044 quie
1624 2937 1716 3014 vidit
1737 2964 1871 3014 secun·

462 3066 556 3143 dum
591 3068 749 3145 modum
775 3068 1022 3146 consessatum
1052 3096 1120 3173 per
1148 3097 1237 3145 eum
1262 3069 1377 3174 recipi
1406 3069 1557 3146 fratrem
1585 3068 1792 3146 Jobnnnem
1819 3067 1867 3144 de

460 3195 591 3272 Monte
627 3195 823 3271 Marlhone
843 3245 846 3249 -
863 3193 1022 3271 militem
1054 3197 1268 3302 quondam,
1299 3198 1342 3274 in
1376 3197 1516 3302 capelle
1547 3196 1683 3275 domus
1717 3196 1866 3301 Templi

461 3325 509 3401 de
542 3322 687 3401 Chanat
725 3323 1039 3403 Claromontensis
1069 3325 1242 3416 diocesis,
1273 3342 1361 3402 suut
1393 3326 1540 3404 circiter
1564 3322 1631 3403 rufi
1660 3326 1770 3412 anni,
1801 3354 1869 3430 per

457 3451 613 3531 fratrem
638 3454 835 3557 Hugonem
861 3453 1018 3557 Sayoelli
1050 3452 1225 3543 militem,
1262 3456 1309 3532 de
1335 3457 1441 3562 cujus
1464 3455 1538 3531 vita
1559 3453 1618 3531 vel
1639 3472 1759 3531 morte
1788 3482 1865 3532 non

456 3581 572 3661 hebet
589 3581 868 3669 certitudinem,
890 3582 1125 3686 presentibus
1143 3582 1317 3660 fratribus
1331 3584 1553 3690 Rsymundo
1569 3583 1686 3662 Vince
1701 3601 1740 3660 et
1756 3584 1866 3660 Petro

457 3710 644 3817 Potheyro
669 3709 931 3801 servientibus,
965 3712 1181 3800 deffunctis,
1215 3729 1253 3788 et
1280 3714 1398 3789 Petro
1412 3713 1529 3799 Blavi,
1551 3728 1646 3789 teste
1670 3732 1780 3816 supra
1800 3714 1865 3815 ju-

453 3858 556 3929 ruo,
578 3856 663 3944 post
681 3840 784 3916 huuc
803 3839 1022 3917 examinato.
1039 3841 1143 3918 Vidit
1161 3840 1277 3917 eciam
1295 3842 1408 3945 recipi
1426 3870 1493 3946 per
1507 3840 1684 3917 eumdem
1704 3840 1862 3916 modum

454 3970 607 4047 fratrem
636 3968 828 4047 Gnlterum
854 3968 901 4044 de
925 3970 1034 4045 Massi
1064 3970 1241 4061 militem,
1270 3970 1468 4047 detentum
1497 3968 1674 4060 Parisios,
1701 3967 1741 4044 in
1766 3968 1863 4046 dicta

454 4099 595 4205 capelle
621 4100 756 4176 domus
783 4099 932 4204 Templi
958 4100 1006 4176 de
1027 4100 1208 4189 Folbose,
1238 4100 1385 4177 circiter
1411 4128 1479 4206 per
1498 4127 1639 4177 annum
1668 4114 1753 4175 ante
1781 4127 1865 4206 cap-

452 4228 603 4305 ciouem
626 4254 777 4317 eorum,
802 4256 872 4333 per
890 4228 1092 4336 quemdem
1118 4230 1278 4306 militem
1303 4230 1409 4336 cujus
1430 4256 1570 4306 nomen
1591 4244 1630 4305 et
1653 4256 1863 4334 cognomen

449 4362 616 4467 ignorat,
638 4357 875 4462 presentibus
901 4356 1077 4434 fratribus
1090 4412 1093 4417 <
1107 4358 1276 4436 Johanne
1304 4358 1469 4436 Senendi
1498 4375 1535 4434 et
1561 4360 1604 4434 B.
1625 4356 1674 4433 de
1692 4357 1859 4452 libonio,

449 4486 610 4567 testibus
645 4514 757 4591 supra
791 4486 1025 4576 examinatis,
1067 4503 1104 4563 et
1141 4488 1258 4564 eciam
1294 4488 1476 4565 Durando
1516 4485 1732 4576 Cheruerii,
1765 4504 1860 4566 teste

448 4619 620 4723 proximo
640 4615 864 4706 examinato,
884 4630 928 4692 ut
947 4615 1019 4691 sibi
1038 4615 1196 4693 videtur.
1216 4617 1386 4693 Plurium
1410 4613 1694 4722 recepcionibus
1709 4643 1788 4693 non
1806 4644 1859 4693 re

448 4745 540 4823 colit
558 4746 723 4833 affuisse,
749 4744 839 4821 licet
856 4742 929 4820 luit
958 4742 1056 4820 ultra
1084 4772 1186 4821 mere
1212 4764 1346 4851 quater
1364 4747 1424 4825 vel
1450 4745 1655 4853 quinquies
1676 4761 1855 4849 usqum
