4230 5956
360 509 406 578 aa
745 480 943 575 proces
970 501 1066 571 nes
1093 496 1405 571 reuertens..

358 647 404 722 dc
425 644 622 723 Penrando
653 641 818 719 visitator
840 641 1011 730 Francie,
1039 639 1237 747 presidens
1257 653 1351 713 tune
1373 635 1535 744 capitulo
1562 664 1697 715 eorum
1722 666 1787 748 ge·

358 777 485 855 nerali-
500 776 679 865 Parisius,
705 774 846 880 recepit
869 774 909 850 in
933 771 1075 881 capella
1101 769 1233 878 majori
1258 767 1408 874 Templi
1435 767 1561 874 ipsum
1585 785 1723 846 testem
1751 787 1790 849 et

357 909 490 986 fratres
502 909 715 987 lohannem
728 908 833 983 Bratz
850 905 897 982 de
917 907 989 981 Fer
1005 903 1277 1010 presbiterum,
1295 899 1527 976 Richardum
1549 900 1650 977 Scoti
1665 931 1789 1009 quon-

359 1041 461 1128 dam,
481 1038 710 1116 Richardum
729 1036 778 1113 de
798 1035 974 1142 Caprosia
996 1034 1142 1113 dictum
1161 1032 1198 1109 le
1216 1032 1367 1112 Charon
1386 1031 1606 1120 servientes,
1633 1049 1672 1109 et
1689 1034 1787 1113 duos

358 1172 450 1249 alios
469 1143 672 1248 servientes
687 1196 853 1276 quorum
871 1166 1025 1243 nomina
1049 1182 1087 1242 et
1112 1163 1336 1271 cognomina
1361 1162 1527 1271 ignorat,
1548 1164 1789 1269 presentibus

357 1299 535 1378 fratribus
553 1296 755 1404 Radulpho
774 1297 820 1374 dc
836 1296 915 1376 Gisi
937 1313 974 1373 et
989 1294 1166 1401 Philippo
1187 1292 1330 1400 Agathe
1346 1309 1438 1368 tunc
1457 1308 1677 1400 preceptore
1697 1298 1790 1374 Nor·

359 1431 527 1517 mannie,
549 1445 592 1507 ct'
605 1428 804 1537 Repnardo
824 1426 871 1504 de
892 1425 1119 1533 Tremplayo
1141 1426 1368 1533 presbitero,
1394 1425 1555 1504 testibus
1574 1455 1686 1532 supra
1706 1455 1789 1505 exa-

359 1562 526 1651 minatis,
558 1577 700 1638 astante
726 1559 796 1663 alia
822 1557 1069 1636 multitudine
1096 1586 1165 1665 pro
1192 1555 1357 1663 capitulo
1390 1575 1622 1666 congregata.
1655 1555 1688 1633 Α
1710 1587 1787 1665 quo

359 1708 553 1801 receptore
570 1720 656 1769 cum
669 1691 868 1797 peciissent
882 1689 1064 1768 instanter
1076 1705 1114 1766 et
1124 1687 1267 1796 pluries
1279 1716 1417 1794 panem
1432 1705 1471 1765 et
1482 1717 1618 1796 aquam
1631 1689 1785 1781 ordinis,

359 1842 397 1900 et
417 1824 471 1901 eis
490 1823 747 1931 respondisset
767 1821 871 1929 quod
890 1821 988 1899 bene
1012 1819 1283 1909 deliberarent,
1305 1820 1392 1927 quia
1413 1836 1605 1927 oporteret
1625 1848 1689 1899 eos
1709 1850 1729 1898 a
1748 1849 1787 1900 se

357 1954 528 2032 abdicare
555 1953 747 2060 propriam
773 1951 1008 2030 voluntatem
1039 1969 1076 2030 et
1102 1951 1236 2058 subjici
1262 1950 1400 2041 aliene,
1431 1969 1470 2029 et
1492 1951 1617 2063 multa·
1636 1951 1729 2030 dura
1750 1968 1799 2033 et.

357 2114 486 2190 aspera
515 2085 721 2173 sustinere,
760 2083 926 2162 finaliter
958 2084 1115 2191 prestito
1149 2111 1219 2189 per
1246 2084 1507 2192 juramentum
1539 2081 1645 2191 quod
1670 2081 1787 2160 nichil

359 2215 542 2293 dederant
560 2215 619 2292 vel
637 2216 889 2321 promiserant
907 2232 951 2290 ut
968 2216 1228 2326 reciperentur
1248 2216 1287 2291 in
1309 2215 1442 2294 ordine
1463 2217 1693 2323 supradicto,
1718 2242 1790 2291 nec

356 2364 466 2424 erant
485 2345 593 2423 alteri
613 2343 787 2454 religioni
809 2344 982 2452 obligati,
1004 2374 1074 2423 nec
1094 2346 1284 2424 habebant
1303 2346 1446 2454 aliquid
1466 2346 1786 2454 inpedimentum,

358 2478 447 2556 lecit
475 2506 540 2555 eos
568 2504 699 2555 vovere
727 2477 950 2565 castitatem,
983 2477 1260 2570 obedienciam,
1292 2497 1331 2556 et
1362 2479 1483 2556 vivere
1512 2477 1591 2555 sine
1620 2471 1785 2583 proprio.

359 2610 607 2687 Postmodum
623 2608 805 2715 imposuit
817 2608 870 2684 eis
885 2606 1101 2698 mantellos,
1121 2608 1331 2715 presbitero
1347 2609 1518 2716 predicto
1535 2606 1789 2713 dicentepsal·

357 2767 463 2816 mum
477 2739 641 2817 Ecclesie
653 2741 767 2818 :Ecce
779 2768 881 2844 quom
897 2741 1016 2816 bonum
1033 2754 1068 2817 et
1080 2769 1181 2843 quom
1183 2740 1391 2845 jocundum,
1405 2755 1443 2816 et
1452 2740 1634 2846 quasdam
1649 2739 1791 2816 oracio·

358 2900 440 2963 nes,
459 2888 497 2948 et
514 2897 646 2948 omnes
658 2868 790 2948 fratres
805 2887 968 2948 astantes
987 2868 1142 2948 fuerunt
1157 2899 1221 2948 eos
1237 2869 1394 2948 osculati
1408 2870 1448 2946 in
1469 2899 1547 2949 ore.
1570 2871 1658 2965 Quo
1673 2869 1787 2957 sacto,

358 3000 430 3077 fuit
449 3000 591 3077 dictum
611 3028 679 3107 per
698 3000 905 3108 quemdam
926 3029 970 3076 cr
985 3000 1164 3080 fratribus
1184 3000 1407 3087 astantibus,
1429 3000 1549 3078 nescit
1567 3031 1636 3108 per
1655 3029 1787 3107 quem,

359 3133 542 3240 receptori
569 3133 673 3240 quod
698 3133 777 3239 ipse
807 3132 1013 3212 obmiserat
1045 3163 1109 3212 eos
1144 3134 1362 3212 conculcare
1402 3161 1552 3211 crucem
1584 3132 1720 3224 lacere,
1752 3151 1790 3210 et

359 3263 464 3369 quod
492 3283 753 3372 apportaretur
780 3296 870 3343 crux
893 3284 937 3344 ut
963 3254 1227 3345 conculcarent
1256 3296 1357 3362 eam;
1391 3267 1542 3344 etcum
1573 3267 1652 3372 ipse
1685 3266 1790 3344 testis

360 3393 485 3470 etalii
511 3396 653 3504 recepti
682 3398 756 3475 hoc
781 3397 1026 3491 audivissent,
1057 3398 1213 3476 luerunt
1241 3398 1486 3475 vehementer
1507 3396 1720 3503 stupefacti,
1753 3415 1791 3476 et
1894 3410 1938 3479 σέ

358 3525 553 3630 potissime
573 3528 652 3634 ipse
671 3529 794 3618 testis,
816 3546 860 3605 ut
882 3529 985 3607 dixit.
1011 3532 1098 3626 Quo
1118 3532 1216 3622 viso,
1239 3529 1363 3607 dictus
1383 3545 1554 3635 receptor
1574 3528 1668 3605 dixit
1687 3529 1790 3635 quod

358 3657 438 3762 ipse
469 3675 548 3735 erat
578 3659 667 3738 alibi
702 3659 955 3767 profecturus,
991 3679 1029 3740 et
1061 3663 1166 3770 quod
1201 3661 1436 3738 dimitterent
1467 3661 1587 3738 dictos
1619 3678 1790 3767 receptos

358 3805 475 3882 stare,
498 3789 587 3898 quia
606 3790 696 3869 alias
716 3793 995 3872 instruerentur
1016 3795 1062 3872 de
1083 3793 1232 3902 punctis
1246 3790 1413 3902 :ordinis3
1432 3809 1470 3868 et
1489 3792 1542 3869 sic
1558 3789 1663 3868 nulla
1679 3820 1789 3868 cruce

357 3919 481 4012 allata,
514 3922 657 4033 necde
690 3922 817 4029 aliquo
847 3923 920 4001 alio
947 3925 1080 4003 illicito
1106 3940 1284 4003 contento
1311 3925 1350 3999 in
1372 3923 1479 4001 dictis
1504 3922 1669 4001 articulis
1694 3921 1790 4000 lacta

358 4067 447 4127 tunc
473 4053 671 4132 moncione
697 4054 772 4160 ipsi,
792 4056 880 4132 testi
906 4056 965 4133 vcl
985 4056 1083 4147 aliis,
1114 4073 1361 4134 recesserunt.
1391 4055 1466 4134 Sed
1486 4055 1641 4162 quidam
1660 4051 1786 4143 frater,

280 4167 282 4171 ¹
359 4180 466 4288 cujus
486 4210 626 4261 nomen
648 4203 686 4262 et
705 4215 918 4295 cognomen
944 4189 1107 4298 ignorat,
1133 4189 1227 4266 dixit
1247 4187 1367 4294 quod,
1394 4186 1603 4265 secundum
1630 4181 1789 4263 consue·

357 4313 532 4392 tudinem
560 4316 732 4406 ordinis,
753 4319 943 4399 debebant
972 4323 1156 4431 abnegare
1182 4322 1324 4412 Deum,
1354 4336 1398 4397 ut
1423 4318 1495 4396 sibi
1525 4317 1693 4405 videtur3
1722 4316 1791 4394 sed

357 4439 619 4550 postmodum,
644 4450 690 4526 de
717 4451 826 4528 dictis
853 4452 994 4528 illicitis
1019 4453 1079 4528 vel
1108 4453 1190 4528 aliis
1210 4452 1313 4530 nulla
1333 4450 1405 4528 luit
1433 4449 1526 4527 lacta
1550 4449 1700 4527 mencio
1719 4448 1790 4555 ipsi

252 4563 259 4576 ⁹
356 4578 537 4665 testi3nec
548 4581 616 4657 scit
628 4581 851 4656 necaudivit
863 4581 1196 4688 quodlueritfacta
1208 4582 1356 4661 mencio
1371 4582 1453 4659 aliis
1465 4611 1551 4659 cum
1562 4579 1788 4688 eoreceptis.

296 4733 299 4740 ·
358 4708 574 4814 Requisitus
594 4711 624 4785 si
647 4711 732 4799 scit,
753 4710 811 4787 vel
828 4712 966 4800 credit,
987 4711 1045 4789 vel
1062 4712 1203 4790 audivit
1219 4714 1292 4790 dici
1313 4714 1417 4821 quod
1437 4713 1561 4819 aliqua
1580 4711 1712 4790 illicita
1731 4711 1791 4791 in·

357 4837 587 4914 tervenircnt
601 4838 639 4914 in
652 4840 937 4948 recepcionibus
949 4842 1110 4920 aliorum
1121 4842 1278 4921 fratrum
1289 4843 1346 4921 vel
1359 4862 1460 4949 post,
1474 4844 1673 4951 respondit
1682 4842 1789 4950 quod
