4230 5956
691 482 885 572 esoces
913 501 1007 572 ons
1034 502 1329 576 'rennuens
1648 510 1716 584 155

298 668 375 719 non
396 657 474 716 erat
494 668 627 748 ymago
647 639 841 731 Crucifixi,
864 642 982 719 nescit
1001 672 1068 749 per
1088 673 1223 750 quem,
1245 663 1284 722 et
1303 647 1341 722 in
1361 662 1460 722 terra
1480 648 1614 751 posita,
1636 677 1719 753 pre-

296 773 395 876 cepit
417 771 450 848 ei
471 772 574 877 quod
595 787 749 877 spueret
764 799 878 876 super
900 800 1001 862 eam,
1026 790 1063 850 et
1082 774 1159 879 ipse
1178 774 1284 853 testis
1305 776 1406 882 spuit
1425 804 1502 852 non
1521 806 1630 882 supra
1650 779 1717 855 sed
1806 820 1809 825 ·

291 899 578 1009 juxta.Deinde
596 903 764 1008 precepit
783 903 817 978 ei
837 902 944 1009 quod
964 904 1200 983 oscularetur
1218 933 1306 983 eum
1325 907 1364 982 in
1384 934 1455 983 ano
1476 908 1574 983 etin
1594 908 1718 986 umbi·

295 1032 385 1120 lico,
416 1050 454 1109 et
480 1031 552 1110 fuit
579 1061 668 1111 eum
693 1034 881 1111 osculatus
905 1034 945 1111 in
966 1034 1058 1114 locis
1080 1037 1259 1141 predictis
1284 1039 1323 1114 in
1351 1066 1460 1114 carne
1481 1038 1594 1115 nuda.
1616 1039 1719 1116 Dixit

297 1166 414 1243 eciam
438 1164 472 1241 ei
492 1165 596 1272 quod
618 1164 815 1241 carnaliter
838 1182 986 1271 poterat
1010 1168 1244 1244 commisceri
1270 1168 1352 1245 aliis
1376 1167 1553 1246 fratribus
1573 1169 1717 1248 ordinis

297 1314 335 1374 et
349 1297 418 1402 ipsi
435 1325 521 1373 cum
540 1324 602 1386 θος
621 1297 693 1373 hoc
707 1313 834 1375 tamen
847 1325 923 1372 nou
934 1294 1039 1383 fecit,
1057 1327 1127 1375 nec
1142 1300 1264 1375 credit
1277 1300 1384 1406 quod
1398 1299 1437 1377 iu
1453 1298 1713 1380 ordinefieret.

296 1426 427 1506 Credit
445 1445 572 1504 tamen
586 1428 691 1534 quod
705 1427 875 1534 predicta
889 1426 1017 1505 illicita
1032 1428 1236 1508 confessata
1252 1458 1319 1538 per
1334 1459 1439 1523 eum,
1453 1430 1546 1509 sacta
1565 1452 1603 1510 et
1620 1433 1717 1511 dicta

296 1561 334 1636 in
361 1558 552 1665 presencia
579 1558 852 1664 predictorum,
877 1559 1148 1638 intervenirent
1168 1562 1468 1639 communiterin
1487 1563 1716 1669 recepcioui-

294 1691 376 1768 bus·
390 1689 548 1768 aliorum
573 1688 730 1767 fratrum
754 1688 896 1766 ordinis
918 1688 976 1765 vel
1000 1707 1101 1795 post,
1127 1689 1214 1768 licet
1239 1692 1373 1769 viderit
1397 1691 1492 1770 duos
1517 1694 1648 1798 recipi,
1677 1694 1716 1769 in

295 1853 455 1930 quorum
478 1820 760 1927 recepcionibus
774 1818 892 1898 nichil
900 1818 1085 1899 illicitum
1102 1822 1361 1911 intervenerit,
1383 1823 1488 1930 quod
1508 1823 1587 1927 ipse
1607 1824 1717 1901 scive-

295 1954 344 2030 rit
358 1953 417 2031 vcl
436 1951 622 2030 audiverit
641 1950 734 2040 dici,
754 1949 1101 2030 videlieet-fratrem
1121 1952 1336 2058 Guigonem
1361 1953 1409 2029 de
1438 1954 1597 2029 Namans
1617 1953 1716 2031 mili·

293 2102 388 2172 tem,
410 2084 607 2159 detentum
629 2082 669 2155 in
685 2079 826 2157 diocesi
844 2080 1095 2169 Rutbenensi,
1118 2108 1233 2187 quern
1253 2082 1394 2187 recepit
1412 2080 1525 2159 frater
1538 2084 1647 2191 Hugo
1667 2085 1714 2161 dc

295 2213 504 2303 Penrando,
526 2212 565 2288 in
586 2209 749 2317 quadam
768 2207 910 2315 capella
928 2209 1065 2288 domus
1082 2211 1232 2316 Templi
1254 2212 1302 2289 de
1322 2212 1496 2290 Montilio
1518 2212 1713 2301 Ademari,

295 2361 382 2421 sunt
400 2371 460 2421 sex
480 2343 566 2418 anni
587 2339 643 2416 vel
661 2339 775 2428 circa,
805 2339 1044 2445 presentibus
1072 2340 1172 2417 dicto
1197 2340 1308 2418 fratre
1336 2340 1513 2419 Guidoue
1538 2341 1714 2420 Ademan'
1752 2436 1755 2442 Ι

295 2491 332 2551 et
365 2474 476 2551 fratre
506 2472 641 2551 laccho
666 2470 715 2546 ds
748 2468 954 2548 Mallavalle
988 2470 1188 2558 serviente,
1210 2500 1324 2578 quem
1357 2472 1477 2550 credit
1504 2473 1642 2561 vivere,
1678 2491 1716 2552 et

295 2606 456 2709 ibidem,
474 2621 512 2681 et
530 2631 599 2710 per
620 2600 819 2688 eumdem,
845 2617 884 2677 et
906 2599 1043 2678 eodem
1069 2601 1203 2690 modo,
1229 2618 1268 2679 et
1291 2602 1433 2680 eisdem
1459 2603 1712 2708 presentibus,

296 2738 367 2814 suit
386 2753 558 2841 receptus
578 2732 691 2809 frater
711 2730 915 2808 Mondetus
935 2731 982 2806 de
1001 2733 1091 2808 Fara
1112 2731 1237 2819 miles,
1261 2733 1308 2810 de
1321 2732 1496 2810 Montilio
1516 2732 1711 2822 Ademari,

294 2869 359 2974 qui
383 2866 575 2943 detinetur
594 2860 769 2943 Parisius.
789 2861 903 2949 Item,
927 2859 1022 2936 dixit
1040 2859 1144 2966 quod
1163 2861 1203 2936 in
1222 2861 1325 2938 dicto
1347 2862 1481 2939 ordine
1502 2861 1715 2942 celebrabat

294 2999 502 3075 secundum
523 2993 683 3073 formam
702 2990 885 3078 Ecclesie,
913 3006 952 3065 et
975 2989 1096 3067 credit
1120 2991 1225 3096 quod
1248 2992 1310 3068 elii
1332 2993 1544 3071 sacerdotes
1571 2993 1714 3070 ordinis

294 3130 430 3207 eodem
461 3126 577 3205 modo
604 3122 850 3201 celebrarent.
880 3120 1121 3199 Contrarium
1150 3140 1277 3200 tamen
1301 3123 1373 3201 fuit
1398 3124 1469 3202 sibi
1494 3142 1713 3231 preceptum

293 3289 360 3366 per
380 3260 524 3337 dictum
544 3268 788 3360 receptorem,
810 3251 898 3358 quia
925 3251 1019 3328 dixit
1039 3252 1146 3358 quod
1171 3270 1251 3330 eret
1273 3254 1313 3330 in
1333 3255 1468 3333 ordine
1489 3272 1713 3333 consuetum

293 3393 397 3500 quod
416 3389 662 3468 obmitterent
680 3383 869 3461 illauerba
883 3413 893 3459 ε
908 3383 987 3460 Hoc
1006 3397 1059 3460 est
1070 3389 1165 3461 enim
1186 3413 1308 3490 corpus
1328 3415 1450 3464 meum.
1471 3386 1622 3464 audivit
1640 3386 1713 3465 dici

293 3551 313 3598 a
335 3519 622 3629 preceptoribus
647 3516 791 3595 ordinis
808 3513 934 3604 laicis,
965 3514 1017 3590 de·
1037 3543 1201 3620 quorum
1226 3518 1444 3595 nominibus
1467 3546 1544 3596 non
1564 3516 1711 3607 recolit,

293 3654 396 3758 quod
427 3652 496 3757 ipsi
523 3665 698 3756 poterant
721 3644 932 3730 absolvere,
964 3644 1173 3721 secuudum
1200 3674 1332 3723 eorum
1353 3647 1558 3755 privilegia,
1582 3645 1713 3722 fratres

294 3783 341 3858 ab
355 3780 629 3860 inobedieuciis
643 3806 797 3866 corum3
815 3775 939 3852 dictus
953 3792 1079 3852 tamen
1092 3776 1198 3853 testis
1213 3806 1290 3855 non
1308 3778 1427 3855 credit
1439 3777 1542 3884 quod
1559 3790 1713 3881 propter

293 3914 432 3991 dictam
450 3911 730 3991 absolucionem
751 3906 973 3985 debuissent
998 3906 1198 3985 obmittere
1222 3909 1507 3987 consessionem.
1530 3904 1713 3983 Jurabant

293 4046 468 4122 ordinem
495 4071 573 4120 non
599 4042 716 4130 exire3
747 4038 871 4116 statim
898 4064 967 4143 pro
986 4035 1161 4141 professis
1193 4037 1440 4116 habebantur.
1470 4035 1710 4115 Clandestine

293 4173 580 4279 recipiebantur,
595 4171 711 4249 nullis
726 4165 963 4275 presentibus
982 4165 1053 4241 uisi
1068 4165 1245 4242 fratribus
1261 4167 1422 4255 ordinis,
1445 4196 1488 4244 eu
1501 4195 1578 4274 quo
1594 4164 1712 4243 credit

293 4303 395 4410 quod
415 4319 513 4379 esset
527 4302 689 4407 suspicio
716 4314 843 4376 contra
864 4323 942 4372 eos.
971 4293 1148 4372 Cordulis
1178 4296 1279 4372 unde
1310 4296 1484 4374 volebant
1512 4294 1713 4401 assumptis

294 4434 550 4541 cingebantur,
577 4458 620 4508 ea
647 4444 825 4537 precepto
851 4424 1105 4531 superiorum,
1133 4452 1248 4532 super
1271 4429 1439 4508 camisias
1464 4459 1550 4506 cum
1573 4425 1713 4535 quibus

288 4553 473 4660 jacebant.
509 4561 777 4670 lnjungebatur
812 4557 867 4634 eis
897 4581 965 4661 per
997 4573 1274 4633 sacramentum
1310 4586 1358 4634 ne
1391 4558 1557 4664 predicta
1584 4557 1712 4637 illicita

293 4696 519 4784 revelarent3
541 4713 579 4771 et
602 4694 630 4770 si
653 4690 895 4778 revelassent,
911 4683 1031 4762 credit
1049 4687 1152 4791 quod
1174 4687 1332 4766 domum
1348 4689 1611 4795 perdidissent.
1625 4689 1714 4767 Fra-

291 4845 368 4908 tres
382 4829 545 4906 scientes
565 4852 711 4903 errores
734 4823 897 4900 luerunt.
911 4815 1161 4923 negligentes,
1182 4819 1270 4926 quia
1290 4849 1366 4897 aon
1387 4837 1628 4918 correxerunt
1647 4849 1712 4900 eos

1453 5009 1455 5013 -
1510 4980 1559 5022 20.
