4230 5956
439 461 515 533 rso
816 435 1012 528 ruocns
1043 453 1139 524 ons
1172 451 1476 527 rnurunns.

438 596 644 681 dienciam,
666 596 787 671 vivere
807 594 887 671 sine
907 595 1078 700 proprio,
1099 619 1243 670 servare
1257 591 1379 670 bonos
1395 619 1487 669 usus
1504 609 1545 670 et
1559 592 1678 671 bonas
1695 623 1856 674 consue-

438 726 592 805 tudines
609 724 770 816 ordinis,
793 752 870 802 non
890 725 1055 802 revelare
1074 740 1215 800 secreta
1234 722 1497 828 capituliorum
1513 740 1552 800 et
1569 750 1647 802 nou
1664 724 1856 805 dimittere

438 857 583 937 dictum
601 855 774 933 ordinem
795 883 865 960 pro
885 854 1012 961 aliquo
1030 852 1121 943 alio,
1145 870 1184 930 et
1202 853 1379 960 imposito
1399 853 1469 931 sibi
1488 852 1678 946 mantello,
1690 857 1778 961 ipse
1797 886 1857 935 re-

440 1002 568 1092 ceptor
583 1003 622 1062 et
638 1003 800 1063 astantes
819 983 975 1061 fuerunt
991 1012 1082 1061 eum
1103 982 1258 1060 oscidati
1280 983 1320 1059 in
1338 1008 1424 1074 ore,
1447 999 1488 1060 et
1503 982 1582 1090 ipse
1596 982 1706 1063 testis‘
1713 985 1786 1065 suit
1801 1016 1857 1066 os

439 1117 586 1195 culatus
605 1116 727 1222 ipsum
749 1132 885 1192 testem
904 1115 944 1190 in
965 1114 1143 1202 humero,
1163 1129 1337 1219 exparte
1361 1113 1557 1206 anteriori,
1584 1142 1701 1221 super
1724 1134 1854 1196 vestes.

439 1247 686 1324 Postmodum
708 1246 831 1322 dictus
851 1244 963 1322 irater
981 1245 1186 1321 Berrardus
1204 1243 1315 1319 traxit
1333 1243 1458 1347 ipsum
1473 1261 1610 1321 testem
1629 1263 1731 1324 retro
1748 1249 1858 1326 corti-
1967 1345 1970 1350 Α

440 1404 513 1461 nas.
525 1376 665 1465 altaris,
692 1393 730 1452 et
754 1376 847 1451 dixit
868 1376 920 1465 ei,
942 1375 994 1452 ita
1011 1373 1197 1452 submisse
1216 1374 1322 1479 quod
1347 1372 1410 1449 alii
1433 1372 1474 1450 in
1497 1373 1638 1481 capella
1656 1377 1857 1465 existentes

439 1535 518 1585 non
542 1523 715 1611 poterant
733 1505 885 1594 audire,
906 1503 1012 1610 quod
1031 1503 1111 1609 ipse
1127 1503 1233 1580 testis
1250 1502 1415 1580 debebat
1432 1519 1492 1581 ter
1509 1531 1643 1609 spuere
1661 1533 1775 1612 super
1786 1524 1857 1585 ter-

441 1665 520 1715 ram
532 1655 568 1714 et
582 1656 640 1714 ter
655 1637 836 1743 abnegare
853 1637 1027 1724 lbesum3
1051 1650 1186 1711 etcum
1203 1634 1237 1711 ei
1253 1633 1479 1740 precepisset
1496 1635 1602 1742 quod
1615 1635 1688 1713 boc
1699 1636 1854 1728 faceret,

440 1769 519 1874 ipse
541 1769 645 1846 testis
669 1768 770 1872 spuit
791 1784 861 1855 ter,
881 1782 922 1842 et
944 1782 1003 1841 ter
1020 1765 1176 1842 Jbesum
1202 1764 1396 1872 abnegavit
1419 1792 1503 1855 ore,
1527 1792 1603 1843 non
1622 1767 1756 1856 corde,
1776 1798 1856 1848 cre-

440 1900 534 1974 dens
559 1898 663 2002 quod
690 1897 751 1973 alii
781 1895 912 1974 fratres
936 1895 1080 1972 ordinis
1109 1893 1361 1970 communiter
1390 1911 1429 1970 et
1459 1893 1602 2002 ubique
1626 1896 1729 1975 idem
1757 1896 1854 1975 sace-

440 2044 539 2117 reut,
561 2028 628 2106 sed
645 2028 726 2104 alia·
738 2026 866 2103 illicita
885 2052 962 2102 non
981 2025 1266 2101 intervenerunt
1282 2024 1325 2100 in
1346 2023 1444 2101 dicta
1461 2052 1527 2102 sua
1544 2026 1765 2132 recepcione
1787 2056 1856 2106 nec

440 2174 535 2260 post.
555 2157 665 2244 Item,
688 2155 781 2233 dixit
798 2155 903 2261 quod
921 2156 1002 2260 ipse
1016 2154 1113 2231 bene
1134 2152 1311 2230 credebat
1328 2153 1586 2234 ecclesiasticis
1600 2159 1854 2249 sacramentis,

442 2286 599 2361 credens
623 2284 729 2390 quod
755 2283 817 2358 alii
835 2284 966 2359 fratres
988 2282 1131 2359 ordinis
1152 2282 1287 2360 eodem
1312 2283 1429 2361 modo
1454 2284 1668 2373 crederent,
1693 2284 1731 2363 et
1752 2289 1855 2393 quod

441 2442 573 2491 eorum
590 2413 799 2490 sacerdotes
815 2412 940 2488 debite
956 2410 1200 2488 celebrarent.
1219 2410 1460 2488 Clandestine
1474 2414 1762 2520 recipiebantur,
1777 2416 1857 2493 nul·

439 2547 486 2625 lis
505 2543 741 2650 presentibus
756 2542 827 2619 nisi
845 2541 1023 2619 iratribus
1040 2542 1199 2629 ordinis,
1221 2570 1265 2618 ex
1279 2569 1358 2648 quo
1373 2542 1494 2620 eredit
1508 2544 1613 2650 quod
1627 2561 1724 2622 esset
1736 2548 1856 2653 suspi-

439 2677 497 2755 cio
516 2691 644 2754 contra
663 2702 739 2752 eos.
754 2672 932 2752 Cordulis
949 2672 1051 2749 unde
1070 2672 1246 2750 volebant
1261 2672 1462 2778 assumptis
1483 2672 1729 2780 cingebantur
1744 2703 1857 2782 super

438 2807 605 2886 camisias
630 2834 717 2883 cum
735 2804 875 2911 quibus
894 2802 1077 2912 jacebant.
1100 2802 1175 2896 Qui
1194 2801 1421 2881 revelassent
1433 2819 1576 2915 secreta
1588 2805 1855 2908 capituliorum

439 2939 555 3015 eciam
568 2936 744 3014 fratribus
766 2934 910 3013 ordinis
927 2934 992 3040 qui
1011 2962 1088 3011 non
1108 2932 1305 3010 adfuerant
1319 2933 1359 3009 in
1374 2931 1533 3019 eisdem,
1551 2932 1710 3011 domum
1727 2937 1855 3040 perdi-

439 3069 592 3144 dissent.
616 3068 763 3143 Fratres
785 3066 928 3143 ordinis
946 3066 1086 3172 quibus
1105 3065 1225 3145 credit
1246 3081 1353 3143 notas
1372 3063 1486 3145 luisse
1507 3063 1796 3172 abnegaciouem
1817 3087 1855 3144 et

438 3195 668 3301 spuicionem
690 3194 875 3299 predictas
894 3196 1048 3274 suerunt
1068 3195 1315 3303 negligentes,
1330 3195 1419 3302 quia
1434 3223 1512 3274 non
1527 3213 1770 3275 correxerunt
1786 3226 1855 3275 nec

439 3325 760 3402 denunciaverunt
783 3326 957 3403 Ecclesie.
980 3326 1213 3404 Elemosinas
1237 3342 1275 3403 et
1296 3326 1590 3432 hospitalitatem
1612 3355 1656 3406 ex
1679 3346 1855 3436 precepto

438 3457 675 3562 superiorum
705 3456 847 3533 ordinis
870 3457 963 3533 vidit
990 3459 1254 3535 convenienter
1279 3456 1361 3535 lieri
1389 3475 1427 3534 et
1453 3458 1587 3536 servari
1614 3458 1654 3534 in
1679 3460 1856 3538 domibus

437 3588 581 3665 ordinis
600 3586 640 3664 in
659 3586 797 3692 quibus
818 3589 937 3664 extitit
958 3606 1224 3678 commoratus,
1244 3606 1281 3665 et
1300 3587 1591 3667 deffendebatur
1609 3588 1663 3666 eis
1680 3618 1728 3667 ne
1748 3591 1856 3670 inde-

432 3707 515 3796 bite
528 3717 765 3824 acquirerent
779 3718 915 3795 ordini.
930 3718 1114 3824 Capitulis
1134 3719 1322 3828 generalia
1341 3719 1435 3797 vidit
1446 3720 1494 3798 de
1511 3719 1573 3796 die
1589 3721 1723 3812 teneri,
1739 3720 1855 3798 nullis

437 3849 675 3952 presentibus
688 3849 759 3924 nisi
774 3847 952 3926 fratribus
967 3849 1126 3941 ordinis,
1139 3849 1267 3956 januis
1291 3849 1438 3928 clausis.
1457 3849 1638 3928 Ordinato
1653 3877 1721 3955 per
1739 3851 1852 3958 Magi-

437 3995 557 4056 strum
570 4007 657 4056 cum
674 3997 859 4057 conventu
870 4000 1053 4058 servasset
1069 3997 1171 4059 totus
1182 3980 1296 4069 ordo,
1313 3998 1441 4059 contra
1456 4007 1572 4086 quem
1587 4006 1690 4057 nunc
1697 3961 1853 4087 grandia

437 4109 624 4198 scandala,
653 4111 813 4216 suspicio
841 4129 877 4188 et
904 4111 1053 4189 infamia
1078 4130 1167 4190 sunt
1191 4129 1335 4201 exorta,
1363 4128 1400 4189 et
1426 4112 1547 4190 credit
1569 4111 1673 4220 quod
1697 4139 1854 4221 magnus

436 4238 610 4346 Magister
634 4241 758 4317 etalii
782 4243 919 4320 dietam
944 4242 1235 4350 abnegacionem
1263 4260 1302 4320 et
1326 4243 1559 4348 spuicionem
1587 4242 1664 4320 sint
1683 4242 1851 4321 confessi.

436 4369 519 4446 Non
536 4369 725 4447 obtulerat
742 4399 781 4448 se
800 4373 846 4449 ad
864 4373 1138 4452 deffensionem
1156 4370 1316 4465 ordinis,
1338 4399 1408 4449 nec
1425 4373 1546 4451 luem
1562 4371 1661 4450 ultra
1682 4400 1805 4463 mare,

492 4501 707 4606 Requisitus
731 4504 761 4580 si
794 4502 846 4580 sic
881 4502 1106 4606 deposuerat
1135 4531 1265 4610 prece,
1298 4520 1492 4610 precepto,
1520 4503 1674 4594 timore,
1706 4530 1850 4589 amore,

436 4629 543 4718 odio,
565 4630 624 4708 vel
639 4632 837 4738 temporali
872 4632 1033 4709 comodo
1057 4634 1186 4710 habito
1215 4634 1274 4712 vel
1303 4633 1497 4723 babendo,
1528 4633 1723 4740 respondit
1745 4632 1850 4738 quod

435 4783 532 4846 non,
557 4763 622 4837 sed
654 4763 895 4865 proceritate
921 4761 1096 4851 dicenda,
1115 4765 1175 4841 cui
1195 4764 1267 4841 luit
1290 4765 1503 4870 injunctum
1531 4764 1637 4872 quod
1656 4791 1733 4842 non
1748 4752 1851 4838 reve-
