4230 5956
653 462 849 557 rnoots
874 482 971 555 niis
997 480 1295 554 ruuriiuiis
1612 482 1683 556 its

321 624 379 701 Ad
393 623 483 710 lxxi,
499 622 586 699 lxxii
603 641 640 698 et
655 623 754 700 lxxiii
770 623 943 700 articulos
958 623 1133 700 inclusive
1153 623 1416 727 interrogatus,
1439 621 1531 699 dixit
1549 641 1587 700 et
1600 652 1689 702 con·

266 753 382 830 lessus
409 769 465 829 est
490 753 611 857 quod,
636 753 740 860 juxta
764 770 943 830 statutum
969 753 1086 858 ipsius
1114 752 1272 841 ordinis,
1300 750 1425 827 nullus
1443 748 1556 827 frater
1575 754 1689 831 audet

265 883 425 960 revelare
445 882 556 960 alicui
574 911 616 959 ea
636 911 710 990 que
725 883 821 961 fiunt
836 884 875 959 iii
888 883 1050 989 capitulo
1064 884 1232 989 ipsorum
1247 881 1418 970 fratrum,
1434 909 1504 957 nec
1513 881 1561 958 de
1575 885 1689 989 gestis

265 1014 321 1090 vel
331 1013 440 1090 dictis
451 1013 568 1089 eciam
582 1014 621 1089 in
631 1014 712 1119 ipso
725 1014 885 1121 capitulo
901 1014 1039 1091 audent
1051 1014 1154 1120 loqui
1172 1013 1251 1090 aliis
1261 1011 1436 1089 fratribus
1447 1012 1616 1119 ejusdem
1629 1042 1690 1091 or-

266 1144 365 1220 dinis
387 1143 451 1249 qui
476 1161 669 1251 presentes
687 1145 726 1219 in
746 1145 828 1251 ipso
851 1144 1015 1250 capitulo
1040 1172 1115 1219 non
1141 1144 1305 1220 suerunt.
1328 1142 1429 1220 Dixit
1449 1143 1565 1218 eciam
1588 1144 1691 1248 quod

265 1273 377 1350 frater
391 1274 456 1377 qui
473 1275 702 1350 contrarium
714 1274 845 1352 fecisse
859 1275 1030 1352 detectus
1048 1291 1160 1363 esset,
1176 1273 1351 1350 mantello
1366 1273 1530 1382 perdito,
1548 1274 1596 1350 de
1609 1275 1690 1380 ipso

266 1403 398 1480 ordine
424 1402 682 1509 expelleretur.
703 1407 750 1482 Et
773 1405 847 1482 hoc
867 1406 959 1482 dixit
979 1433 1019 1482 se
1042 1407 1136 1481 scire
1159 1405 1246 1481 ideo
1270 1403 1374 1510 quia,
1401 1420 1444 1480 ut
1467 1404 1574 1493 dixit,
1599 1404 1690 1481 vidit

264 1533 428 1637 predicta
450 1561 529 1611 esse
552 1536 688 1641 scripta
705 1537 744 1611 iii
761 1535 858 1612 libro
875 1553 1096 1613 statutorum
1118 1552 1155 1612 et
1173 1535 1302 1642 regule
1320 1534 1463 1611 ordinis
1473 1535 1687 1639 supradicti.

319 1663 378 1740 Ad
393 1663 508 1741 lxxiiii
527 1665 724 1742 articulum
738 1667 986 1770 respondens,
1008 1666 1152 1774 negavit
1172 1694 1259 1741 euin
1276 1682 1314 1741 et
1333 1681 1503 1741 contenta
1517 1664 1557 1739 in
1572 1693 1630 1743 eo.

322 1794 380 1870 ild
399 1793 494 1885 lxxv,
515 1793 610 1874 lxxvi
631 1812 668 1872 et
687 1796 799 1874 lxxvii
814 1795 989 1873 articulos
1008 1796 1186 1873 inclusive
1207 1794 1438 1900 respondens
1453 1793 1688 1898 singulariter

263 1923 435 2028 singulis,
459 1924 605 2029 negarit
619 1949 683 2000 eos
698 1941 736 2000 et
755 1926 878 2002 omnia
898 1941 935 2021 et
954 1925 1097 2032 singula
1118 1941 1291 2001 contenta
1311 1924 1349 1999 in
1370 1924 1437 2016 eis,
1459 1923 1625 2001 adiciens
1651 1951 1691 1999 se

264 2052 415 2129 credere
435 2053 540 2159 quod
557 2053 644 2130 ideo
665 2080 741 2131 non
759 2055 884 2160 potuit
903 2055 1036 2160 corrigi
1052 2082 1122 2129 nec
1141 2054 1312 2130 desinere
1332 2054 1436 2160 quod
1455 2082 1533 2131 non
1552 2053 1633 2133 luit.

311 2183 378 2261 'td
392 2182 532 2274 lxxviii,
550 2185 647 2262 lxxix
664 2201 703 2262 et
722 2185 806 2263 lxxx
821 2184 996 2262 articulos
1009 2184 1186 2263 inclusive
1199 2171 1467 2291 interrogatus,
1487 2185 1688 2263 dixitcon·

264 2330 364 2388 tenta
383 2313 423 2388 in
442 2314 496 2390 eis
511 2316 634 2390 omnia
651 2330 689 2391 et
707 2315 850 2422 singula
869 2343 944 2392 non
965 2343 1045 2392 esse
1064 2344 1166 2405 vera3
1186 2315 1350 2392 adiciens
1365 2316 1468 2421 quod
1487 2317 1526 2392 in
1542 2318 1688 2394 statutis

264 2441 353 2518 dicti
367 2442 510 2519 ordinis
525 2460 672 2521 cavetur
686 2445 790 2549 quod
798 2446 1026 2551 quicumque
1041 2444 1155 2521 frater
1165 2445 1309 2552 aliquid
1323 2445 1484 2523 scienter
1498 2462 1536 2521 et
1550 2446 1686 2552 injuste

264 2573 471 2677 acquireret
494 2574 564 2677 ipsi
589 2572 769 2683 Templo,
786 2574 891 2682 quod
918 2575 1095 2681 perderet
1109 2573 1305 2663 habitum,
1328 2574 1433 2650 etde
1453 2576 1534 2680 ipso
1554 2576 1686 2654 ordine

265 2702 521 2808 expelleretur.
567 2750 571 2757 ·
1100 2712 1116 2739 ’

318 2832 376 2910 Ad
394 2830 708 2913 lxxxr'articulum
732 2835 965 2941 respondens
984 2837 1247 2941 interrogatus,
1277 2834 1370 2911 dixit
1390 2862 1429 2911 se
1450 2835 1592 2913 nescire
1617 2862 1686 2913 nec

264 2964 415 3040 credere
428 2963 574 3042 lamam
589 2992 671 3043 esse
689 2966 737 3042 de
757 2964 935 3071 predictis
952 2993 972 3040 u
987 2992 1026 3041 se
1042 2965 1215 3070 superius
1235 2963 1458 3041 consessatis.

318 3092 376 3168 Ad
392 3093 502 3172 lxxxii
516 3081 713 3172 articulum
729 3095 961 3201 respondens
981 3095 1245 3201 interrogatus,
1269 3094 1361 3170 dixit
1380 3122 1418 3170 se
1438 3121 1514 3173 non
1533 3094 1685 3172 credere

262 3223 365 3328 quod
386 3223 519 3331 aliquis
538 3224 653 3302 frater
671 3226 759 3303 dieti
785 3226 927 3303 ordinis
946 3224 1139 3302 confessus
1157 3225 1326 3303 fueritin
1342 3225 1486 3332 judicio
1508 3225 1567 3303 vel
1587 3243 1686 3303 extra

264 3353 367 3429 eade
384 3354 580 3460 quibusin
600 3355 756 3433 articulo
777 3356 908 3462 agitur.

318 3482 377 3560 td
395 3484 537 3576 lxxxiii,
556 3486 693 3565 lxxxiiii
711 3504 748 3564 et
768 3487 874 3567 lxxxv
898 3487 1073 3565 articulos
1096 3487 1272 3564 inclusive
1293 3488 1541 3591 respondens,
1568 3487 1688 3563 credit

263 3615 367 3720 quod
389 3614 521 3693 fratres
543 3616 591 3692 de
617 3617 757 3722 quibus
779 3617 820 3691 iii
845 3618 967 3722 papali
986 3616 1109 3693 littera
1126 3616 1170 3692 fit
1188 3617 1328 3692 mentio
1353 3615 1509 3692 confessi
1529 3615 1683 3704 suerint,

262 3762 374 3849 prout
388 3745 426 3819 in
437 3747 515 3851 ipsa
524 3743 645 3822 littera
657 3746 880 3822 continetur.
894 3746 995 3822 Diait
1006 3763 1131 3821 tamen
1146 3773 1186 3821 se
1201 3745 1355 3822 credere
1365 3746 1470 3852 quod
1479 3745 1684 3851 predictam

264 3873 534 3951 consessionem
553 3877 722 3952 lecerunt
741 3875 833 3952 salso
858 3876 973 3953 modo
992 3893 1029 3952 et
1043 3891 1171 3953 contra
1196 3896 1347 3953 omnem
1365 3877 1573 3967 veritatem,
1592 3892 1685 3952 etse

264 4004 428 4081 eredere.
444 4005 546 4082 Dixit
560 4005 647 4085 ideo
667 4006 912 4112 quodcertus
932 3993 988 4083 est
1001 4007 1048 4084 de
1068 4035 1108 4084 se
1127 4008 1235 4112 ipso,·
1249 4024 1287 4084 et
1302 4007 1349 4084 de
1364 4006 1445 4083 aliis
1460 4006 1580 4083 credit
1598 4030 1685 4084 curn

263 4133 401 4239 quibus
420 4153 653 4213 conversatus
673 4153 728 4214 est
751 4137 911 4214 indicta
929 4137 1050 4231 domo
1064 4137 1181 4215 Mansi
1208 4138 1277 4214 Dei
1303 4137 1450 4216 ordinis
1466 4137 1682 4243 supradicti,

264 4290 339 4341 non
361 4264 550 4349 comisisse
568 4266 736 4371 predicta
754 4295 825 4343 nec
843 4265 990 4373 aliquid
1008 4268 1055 4344 de
1073 4266 1261 4372 predictis.

320 4392 378 4470 Ad
396 4394 514 4474 lxxxii
529 4396 727 4472 articulum
740 4397 972 4502 respondeus
986 4397 1184 4504 diligenter
1199 4398 1461 4503 interrogatus,
1477 4397 1569 4473 dixit
1579 4396 1686 4502 qnod

265 4523 344 4628 ipse
368 4525 433 4631 qui
455 4525 623 4631 loquitur
640 4525 712 4603 tuit
727 4544 898 4632 receptus
918 4526 957 4605 in
974 4523 1125 4604 fratrem
1144 4527 1233 4605 dicti
1253 4527 1395 4606 ordinis
1411 4524 1473 4604 die
1492 4526 1686 4605 Dominicr

265 4671 350 4732 ante
369 4655 505 4734 festum
522 4657 636 4734 sancti
650 4656 831 4735 lohannis
848 4658 989 4736 mensis
997 4695 1001 4700 ·
1003 4659 1100 4766 junii
1113 4659 1280 4764 proxime
1293 4658 1514 4764 preteritum
1534 4655 1698 4734 xii-anni

264 4803 352 4863 suut
373 4786 506 4895 elapsi,
522 4817 591 4894 per
603 4786 755 4866 fratrem
769 4787 814 4867 G.
828 4788 875 4865 de
889 4782 1042 4866 Abel'ars
1055 4805 1146 4867 tunc
1161 4806 1428 4896 preceptorem
1436 4788 1532 4867 dicte
1547 4788 1684 4880 domus
