4230 5956
614 452 808 544 moces
834 468 928 542 ons
955 470 1258 544 resumens.
1597 478 1645 550 95
1712 532 1718 540 ,

230 613 446 701 deffunctis,
471 611 510 687 in
537 639 702 718 quorum
732 612 889 717 quidem
916 612 1200 717 recepcionibus
1226 613 1396 731 velpost
1423 617 1539 694 nichil
1573 621 1645 696 luit

226 762 350 822 actum
372 770 441 818 nec
461 742 604 819 dictum
621 743 670 820 de
681 742 824 829 illicitis
843 743 883 818 in
908 743 1075 820 articulis
1094 743 1279 821 contentis
1298 773 1368 821 nec
1382 746 1528 852 aliquid
1543 749 1644 826 aliud

226 874 491 963 inhonestum3
512 871 586 970 sed,
601 901 670 979 per
693 901 758 950 eos
779 873 969 978 requisitis
993 874 1188 964 societate,
1209 902 1304 978 pane
1330 893 1367 951 et
1385 904 1481 983 aqua
1501 880 1645 955 ordinis

226 1006 457 1112 frequenter,
480 1023 518 1081 et
538 1005 812 1082 deliberacione
829 1005 973 1091 habita,
992 1005 1045 1081 eis
1060 1006 1260 1093 concessis,
1278 1007 1333 1082 eis
1345 1036 1414 1110 pro
1428 1009 1505 1085 suis
1518 1037 1645 1115 recep-

226 1137 398 1214 cionibus
412 1135 652 1225 instantibus,
671 1136 839 1242 predicto
850 1137 956 1242 quod
962 1135 1059 1212 bene
1072 1135 1339 1226 deliberarent,
1353 1138 1439 1244 quia
1455 1158 1645 1244 oporteret

227 1297 291 1345 cos
303 1297 323 1343 a
334 1295 372 1344 se
386 1267 557 1345 abdicare
568 1266 736 1373 proprias
748 1266 955 1343 voluntates
967 1283 1004 1344 et
1014 1266 1145 1375 subjici
1159 1266 1307 1354 alienis,
1323 1284 1360 1343 et
1373 1268 1490 1345 multa
1502 1270 1596 1346 dura
1607 1292 1645 1347 et

226 1388 571 1503 asperasustinere3
592 1394 756 1474 finaliter
772 1396 914 1503 poscito
935 1395 983 1473 ab
1003 1397 1057 1473 eis
1070 1397 1175 1503 quod
1195 1424 1272 1473 non
1287 1397 1478 1474 habebant
1492 1399 1645 1477 infirmi·

225 1545 316 1605 tates
336 1527 513 1619 latentes,
535 1556 605 1604 nec
624 1544 731 1604 erant
755 1527 892 1605 debitis
917 1555 991 1633 que
1018 1526 1160 1604 solvere
1182 1553 1258 1603 nou
1278 1545 1445 1632 possent,
1475 1557 1545 1605 nec
1566 1561 1644 1606 ma-

224 1658 422 1745 trimonio,
444 1686 516 1734 nec
536 1657 640 1735 alteri
663 1657 837 1765 religioni
853 1656 1027 1763 obligati,
1050 1655 1138 1733 fecit
1162 1657 1216 1733 eis
1230 1684 1362 1734 vovere
1383 1675 1421 1733 et
1441 1659 1567 1763 jurare
1588 1689 1646 1736 ca·

223 1789 405 1876 stitatem,
422 1787 700 1875 obedienciam,
721 1788 843 1865 vivere
859 1787 940 1864 siue
960 1787 1130 1893 proprio,
1148 1804 1185 1863 et
1205 1815 1349 1864 servare
1362 1788 1483 1865 bonos
1497 1819 1588 1867 usus
1607 1810 1644 1866 et

223 1920 340 1997 bonas
361 1918 655 1996 consuetudines
668 1918 824 1995 ordinis.
846 1919 893 1995 Et
913 1917 1099 2022 impositis
1112 1918 1234 2023 primo
1255 1918 1458 2009 militibus,
1479 1938 1644 2027 postmo-

225 2049 316 2125 dum
339 2047 602 2135 servientibus,
626 2046 832 2136 mantellis,
855 2047 926 2123 luit
947 2075 1010 2122 eos
1036 2047 1225 2124 osculatus
1250 2049 1288 2123 in
1310 2076 1393 2136 ore,
1414 2065 1452 2124 et
1470 2049 1644 2127 instruxit

224 2205 288 2254 eos
305 2194 398 2282 quot
418 2177 529 2252 Pater
545 2190 659 2252 noster
676 2175 845 2259 dicerent
866 2204 932 2281 pro
950 2176 1054 2252 horis
1068 2177 1159 2264 suis,
1181 2193 1219 2253 et
1238 2176 1400 2282 qualiter
1418 2197 1591 2285 regerent
1604 2210 1643 2255 se

223 2308 261 2381 in
290 2305 435 2383 ordine.
457 2305 681 2410 ,Requisitus
706 2305 736 2381 si
763 2306 851 2393 scit,
886 2306 1007 2382 credit
1034 2307 1091 2384 vel
1118 2305 1259 2382 audivit
1285 2302 1358 2382 dici
1385 2305 1489 2412 quod
1514 2306 1641 2385 illicita

225 2444 398 2512 contenta
417 2436 458 2511 in
474 2435 640 2511 articulis
658 2435 717 2511 vel
743 2435 831 2523 alia,
857 2463 925 2512 seu
945 2435 1068 2541 aliqua
1092 2464 1135 2512 er
1156 2436 1210 2512 eis
1230 2436 1497 2514 intervenirent
1521 2437 1560 2512 in
1584 2467 1643 2513 re-

223 2564 464 2669 cepcionibus
490 2564 649 2642 aliorum
677 2563 833 2645 fratrum
862 2565 953 2641 dicti
986 2565 1131 2641 ordinis
1160 2564 1218 2641 vel
1247 2583 1347 2670 post,
1380 2569 1574 2671 respoudit
1603 2599 1641 2642 se

224 2697 383 2783 nescire,
406 2722 476 2774 nec
493 2695 684 2771 audiverat
701 2695 775 2771 dici
797 2712 883 2771 ante
902 2695 1118 2799 capcionem
1139 2722 1292 2782 eorum3
1314 2696 1380 2770 sed
1393 2711 1480 2800 post
1499 2698 1642 2800 capcio-

224 2852 329 2915 nem,
360 2825 501 2902 audivit
528 2825 601 2901 dici
631 2852 810 2931 magnum
841 2824 1059 2932 Magistrum
1088 2840 1125 2900 et
1151 2823 1243 2899 alios
1270 2823 1498 2899 contrarium
1528 2823 1640 2900 luisse

223 2954 425 3043 confessos,
449 2972 487 3032 et
509 2972 663 3061 propter
686 2955 775 3042 hoe,
798 2952 890 3030 dixit
915 2980 955 3029 se
978 2953 1120 3030 nescire
1141 2952 1246 3058 quod
1268 2953 1393 3028 credat
1415 2981 1529 3059 super
1551 2954 1638 3042 hoc,

224 3113 269 3160 an
290 3086 388 3167 dicta
408 3086 534 3163 illicita
552 3085 825 3163 intervenirent
840 3082 900 3158 vel
921 3110 1019 3169 noo3
1040 3111 1110 3159 nec
1129 3083 1199 3158 scit
1212 3081 1315 3160 aliud
1336 3084 1384 3159 de
1400 3085 1586 3161 contentis
1600 3086 1641 3161 in

224 3214 333 3291 dictis
351 3214 517 3292 articulis
537 3213 608 3291 nisi
628 3213 794 3318 predicta
810 3229 849 3290 et
865 3211 963 3290 illud
979 3212 1084 3318 quod
1101 3213 1295 3318 sequitur:
1316 3241 1403 3289 nam
1424 3215 1517 3290 dixit
1535 3219 1638 3320 quod

223 3344 319 3422 bene
337 3344 513 3421 credebat
532 3343 788 3422 ecclesiasticis
810 3343 1065 3435 sacramentis,
1094 3360 1133 3420 et
1151 3343 1270 3421 credit
1295 3345 1400 3450 quod
1422 3347 1483 3422 alii
1508 3346 1640 3423 fratres

224 3476 366 3552 ordinis
386 3475 520 3553 eodem
551 3474 667 3552 modo
693 3474 905 3560 crederent,
934 3490 970 3550 et
993 3476 1099 3579 quod
1122 3501 1254 3551 eorum
1280 3476 1492 3555 sacerdotes
1511 3477 1639 3554 debite

223 3605 465 3683 celebrarent.
482 3605 662 3682 Jurabant
677 3603 850 3682 ordinem
870 3631 946 3681 non
964 3603 1074 3681 exire.
1098 3604 1230 3681 Statim
1250 3633 1320 3710 pro
1339 3605 1514 3710 professis
1532 3607 1640 3682 habe·

224 3736 371 3812 bantur.
389 3734 934 3842 Clandestine-recipiebantur,
955 3761 1000 3812 ex
1015 3761 1093 3840 quo
1109 3735 1230 3812 credit
1244 3735 1349 3841 quod
1365 3753 1461 3814 esset
1475 3736 1639 3838 suspicio

223 3883 351 3943 contra
375 3895 451 3945 eos.
476 3866 655 3946 Cordulis
679 3865 781 3944 unde
804 3863 979 3943 volebant
998 3866 1199 3970 assumptis
1223 3865 1468 3972 cingebantur
1487 3880 1640 3968 propter

223 3997 458 4075 honestatem
485 4025 599 4104 super
623 3996 791 4075 camisias
814 4024 902 4074 cum
927 3994 1067 4101 quibus
1089 3994 1274 4102 jacebant.
1296 3992 1565 4099 lujungebatur
1585 3993 1639 4068 eis

222 4153 290 4231 per
319 4142 594 4203 sacramentum
626 4125 731 4231 quod
765 4130 842 4203 non
878 4123 1084 4201 revelarent
1116 4139 1258 4199 secreta
1288 4120 1555 4226 capitulorum,
1588 4122 1637 4198 de

225 4254 341 4330 modo
359 4254 589 4359 recepcionis
607 4253 758 4360 speciali
770 4279 854 4336 „non
875 4251 1001 4329 habita
1022 4251 1231 4325 mencione.
1254 4250 1448 4343 Quamdiu
1466 4268 1638 4359 poterant

225 4383 393 4459 invenire
419 4382 628 4462 sacerdotes
650 4380 809 4470 ordinis,
836 4405 912 4458 non
939 4395 1113 4485 poterant
1136 4378 1278 4484 absque
1304 4408 1435 4457 eorum
1461 4381 1635 4471 licencia,

222 4512 305 4592 aliis
321 4510 503 4590 confiteri.
521 4510 561 4588 Si
575 4511 641 4618 qui
657 4527 764 4588 erant
776 4510 907 4588 fratres
922 4510 1082 4586 scientes
1097 4536 1242 4588 errores
1257 4511 1296 4587 in
1314 4511 1462 4602 ordine,
1480 4511 1634 4589 luerunt

226 4644 459 4752 negligentes
478 4642 664 4749 quianon
683 4656 923 4719 correxerunt
941 4665 1006 4718 eos
1030 4668 1098 4717 nec
1119 4640 1440 4719 denunciaverunt
1457 4641 1633 4719 Ecclesia.

222 4774 277 4852 De
302 4775 478 4851 mandato
498 4773 734 4881 superiorum
760 4769 902 4851 ordinis
926 4770 1019 4849 vidit
1039 4769 1262 4851 elemosinas
1282 4789 1319 4849 et
1345 4771 1634 4879 hospitalitatem
