4230 5956
671 470 868 562 anonas
901 487 996 559 ons
1029 490 1334 565 'renarrans
1636 497 1710 573 205

291 645 411 717 tento,
433 644 472 704 et
498 628 724 734 quibusdam
750 626 833 705 aliis
862 628 910 704 de
940 656 1104 734 quorum
1128 632 1347 709 nominibus
1374 661 1451 709 non
1483 637 1710 726 recordatur,

292 757 329 833 in
347 758 451 835 huuc
470 758 629 834 modum
649 791 658 834 ε
679 786 767 834 nam
788 776 873 864 post
896 759 1033 836 multas
1057 758 1174 837 bonas
1197 762 1494 855 exhortaciones,
1513 763 1636 842 dictus
1655 796 1713 846 re-

291 903 421 993 ceptor
447 886 535 965 fecit
557 916 646 964 eum
665 915 798 965 vovere
822 905 862 965 et
881 890 1009 997 jurare
1036 917 1150 996 super
1176 891 1368 997 quoddam
1393 891 1543 972 missale
1568 896 1712 974 castita-

289 1035 388 1108 tem,
414 1017 696 1109 obedienciam,
723 1019 844 1096 vivere
870 1019 952 1097 sine
978 1023 1149 1127 proprio,
1177 1041 1215 1099 et
1235 1050 1378 1133 servare
1405 1024 1527 1102 bonos
1555 1053 1647 1104 usus
1674 1045 1712 1106 et

289 1149 408 1226 bonas
426 1149 734 1239 consuetudines,
761 1167 800 1227 et
821 1178 898 1228 non
923 1151 1086 1229 revelare
1106 1170 1245 1232 secreta
1266 1154 1420 1231 ordinis.
1444 1157 1531 1232 Post
1550 1184 1625 1263 que
1643 1158 1713 1234 im·

291 1280 414 1384 posito
433 1279 504 1357 sibi
525 1279 723 1369 mantello,
747 1281 826 1387 ipse
849 1298 888 1358 et
906 1298 1066 1361 astantes
1094 1285 1250 1362 osculati
1272 1283 1425 1362 suerunt
1453 1312 1541 1362 eum
1568 1286 1607 1362 in
1626 1314 1709 1392 ore;

291 1427 330 1486 et
343 1408 452 1487 allata
473 1408 615 1487 ibidem
641 1412 802 1517 qaudam
824 1440 932 1489 cruce
950 1438 1086 1519 cuprea
1108 1416 1156 1493 de
1178 1414 1308 1506 altare,
1332 1443 1401 1521 per
1419 1417 1624 1523 quemdam
1639 1417 1712 1496 fra·

289 1559 386 1619 trem
407 1542 632 1619 servientem
657 1570 772 1648 quem
799 1570 875 1620 non
897 1562 1049 1621 noverat
1078 1560 1281 1652 assumpta,
1319 1545 1357 1622 in
1380 1573 1456 1652 qna
1476 1564 1556 1623 erat
1576 1574 1710 1657 ymago

291 1670 486 1759 Crucifixi,
503 1671 617 1777 peciit
635 1671 683 1748 ab
707 1700 754 1749 eo
775 1672 898 1751 dictus
916 1692 1088 1779 receptor
1111 1676 1140 1751 si
1161 1675 1338 1753 credebat
1362 1675 1401 1750 in
1428 1674 1537 1752 illurn
1565 1676 1631 1781 qui
1652 1703 1711 1753 re·
1800 1665 1804 1673 ’

290 1803 574 1908 presentahatur
592 1832 665 1909 per·
690 1802 791 1880 illam
804 1804 1035 1912 ymaginem,
1063 1806 1157 1882 etsi
1185 1805 1361 1882 credebat
1388 1804 1493 1911 quod
1519 1806 1583 1882 ille
1613 1826 1710 1885 esset

289 1934 404 2010 Deus.
425 1934 516 2027 Quo
536 1934 786 2038 respondente
803 1934 909 2040 quod
924 1935 992 2025 sic,
1012 1933 1189 2011 dixerunt
1204 1933 1326 2010 dietus
1346 1951 1518 2039 receptor
1536 1952 1574 2011 et
1588 1953 1711 2014 astan-

292 2079 348 2139 tes
372 2061 477 2167 quod
504 2063 577 2138 hoc
601 2089 679 2138 non
708 2062 897 2150 crederet,
929 2080 967 2138 et
991 2063 1097 2168 quod
1116 2064 1318 2168 abnegaret
1336 2063 1463 2140 Deum
1482 2082 1520 2139 et
1539 2093 1707 2159 crucam,

291 2211 329 2269 et
357 2209 513 2298 spueret
536 2219 650 2297 super
676 2219 777 2281 eam3
803 2207 841 2268 et
873 2209 966 2268 tunc
994 2193 1073 2297 ipse
1101 2193 1225 2281 testis,
1247 2209 1401 2299 propter
1426 2193 1709 2275 infestacionem

291 2349 440 2412 eorum,
467 2320 661 2429 abnegarit
684 2320 792 2398 ilium
822 2322 888 2426 qui
910 2323 1240 2428 representabatnr
1264 2349 1332 2428 per
1355 2322 1475 2428 ipsam
1501 2352 1650 2403 crucem
1673 2347 1711 2405 et

291 2452 408 2557 ipsam
435 2479 584 2529 cmcem
618 2478 684 2528 ore
711 2479 788 2528 non
821 2451 955 2540 corde,
981 2469 1025 2528 ut
1055 2452 1165 2540 dixit,
1188 2479 1265 2528 non
1287 2471 1415 2530 tamen
1439 2482 1573 2560 spuere
1593 2458 1712 2536 voluit

290 2612 404 2689 super
430 2582 568 2660 dictam
589 2609 751 2658 crucem.
780 2581 1028 2659 Postmodum
1054 2582 1186 2659 dictusv
1202 2599 1385 2688 receptor,
1413 2601 1548 2661 tenens
1566 2587 1605 2663 in
1629 2616 1712 2695 gre·

292 2713 371 2790 mio
397 2741 467 2790 suo
494 2711 704 2789 involutum
730 2711 849 2788 nescit
874 2711 996 2817 quod,
1022 2740 1204 2818 cupreum
1233 2730 1359 2789 tamen
1390 2730 1484 2803 erat,
1511 2715 1611 2792 visus
1638 2717 1711 2794 fuit

289 2842 386 2920 veile
406 2843 511 2950 quod
539 2843 641 2919 idern
668 2842 775 2920 testis
796 2842 969 2920 adoraret
988 2870 1056 2920 sen
1083 2822 1315 2920 oscularetur
1343 2842 1456 2929 illudt
1482 2845 1555 2921 hoc
1582 2863 1709 2924 tamen

291 2976 393 3052 idem
417 2990 590 3080 receptor
614 3001 680 3051 ore
707 2998 785 3050 non
809 2973 1006 3077 expressit,
1034 2972 1102 3049 sed
1127 2972 1223 3050 sacto
1250 2972 1298 3049 ad
1323 2973 1397 3050 hoc
1426 2975 1583 3052 tendere
1606 2977 1710 3054 vide-

290 3106 412 3184 batur.
433 3105 517 3210 Ipse
544 3120 674 3180 autern
697 3103 820 3194 testis,
846 3103 1020 3209 penitens
1040 3102 1088 3179 de
1117 3103 1190 3180 hiis
1213 3130 1287 3210 que
1311 3101 1464 3194 fecerat,
1483 3105 1581 3182 sicut
1599 3105 1708 3194 dixit,

291 3262 464 3343 surgens,
480 3233 634 3312 recessit
654 3233 701 3310 ab
719 3233 789 3325 eis,
808 3261 887 3310 non
902 3234 1028 3312 exiens
1045 3233 1225 3339 capellam
1245 3233 1467 3339 predictam,
1491 3251 1528 3312 et
1543 3236 1613 3340 ipsi
1629 3235 1712 3314 fue-

290 3383 378 3444 runt
401 3365 520 3443 locuti
547 3365 595 3442 ad
620 3364 778 3442 invicem
807 3366 926 3443 nescit
943 3365 1066 3472 quod,
1096 3382 1137 3442 et
1159 3391 1236 3442 non
1266 3365 1498 3442 induxerunt
1517 3392 1587 3443 nec
1610 3392 1712 3444 com·

290 3497 470 3602 pulerunt
498 3524 586 3573 eum
613 3512 705 3573 tuno
732 3524 804 3573 nec
835 3514 921 3601 post
947 3496 996 3573 ad
1021 3495 1119 3574 iliud
1146 3494 1321 3572 illicitum
1353 3493 1580 3573 faciendum.
1610 3494 1712 3574 Dixit

289 3646 416 3705 tamen
444 3628 477 3704 ei
504 3627 626 3705 dictus
650 3644 823 3733 receptor
848 3629 955 3734 quod
981 3628 1195 3735 cingeretur
1221 3653 1295 3703 nna
1323 3625 1499 3714 cordula,
1527 3652 1643 3733 quam
1676 3627 1711 3701 ei

242 3778 246 3784 '
290 3759 445 3864 quidam
478 3787 521 3835 ex
554 3759 608 3836 eis
635 3757 813 3848 tradidit,
840 3784 953 3863 super
982 3784 1126 3862 pannos
1157 3756 1278 3832 lineos
1308 3782 1394 3831 cum
1423 3755 1565 3861 quibus
1586 3753 1711 3859 jacere

291 3887 470 3976 debebat3
492 3916 571 3965 non
599 3905 729 3966 tamen
752 3888 873 3976 scivit,
902 3915 972 3964 nec
1010 3887 1166 3964 audivit·
1184 3885 1257 3962 dici
1293 3885 1397 3990 quod
1431 3885 1528 3959 dicta
1557 3881 1712 3960 cordula

290 4036 460 4125 tangeret
488 4018 615 4125 aliqua
640 4019 759 4124 capita
774 4017 978 4126 ydoiorum
1003 4016 1299 4122 nec-predictam
1320 4038 1402 4089 rem
1428 4036 1624 4118 cupream,
1642 4038 1711 4089 nec

291 4149 359 4224 seit
382 4150 486 4254 quod
504 4151 552 4225 de
572 4149 671 4226 dicta
692 4176 897 4255 recupraa
922 4148 994 4224 soit
1016 4165 1159 4233 actum,
1183 4144 1271 4220 licet
1292 4143 1447 4247 pecierit
1470 4169 1497 4220 a·
1516 4141 1628 4220 iratae
1649 4142 1714 4221 Ar·

291 4277 416 4354 nando
437 4277 664 4364 Corradeili,
698 4278 867 4382 quodam
889 4277 1044 4354 homine
1071 4275 1241 4379 antiqno,
1265 4272 1331 4376 qui
1353 4271 1474 4349 adsuit
1499 4272 1713 4379 recepcioni

291 4434 377 4495 sue,
410 4425 448 4484 et
478 4407 696 4485 morabatur
723 4407 764 4481 in
795 4405 893 4483 dicta
927 4404 1066 4490 domo,
1105 4403 1211 4510 qnod
1251 4419 1348 4479 esset
1377 4401 1476 4480 iilud
1510 4426 1709 4508 cupreum,

289 4564 496 4645 perquem
524 4537 599 4614 ¹snit
622 4536 695 4613 sibi
724 4561 950 4642 responsum
980 4534 1086 4643 quod
1104 4531 1222 4611 nichil
1244 4532 1292 4609 ad
1318 4533 1444 4638 ipsum
1473 4549 1621 4609 testem.
1648 4534 1713 4610 Re·

289 4669 449 4774 quisitus
464 4669 511 4746 de
532 4669 686 4745 nomine
706 4667 809 4744 illius
836 4694 952 4773 quem
970 4666 1112 4744 viderat
1130 4664 1266 4772 recipi,
1298 4680 1336 4741 et
1353 4662 1439 4752 ubi,
1460 4661 1616 4770 quando
1634 4679 1673 4740 et
1691 4688 1713 4739 a

289 4829 366 4905 quo
396 4818 567 4906 receptus
593 4798 730 4890 iuerat,
761 4798 956 4903 respondit
986 4798 1091 4903 quod
1118 4795 1317 4875 vocabatur
1346 4793 1574 4885 Galhardus,
1607 4795 1713 4900 cujus

1516 4934 1565 4996 26.

1378 5108 1422 5133 O
