4230 5956
440 455 512 532 rsu
825 440 1018 533 rnocss
1044 459 1140 531 nus
1165 461 1461 535 rsurnrsns.

436 601 499 689 do,
510 617 635 679 contra
645 626 758 707 quem
772 627 874 677 nunc
881 597 1034 707 grandia
1044 597 1226 690 scandala,
1238 601 1399 709 suspicio
1409 618 1447 680 et
1456 600 1605 680 infamia
1611 624 1833 689 suntexorta
1839 652 1851 701 ·,

435 746 611 810 eteontra
624 756 738 836 quern
754 727 876 806 dictus
890 728 1066 836 Magister
1077 745 1116 806 et
1132 728 1193 806 alii
1210 729 1390 808 dicuntur
1405 732 1528 838 alique=
1544 730 1658 814 luisse
1673 737 1850 829 confessu

435 862 481 940 ad
501 863 607 971 cujus
625 858 769 940 ordinis
785 856 1056 952 deffensionem
1073 889 1113 939 se
1130 888 1208 940 non
1223 861 1423 941 obtulerat.

489 992 706 1098 Requisitus
722 991 753 1068 si
767 990 820 1066 sic
831 990 1057 1096 deposuerat
1069 1019 1197 1096 prece,
1209 1009 1404 1099 precepto,
1421 994 1577 1088 timore,
1589 1023 1732 1091 amore,
1749 1001 1849 1090 odio,

436 1123 493 1202 vel
508 1121 705 1230 temporali
717 1120 877 1199 comodo
897 1119 1027 1198 habito
1043 1120 1102 1198 vel
1117 1119 1313 1211 habendo,
1335 1123 1529 1230 respondit
1549 1125 1655 1232 quod
1673 1155 1770 1221 non,
1787 1131 1854 1209 sed

434 1281 504 1360 pro
520 1253 672 1330 veritate
691 1248 871 1341 dicenda3
892 1250 954 1326 cui
976 1247 1048 1327 luit
1076 1249 1287 1357 injunctum
1311 1251 1418 1358 quod
1444 1280 1521 1331 non
1551 1256 1733 1337 revelaret
1746 1260 1854 1341 {tanc

435 1412 540 1462 susm
561 1382 859 1489 deposicionem,
876 1407 1075 1487 quousque
1093 1380 1349 1458 attestsciones
1367 1380 1509 1460 luerint
1527 1384 1728 1489 publicate.

465 1513 579 1592 dcta
596 1511 750 1592 fuerunt
764 1511 834 1588 hec
850 1510 960 1588 dictis
974 1509 1036 1587 die
1056 1527 1095 1588 et
1115 1510 1220 1601 loco,
1241 1510 1477 1616 presentibus
1492 1514 1668 1621 magistro
1687 1517 1849 1608 Amisio,

434 1672 496 1721 me
510 1643 763 1723 Floriamonte
777 1640 996 1732 Dondedei,
1015 1655 1054 1718 et
1067 1639 1149 1718 aliis
1166 1639 1320 1718 notoriis
1334 1668 1451 1748 supre
1461 1642 1597 1723 ultimo
1611 1648 1823 1726 nominetis.

490 1909 580 1986 Post
604 1908 693 1998 hec,
714 1906 776 1983 die
801 1906 976 1983 Mercurii
1003 1904 1192 2012 sequenti,
1218 1932 1293 2012 que
1317 1903 1391 1984 fuit
1418 1907 1500 1986 dies
1516 1932 1567 1987 tu
1595 1908 1851 1990 dicti'mensis

436 2037 578 2147 aprilis,
607 2036 680 2115 fuit
698 2035 884 2115 adductus
907 2036 955 2114 nd
980 2036 1211 2143 presenciam
1236 2036 1459 2114 eorumdem
1484 2036 1726 2116 dominorum
1750 2069 1850 2119 corn-

435 2167 707 2256 missariorum,
735 2167 775 2244 in
801 2168 916 2244 domo
944 2165 1111 2273 predicta
1137 2165 1281 2244 domini
1311 2166 1411 2244 Petri
1437 2167 1485 2244 de
1517 2167 1720 2263 Sabaudia,
1741 2167 1852 2248 buter

435 2296 664 2378 Guillelmus
682 2296 730 2373 de
756 2293 916 2403 Plereyo
939 2296 1120 2388 serviens,
1147 2295 1384 2374 Ebroicensis
1405 2296 1583 2388 diocesis,
1609 2299 1715 2378 testis
1742 2329 1852 2407 supra

430 2432 593 2537 juratus,
612 2441 653 2502 ut
668 2424 875 2531 deponeret
889 2424 1033 2502 dictum
1047 2454 1178 2515 suurn,
1192 2425 1536 2536 quinquagenarius
1550 2426 1609 2507 vel
1621 2429 1732 2520 circa,
1748 2458 1852 2507 man-

432 2557 568 2638 tellum
586 2554 731 2634 ordinis
754 2572 792 2632 et
816 2554 972 2634 barbam
992 2554 1197 2646 defferens,
1218 2555 1414 2637 absolutus
1434 2575 1474 2636 et
1499 2558 1760 2637 reconciliatus
1783 2588 1851 2668 per

435 2688 633 2770 dominum
661 2685 981 2792 archiepiscopum
1007 2686 1290 2778 Turonensem,
1317 2687 1384 2794 qui
1408 2688 1651 2795 inquisiverrt
1672 2717 1758 2767 cum
1788 2718 1852 2769 eo-

435 2822 542 2909 dem3
560 2836 599 2898 et
617 2817 888 2925 protestscione
908 2817 1087 2923 premissa
1105 2817 1210 2925 quod
1229 2844 1306 2897 non
1322 2817 1486 2896 intendit
1501 2819 1678 2897 recedere
1699 2819 1853 2928 adepo-

434 2951 574 3030 sicione
590 2977 659 3055 per
677 2976 765 3026 enm
792 2947 887 3025 lacta
912 2976 1036 3027 coram
1066 2948 1166 3026 dicto
1186 2946 1344 3026 domino
1367 2946 1661 3055 archiepiscopo,
1682 2947 1788 3026 lectis
1815 2969 1852 3027 et

436 3078 635 3187 diligenter
653 3078 829 3185 expositis
853 3077 923 3156 sibi
944 3077 1122 3155 omnibus
1148 3094 1186 3156 et
1210 3076 1368 3186 singulis
1386 3075 1570 3169 articulis,
1597 3077 1793 3185 respondit
1810 3108 1850 3157 se

436 3207 597 3296 nescire,
618 3235 687 3284 nec
703 3206 873 3298 credere,
895 3235 964 3285 nec
978 3205 1162 3284 audivisse
1180 3205 1253 3284 dici
1267 3207 1315 3285 de
1328 3207 1515 3285 contentis
1529 3207 1568 3284 in
1583 3207 1637 3286 eis
1652 3208 1724 3286 nisi
1747 3211 1852 3316 quod

437 3338 606 3445 sequitur
617 3368 626 3414 ε
639 3336 741 3414 Dixit
760 3363 923 3442 namque
941 3364 981 3414 se
999 3335 1113 3414 luisse
1127 3352 1321 3442 receptum
1338 3337 1377 3413 in
1395 3335 1537 3442 capella
1553 3336 1690 3417 domus
1702 3337 1851 3444 Templi

435 3468 482 3545 de
507 3465 645 3546 Arvilln
665 3466 905 3546 Carnotensis
925 3467 1102 3557 diocesis,
1123 3466 1163 3543 in
1184 3466 1349 3574 presenti
1368 3466 1681 3574 Qusdrngessima
1698 3466 1853 3546 fuerunt

435 3598 580 3676 circiter
591 3624 650 3677 sur
670 3597 778 3687 anni,
799 3625 867 3703 per
885 3594 1036 3674 fratrem
1050 3596 1300 3677 Guillelmum
1321 3598 1444 3676 Gandi
1463 3597 1624 3675 militem
1638 3598 1848 3704 quondam,

434 3745 522 3807 tunc
534 3744 792 3835 preceptorem
805 3726 968 3805 baillivie
982 3727 1238 3816 Carnotensis,
1255 3726 1492 3834 presentibus
1501 3726 1677 3804 fratribus
1687 3728 1850 3804 Roberto

434 3856 627 3948 Grunbet,
648 3859 840 3964 Stephano
865 3859 984 3946 Besci,
1006 3856 1208 3946 militibus,
1238 3872 1276 3935 et
1299 3852 1491 3963 Stephano
1505 3856 1564 3934 'de
1588 3855 1745 3963 Plexeyo
1774 3883 1851 3933 ser·

354 4074 357 4079 ¹
434 3988 574 4077 viente,
595 3987 814 4079 deffunctis,
836 3988 875 4064 in
894 3989 996 4065 hunc
1018 3988 1175 4065 modurn
1193 4018 1202 4064 ε
1223 4014 1309 4063 nam
1330 4016 1417 4064 cum
1440 3985 1690 4094 requisivisset
1713 4011 1848 4091 punem

436 4133 474 4192 et
487 4143 621 4223 aquam
640 4118 802 4208 ordinis,
824 4134 862 4194 et
877 4134 1047 4224 receptor
1065 4117 1100 4195 ei
1115 4115 1371 4206 concessisset,
1392 4115 1481 4193 lecit
1499 4143 1586 4195 eum
1601 4115 1729 4224 jurare
1746 4113 1850 4220 quod

434 4261 595 4323 servaret
610 4245 730 4326 bonos
750 4274 841 4326 usus
855 4265 893 4324 et
910 4247 1029 4326 bonas
1044 4244 1358 4337 consuetudines,
1377 4244 1599 4323 elemosinas
1616 4261 1655 4321 et
1669 4242 1770 4321 bona
1791 4271 1852 4320 or-

434 4374 548 4468 dinis,
565 4393 604 4453 et
617 4404 747 4455 vovere
761 4378 983 4470 castitatem,
1001 4377 1278 4465 obedienciam,
1295 4390 1334 4452 et
1345 4376 1464 4453 vivere
1479 4374 1560 4452 sine
1574 4373 1740 4480 proprio.
1755 4371 1850 4450 Ante

434 4523 559 4584 tamen
579 4506 721 4585 dictum
735 4506 994 4613 juramentum
1022 4524 1060 4584 et
1083 4526 1227 4594 votum,
1249 4507 1477 4611 imposuerat
1505 4503 1577 4581 sibi
1606 4500 1847 4592 mantellum,

436 4650 473 4710 et
490 4634 627 4715 lecerat
653 4666 742 4716 enm
762 4633 934 4714 osculari·
941 4636 1152 4743 ymaginem
1173 4633 1350 4716 Crucifixi
1376 4635 1416 4711 in
1434 4633 1602 4741 quodam
1626 4631 1724 4711 libro
1743 4629 1849 4734 depi-

436 4752 532 4840 ctam
546 4781 585 4840 et
598 4794 748 4844 crucem
762 4762 941 4852 montelli,
954 4778 994 4841 et
1004 4781 1174 4869 receptor
1183 4781 1221 4841 et
1232 4791 1365 4841 omnes
1374 4762 1506 4841 sratres
1519 4777 1680 4840 astantes
1692 4756 1848 4837 osculati
