4230 5956
470 476 539 545 no
851 451 1048 544 esoces
1076 469 1169 542 uns
1196 468 1495 544 TEMPLIERS.

462 611 686 692 mantellum
701 640 778 688 non
793 610 982 700 deserens,
997 611 1085 717 quia
1099 610 1222 716 ipsum
1239 609 1479 687 dimiseratin
1489 611 1879 709 concilioSenonensi‚

464 746 502 820 in
523 773 599 850 quo
629 742 823 819 absolutus
848 759 885 819 et
913 741 1174 818 reconciliatus
1202 737 1322 816 fuerat
1342 768 1410 845 per
1439 740 1633 819 dominum
1665 746 1881 853 episcopum

463 876 721 957 Parisiensem,
744 872 810 975 qui
835 871 1074 975 inquisiverat
1113 897 1199 945 cum
1220 870 1375 956 eodem,
1405 870 1510 948 lectis
1531 889 1570 947 et
1592 872 1794 981 diligenter
1821 906 1883 953 ex·

463 1004 593 1109 positis
613 1002 683 1078 sibi
704 1000 897 1087 omnibus,
920 1016 958 1076 et
981 998 1137 1106 singulis
1154 998 1335 1086 articulis,
1361 999 1559 1105 respondit
1580 1028 1619 1078 se
1633 1004 1792 1095 nescire,
1814 1035 1883 1085 nec

462 1133 633 1221 credere,
656 1157 724 1206 nec
743 1128 926 1205 audivisse
957 1128 1032 1206 dici
1053 1129 1098 1205 de
1129 1128 1316 1222 contentis
1334 1129 1374 1204 in
1402 1128 1456 1206 eis
1475 1130 1548 1206 uisi
1573 1131 1679 1236 quod
1698 1135 1880 1238 seqnitur.

462 1264 563 1340 Dixit
577 1293 713 1371 nempe
734 1291 772 1340 se
788 1263 902 1341 luisse
925 1277 1135 1365 receptum,
1154 1260 1249 1336 circa
1268 1259 1410 1335 instans
1428 1256 1567 1335 festum
1581 1261 1682 1337 beati
1701 1263 1880 1355 Dionisii,

462 1412 573 1470 erunt
592 1411 677 1470 octo
693 1395 797 1484 anui,
821 1394 861 1468 in
882 1390 1022 1497 capella
1045 1391 1179 1467 domus
1198 1387 1348 1493 Templi
1370 1387 1417 1465 de
1433 1387 1531 1467 Villa
1551 1391 1657 1467 Moso
1680 1391 1883 1471 Altisiodo-

462 1524 580 1599 rensis
603 1523 777 1613 diocesis,
799 1550 866 1628 per
890 1520 1042 1597 fratrem
1067 1518 1319 1597 Guillelmum
1341 1517 1388 1594 de
1424 1518 1518 1595 Lurs
1553 1518 1730 1608 militem,
1755 1550 1883 1627 prece-

459 1671 608 1756 ptorem
623 1652 720 1728 dicte
735 1652 889 1737 domus,
905 1650 971 1755 qui
987 1649 1115 1756 affugit
1125 1647 1278 1754 quando
1293 1646 1356 1723 alii
1372 1646 1627 1752 capiebantur,
1643 1652 1882 1758 presentibus

461 1781 639 1858 fratribus
654 1783 811 1888 Hugone
825 1780 872 1855 de
892 1780 1036 1865 Rocha,
1052 1778 1143 1855 alias
1162 1779 1210 1855 de
1229 1778 1345 1864 Cava,
1363 1777 1498 1853 milite·
1517 1777 1725 1856 Guillelmo
1745 1780 1881 1859 Villani

461 1929 499 1987 et
515 1911 706 2017 Stephano
727 1912 774 1987 de
793 1911 929 1989 Sancto
943 1910 1107 2010 Questo,
1128 1924 1166 1984 et
1186 1906 1393 1986 Guillelmo
1407 1905 1595 1998 Guilheu,
1618 1924 1656 1984 et
1676 1907 1811 1986 Aurico
1834 1911 1881 1986 de

461 2044 593 2120 Biclres
621 2042 884 2131 servientibus,
906 2069 1001 2146 quos
1021 2038 1139 2116 credit
1157 2066 1237 2115 esse
1259 2056 1444 2125 mortuos,
1478 2055 1604 2144 preter
1629 2038 1773 2116 dictum
1800 2041 1883 2118 Ste-

462 2171 646 2274 phanum,
672 2173 711 2245 in
741 2172 843 2247 hunc
872 2171 1030 2246 modum
1054 2201 1062 2245 ε
1085 2197 1172 2246 nam
1202 2169 1343 2274 petitis,
1371 2184 1486 2274 prout
1510 2159 1727 2251 instinctus
1743 2169 1880 2257 luerat,

461 2326 554 2402 pane
586 2316 623 2374 et
652 2301 748 2404 aqua
775 2298 935 2387 ordinis,
968 2315 1006 2373 ct
1037 2298 1071 2372 ei
1104 2298 1305 2387 concessis;
1327 2297 1484 2402 prestito
1507 2325 1595 2374 cum
1622 2326 1667 2375 eo
1696 2327 1763 2403 per
1776 2299 1881 2405 jura·

461 2443 630 2503 mentum
644 2426 748 2533 quod
765 2452 840 2501 non
857 2443 936 2502 erat
955 2426 1316 2516 excommunicatus,
1348 2452 1418 2501 nec
1441 2424 1605 2504 babebat
1623 2427 1879 2505 infirmitatem

460 2557 654 2644 latentem,
677 2585 745 2633 nec
766 2556 908 2662 aliquid
937 2555 1092 2632 dederat
1113 2555 1170 2631 vel
1196 2555 1417 2660 promiserat
1441 2556 1547 2661 quod
1567 2557 1606 2633 in
1626 2557 1759 2634 ordine
1784 2561 1880 2635 reci-

459 2705 623 2792 peretur,
655 2705 693 2764 et
721 2687 826 2793 quod
852 2714 930 2763 non
955 2702 1034 2762 erat
1059 2684 1195 2761 debitis
1220 2714 1295 2791 que
1322 2685 1463 2762 solvere
1491 2714 1569 2762 non
1598 2702 1738 2792 posset,
1773 2688 1879 2766 alteri

458 2818 629 2925 religioni
650 2817 708 2895 vel
728 2816 969 2898 matrimonio
990 2814 1194 2921 obligatus,
1213 2814 1300 2892 lecit
1324 2828 1413 2892 eum
1437 2842 1570 2892 vovere
1599 2834 1638 2893 et
1665 2816 1795 2922 jurare
1819 2848 1880 2894 ca·

459 2948 638 3036 stitatem,
670 2947 946 3036 obedienciam,
974 2963 1012 3022 et
1045 2947 1166 3022 viuere
1192 2945 1271 3022 sine
1301 2943 1471 3050 proprio,
1505 2943 1610 3050 quod
1632 2961 1728 3022 esset
1751 2973 1879 3023 servus

459 3077 622 3153 esclavus
636 3079 752 3152 Terre
769 3076 919 3162 Sancte,
941 3092 979 3151 et
997 3075 1103 3180 quod
1113 3102 1263 3180 semper
1283 3088 1381 3150 esset
1399 3070 1583 3150 obediens
1596 3072 1771 3151 Ecclesie.
1791 3076 1879 3169 Quo

458 3205 571 3292 facto,
592 3205 781 3282 associavit
799 3232 888 3280 eum
907 3203 955 3280 ad
972 3204 1157 3281 bonorem
1171 3203 1259 3290 Dei,
1280 3202 1389 3279 beate
1405 3201 1520 3278 Marie
1545 3218 1585 3279 et
1612 3204 1783 3281 omnium
1803 3235 1880 3283 san-

458 3350 619 3420 ctorum,
641 3331 834 3409 beneficiis
849 3331 1009 3416 ordinis,
1025 3348 1063 3407 et
1074 3331 1250 3436 imposito
1265 3331 1336 3409 sibi
1350 3330 1548 3422 mantello,
1570 3333 1648 3438 ipse
1665 3350 1702 3411 et
1717 3351 1878 3412 astantes

458 3461 612 3537 osculati
625 3461 779 3545 fuerunt
797 3490 885 3538 eum
900 3462 937 3536 in
959 3488 1035 3537 ore.
1054 3462 1244 3538 Instruens
1259 3490 1349 3538 eum
1369 3477 1463 3568 quot
1477 3462 1588 3538 Pater
1603 3478 1718 3540 noster
1736 3464 1878 3544 diceret

457 3620 525 3695 pro
540 3592 643 3668 boris
660 3592 748 3680 suis,
767 3609 804 3666 et
820 3590 981 3696 qualiter
998 3608 1145 3696 regeret
1161 3620 1200 3668 se
1220 3593 1261 3667 in
1279 3591 1426 3669 ordine.
1444 3592 1533 3669 Post
1547 3619 1622 3696 que
1641 3593 1730 3670 dicti
1745 3594 1877 3671 fratres

457 3725 565 3828 Hugo
585 3740 624 3799 et
637 3721 866 3800 Guillelmus
887 3720 1055 3798 Guilhon
1068 3723 1265 3798 ‘duxerunt
1284 3722 1410 3826 ipsum
1425 3737 1561 3797 testem
1582 3739 1682 3799 retro
1697 3723 1811 3801 altare
1829 3717 1876 3799 ad

455 3851 669 3928 exuendum
688 3867 805 3927 vestes
829 3849 1015 3925 seculares
1038 3866 1075 3925 et
1093 3850 1334 3928 induendum
1358 3866 1478 3928 vestes
1500 3851 1712 3958 religionis3
1733 3853 1874 3958 quibus

456 3981 614 4069 indutis,
637 3982 760 4058 dictus
790 3981 898 4088 Hugo
924 3980 1090 4085 precepit
1109 3979 1233 4057 eidem
1255 3982 1342 4057 testi
1367 3981 1470 4086 quod
1497 3981 1698 4088 abnegaret
1716 3983 1873 4058 Jhesum

454 4109 648 4186 Christum
670 4144 678 4188 ε
702 4128 739 4186 et
758 4139 845 4186 cum
867 4111 943 4215 ipse
961 4109 1067 4186 testis
1085 4109 1230 4187 diceret
1248 4138 1287 4187 se
1313 4110 1422 4188 nullo
1441 4111 1557 4189 modo
1576 4110 1783 4200 facturum,
1819 4113 1875 4188 di-

454 4256 535 4314 ctus
555 4238 780 4319 Guillelmus
799 4240 892 4316 dixit
911 4241 945 4317 ei
964 4240 1070 4347 quod
1083 4238 1181 4318 bene
1197 4258 1341 4347 poterat
1358 4241 1431 4318 boc
1445 4239 1582 4329 lacere,
1600 4240 1689 4348 quia
1703 4242 1743 4319 in
1757 4243 1875 4348 patria

454 4398 519 4446 sua
539 4369 773 4478 abnegabant
798 4373 943 4450 cencies
967 4401 1036 4479 pro
1064 4399 1139 4449 una
1166 4372 1307 4478 pulice,
1339 4390 1377 4450 et
1404 4389 1496 4449 tunc
1526 4375 1673 4480 negavit
1701 4403 1765 4452 ore
1796 4403 1874 4451 non

454 4501 575 4576 corde.
594 4502 725 4577 Postea
746 4502 910 4606 precepit
929 4501 963 4576 ei
976 4501 1102 4577 dictus
1120 4503 1228 4609 Hugo
1241 4503 1346 4609 quod
1364 4520 1516 4608 spueret
1536 4531 1651 4609 super
1669 4503 1872 4608 quamdam

453 4655 602 4704 crucem
617 4629 795 4736 ligneam,
817 4628 948 4704 iactam
961 4621 1174 4704 deduobus
1193 4629 1353 4720 bandis,
1374 4631 1415 4705 in
1435 4631 1627 4737 quenulla
1647 4646 1726 4706 erat
1737 4656 1871 4736 ymago

453 4755 649 4833 Crucifixi:
672 4776 809 4833 etcum
832 4758 909 4861 ipse
926 4754 1032 4830 testis
1043 4757 1291 4867 responderet
1308 4786 1348 4836 se
1369 4757 1477 4834 nullo
1491 4759 1608 4834 modo
1629 4758 1814 4834 facturum
1833 4778 1872 4833 et
