4268 5946
650 463 845 559 procas
870 480 965 554 nas
990 478 1288 553 rnurmnss.
1628 438 1706 556 oo'

317 624 446 701 Frater
463 622 646 700 Martinus
669 623 719 700 de
748 620 952 701 Marselhes
977 620 1209 699 Balracensis
1240 620 1399 698 diocesis
1421 623 1601 711 serviens,
1626 642 1677 702 te

261 752 328 831 stis
348 781 469 859 -supra
491 752 660 861 juratus,
687 748 932 861 quadraginta
958 778 1144 829 annorum
1169 747 1229 827 vel
1248 750 1360 838 circa,
1381 750 1445 855 qui
1467 749 1676 829 voluntarie

261 882 484 961 mantellum
500 883 694 961 dimiserat
707 900 746 960 et
763 881 845 960 radi
863 881 1001 959 lecerat
1018 881 1091 960 sibi
1110 879 1284 973 barbam,
1302 897 1340 958 et
1358 879 1553 958 absolutus
1572 898 1611 958 et
1623 909 1677 957 re

261 1010 481 1090 conciliatus
512 1010 633 1091 bremt
662 1040 732 1119 per
759 1012 959 1090 dominum
982 1011 1304 1117 archiepiscopum
1328 1013 1568 1099 Remensem,
1589 1038 1677 1116 pro-

260 1142 464 1241 testacione
489 1141 669 1248 premissa
687 1142 792 1249 quod
818 1167 896 1221 non
920 1140 1085 1219 intendit
1109 1139 1325 1219 recederes
1351 1141 1591 1247 deposicione
1608 1168 1677 1247 per

262 1298 350 1351 eum
365 1270 457 1349 lacta
474 1300 598 1349 coram
617 1272 772 1350 domino
785 1271 830 1350 G.
843 1271 1084 1350 Ambianensi
1103 1271 1298 1378 quondam
1314 1271 1506 1377 episcopm
1519 1269 1626 1347 lectis
1639 1289 1677 1349 et

261 1397 464 1508 diligenter
482 1400 659 1506 expositis
680 1400 949 1480 sibiomnibus
973 1420 1012 1479 et
1038 1400 1196 1508 singulis
1218 1399 1401 1489 articulis,
1423 1400 1619 1506 respondit
1637 1430 1676 1479 se

261 1528 425 1619 nescire,
446 1558 516 1607 nec
529 1531 703 1622 credere,
721 1559 789 1609 nac
803 1532 988 1611 audivisse
1004 1531 1077 1608 dici
1098 1532 1146 1610 de
1163 1530 1350 1609 contentis
1365 1530 1405 1607 in
1418 1530 1472 1607 eis
1486 1530 1556 1607 nisi
1571 1529 1676 1635 quod

259 1660 441 1766 sequitur.
463 1660 565 1739 Dixit
578 1689 740 1768 namque
759 1690 799 1739 se
818 1660 931 1739 luisse
946 1679 1140 1768 receptum
1160 1662 1200 1738 in
1214 1660 1357 1768 capella
1376 1661 1513 1738 domus
1525 1658 1675 1763 Templi

260 1788 307 1867 de
325 1790 531 1867 Somoreus
551 1790 812 1868 Ambianensis
831 1790 1010 1878 diocesis,
1027 1791 1066 1868 in
1088 1791 1184 1869 lecto
1213 1789 1313 1869 beati
1337 1789 1477 1869 Mathei
1506 1789 1676 1894 proximo

258 1918 435 2024 preterito
455 1918 608 1997 bierunt
620 1945 670 1996 su
686 1919 774 1995 anni
793 1918 853 1996 vel
869 1919 985 2010 circa,
1002 1946 1070 2024 par
1083 1917 1236 1996 fratrem
1255 1918 1462 1995 Robertum
1475 1917 1522 1993 de
1537 1918 1675 1995 Sancto

259 2048 367 2125 lusto
385 2047 599 2155 quondam,
613 2046 851 2152 presentibus
864 2046 1041 2124 fratribus
1060 2047 1230 2125 Johanne
1250 2046 1298 2122 de
1319 2048 1431 2133 Tara,
1451 2062 1545 2124 teste
1565 2075 1674 2152 supra

260 2177 491 2265 examinato,
520 2192 559 2252 et
583 2176 753 2253 Johanne
780 2177 921 2283 Pcynet
943 2175 1181 2283 presbytero,
1205 2192 1301 2252 teste
1329 2202 1441 2280 supra
1456 2174 1583 2280 jurato
1608 2178 1674 2255 aad

260 2306 431 2385 nandum
456 2304 681 2395 examinato,
705 2320 743 2380 et
760 2303 915 2382 Albcrto
940 2304 988 2380 de
1012 2302 1239 2382 Grimenilio
1265 2302 1495 2409 presbitero,
1521 2302 1673 2383 Garrico

258 2434 306 2511 de
326 2432 525 2524 Nulhiaco,
539 2450 578 2510 et
595 2431 795 2538 lladulpho
815 2433 862 2509 da
879 2434 1026 2540 Sornoy
1039 2432 1305 2522 servientibus,
1322 2431 1542 2521 deffimctis3
1565 2462 1673 2541 aquo

258 2580 450 2670 receptore
465 2563 593 2669 petitis
607 2563 788 2641 instanter
801 2590 896 2669 pane
917 2581 954 2640 ct
974 2592 1089 2669 aqua,
1109 2563 1285 2641 societate
1307 2581 1344 2639 et
1359 2591 1521 2669 paupere
1539 2565 1672 2641 vestitu

259 2692 421 2784 ordinis,
441 2709 480 2769 et
499 2693 533 2770 ei
551 2693 752 2781 concessis,
771 2690 860 2768 lecit
879 2719 969 2769 aum
989 2719 1120 2770 vovere
1141 2709 1179 2768 et
1192 2691 1321 2797 jurare
1336 2694 1559 2778 castitatem,
1583 2695 1674 2773 obe-

260 2821 462 2911 dienciam,
480 2838 518 2898 et
531 2821 651 2898 vivere
664 2821 744 2899 sina
763 2820 939 2928 proprio;
960 2837 999 2897 et
1017 2820 1195 2926 imposita
1210 2819 1281 2897 sibi
1297 2820 1490 2912 mantello,
1501 2840 1673 2928 receptor

259 2967 298 3026 et
321 2978 454 3028 omnes
480 2968 643 3028 astantes
666 2950 823 3029 luerunt
848 2978 936 3028 eum
957 2950 1112 3028 osculati
1141 2950 1179 3025 in
1210 2977 1288 3027 ore.
1310 2952 1489 3056 Postque
1508 2952 1674 3057 precepit

258 3080 362 3185 qnod
382 3108 516 3157 omnes
539 3081 606 3186 qui
631 3080 831 3157 adsuerant
849 3080 1084 3169 recederent,
1114 3097 1270 3185 excepto
1295 3079 1397 3156 dicto
1425 3077 1611 3168 Auberto,
1636 3100 1673 3159 et

258 3237 345 3285 cum
380 3209 637 3296 recessissent,
680 3209 847 3315 precepit
882 3209 951 3315 ipsi
987 3208 1093 3298 testi,
1134 3226 1308 3315 presente
1342 3208 1443 3286 dicto
1481 3206 1669 3300 aluberto,

256 3340 360 3445 quod
387 3337 588 3446 abnegaret
621 3339 765 3427 Deunr3
792 3355 831 3415 et
857 3338 1041 3444 cumipse
1065 3338 1171 3416 testis
1197 3338 1441 3445 responderet
1467 3340 1572 3446 quod
1601 3343 1671 3419 boc

257 3467 497 3545 nullomodo
517 3468 671 3559 laceret,
698 3468 793 3545 dixit
812 3469 845 3545 ei
871 3467 977 3575 quod
997 3469 1069 3546 hoc
1096 3467 1293 3575 oportebat
1317 3497 1405 3545 eum
1428 3468 1564 3555 lacere,
1584 3472 1671 3576 quia

255 3596 342 3675 talia
367 3615 473 3675 erant
496 3615 634 3705 puncta
658 3598 822 3687 ordinis;
852 3616 891 3675 et
914 3614 1007 3675 tunc
1025 3599 1105 3705 ipse
1124 3598 1231 3677 testis
1249 3598 1443 3705 abnegavit
1461 3601 1586 3678 Deum
1607 3630 1670 3677 ore

255 3754 331 3805 non
350 3729 475 3807 corde.
493 3729 642 3807 Deinde
657 3729 824 3834 precepit
836 3729 870 3807 ei
884 3728 990 3836 prod
1004 3748 1157 3836 spueret
1173 3758 1287 3837 super
1301 3729 1504 3837 quamdam
1521 3760 1670 3807 crucem

255 3856 504 3950 metallinam,
525 3860 564 3935 in
582 3888 658 3966 qua
677 3876 756 3937 erat
775 3886 909 3967 ymago
926 3860 1122 3947 Crucifixi,
1137 3888 1251 3967 quam
1271 3861 1393 3938 dictus
1410 3857 1597 3935 Aubertus
1614 3887 1672 3932 ac-

255 4006 404 4093 ceperat
420 3986 468 4065 de
492 3988 596 4067 altari
627 4006 666 4066 et
686 3987 839 4066 tenebat
862 3989 902 4066 in
929 4018 1063 4081 manu,
1088 4006 1127 4066 et
1152 3989 1230 4095 ipse
1254 3990 1360 4065 testis
1384 3986 1506 4063 noluit
1534 4012 1669 4091 spuere

254 4142 384 4222 supra,
395 4117 464 4195 sed
472 4119 575 4224 spuit
583 4118 700 4225 juxta.
719 4117 823 4195 Dixit
834 4117 952 4194 eciam
967 4119 1002 4195 ei
1019 4119 1141 4194 dictus
1155 4132 1327 4222 receptor
1339 4114 1444 4221 quod
1460 4114 1669 4193 secundum

256 4242 354 4321 dicta
383 4262 521 4349 puncta
553 4262 701 4351 poterat
740 4244 938 4322 carnaliter
976 4244 1209 4321 commisceri
1244 4242 1421 4322 fratribus
1457 4245 1601 4323 ordinis
1632 4264 1670 4323 et

254 4372 325 4479 ipsi
349 4402 436 4451 cunr
456 4401 528 4463 ,θος
559 4377 632 4452 boc
663 4392 790 4449 umen
826 4399 904 4449 non
933 4372 1036 4463 lecit,
1071 4400 1140 4450 nec
1167 4373 1288 4451 credit
1322 4375 1427 4481 quod
1458 4376 1498 4452 in
1534 4376 1667 4453 ordine

255 4500 376 4582 lieret.
397 4503 600 4611 Postque,
618 4503 666 4580 de
681 4503 858 4581 mandato
876 4502 966 4581 dicti
987 4503 1205 4611 receptoria,
1227 4503 1416 4583 osculatus
1432 4504 1504 4581 fuit
1522 4532 1610 4583 eum
1629 4507 1668 4583 in

255 4658 365 4711 carne
378 4632 496 4725 nuda,
510 4649 612 4711 retro
627 4633 666 4710 in
682 4631 790 4738 spina
805 4631 924 4721 dorsi,
938 4632 1037 4710 inter
1053 4658 1184 4711 sonam
1200 4650 1239 4711 et
1252 4632 1433 4713 braccale.
1447 4633 1529 4712 Alia
1541 4634 1668 4713 illicita

256 4764 332 4839 n'on
357 4761 639 4841 intervenerunt
658 4763 698 4839 in
720 4760 820 4840 dicta
838 4788 906 4840 sua
922 4764 1141 4870 recepcione
1161 4790 1230 4841 nec
1245 4782 1347 4871 post,
1371 4782 1409 4843 at
1428 4764 1547 4843 credit
1563 4768 1667 4872 quod
