4230 5956
695 496 890 590 raocns
920 518 1016 591 ons
1045 516 1346 592 renarrans.
1651 518 1724 594 aaa

317 672 355 733 et
368 655 489 733 dictus
507 655 638 731 Petrus
661 654 858 747 Moucelli,
873 655 1058 761 impositis
1076 657 1279 748 mantellis,
1296 657 1516 763 juraverunt
1532 682 1609 735 non
1622 676 1726 739 reve·

316 784 407 876 lare,
440 782 654 862 incarcerati
680 785 737 861 vel
763 785 854 862 alias
883 786 1042 891 graviter
1071 787 1194 892 puniti
1216 784 1391 872 luissent,
1419 801 1464 862 ut
1483 786 1613 863 credit.
1633 786 1726 867 Abs

316 940 391 1020 que
407 913 562 990 licencia
580 941 657 991 non
673 931 846 1018 poterant
859 914 942 991 aliis
956 944 1069 1021 quam
1090 916 1347 993 sacerdotibus
1373 915 1518 992 ordinis
1536 914 1724 1007 confiteri,

315 1058 430 1148 prout
444 1043 584 1119 audivit
602 1043 689 1119 dici.
708 1045 854 1120 Fratres
877 1045 1035 1121 scientes
1057 1044 1177 1121 dictos
1198 1070 1342 1121 errores
1365 1043 1518 1120 fuerunt
1535 1044 1727 1151 negligetis

317 1188 390 1259 tes,
405 1171 584 1276 quianon
604 1189 845 1249 correxerunt
859 1199 923 1250 eos
937 1200 1007 1250 nec
1024 1173 1342 1251 denunciaverunt
1352 1171 1527 1248 Ecclesie.
1546 1173 1728 1250 Elemos'i·

318 1325 405 1375 nam
420 1317 458 1377 et
474 1300 764 1406 hospitalitatem
785 1301 879 1378 vidit
898 1303 1162 1380 convenienter
1179 1303 1261 1378 fieri
1282 1316 1320 1379 et
1338 1302 1471 1380 serrari
1491 1302 1531 1377 in
1552 1301 1728 1381 domibus

318 1427 461 1505 ordinis
484 1429 523 1503 in
546 1428 685 1535 quihus
709 1430 849 1506 exstitit
872 1445 1135 1508 commoratus.
1158 1430 1437 1536 Pracipiehatur
1464 1428 1517 1507 eis
1537 1431 1642 1536 quod
1653 1430 1728 1508 de·

317 1554 396 1632 hite
420 1555 656 1661 acquirerent
674 1557 816 1645 ordini,
839 1575 876 1634 et
898 1558 1039 1635 audivit
1058 1559 1130 1635 dici
1157 1559 1263 1665 quod
1284 1586 1415 1635 eorum
1436 1558 1609 1663 capituha
1633 1559 1727 1637 clam

317 1681 555 1772 tenebantur,
586 1683 701 1762 nullis
720 1686 960 1791 presentibus
987 1689 1059 1764 nisi
1083 1687 1259 1764 fratribus
1280 1688 1433 1764 ordinis.
1458 1687 1639 1764 Ordinat‘a
1659 1712 1729 1793 per

318 1812 536 1919 Magistrum
561 1838 647 1889 cum
672 1831 858 1890 conventu
879 1832 1056 1893 servasset
1078 1832 1181 1893 totus
1204 1815 1314 1903 ordo,
1347 1829 1475 1890 contra
1501 1841 1616 1919 quem
1639 1835 1728 1918 pro*

318 1957 404 2045 pter
413 1942 580 2045 predicta
593 1968 695 2018 nunc
710 1943 863 2047 grandia
878 1944 1064 2031 scandala,
1084 1943 1244 2047 suspicio
1266 1959 1303 2018 et
1317 1940 1468 2016 infamia
1485 1957 1573 2017 sunt
1587 1959 1727 2019 exorta,

320 2066 451 2144 Credit
468 2068 574 2173 quod
593 2069 722 2144 illicita
747 2068 950 2146 confessata
969 2097 1037 2174 per
1065 2098 1154 2145 eum
1186 2087 1311 2146 essent
1329 2085 1417 2144 nota
1432 2066 1609 2145 fratribus
1627 2068 1730 2146 ordi-⁵

320 2194 396 2282 nis,
418 2211 456 2270 et
474 2195 579 2298 quod
600 2195 775 2301 Magister
795 2213 832 2272 et
855 2194 918 2271 alii
940 2198 1073 2273 eadem
1092 2198 1169 2274 sint
1187 2198 1356 2274 confessi.
1382 2197 1464 2272 Non
1483 2194 1674 2274 obtulerat
1689 2222 1733 2275 se·

319 2322 368 2398 ad
388 2322 659 2399 deffensionem
679 2322 837 2411 ordinis,
855 2350 924 2400 nec
938 2324 1059 2400 suerat
1077 2325 1174 2400 ultra
1196 2351 1309 2400 mare.

375 2451 591 2557 Requisitus
625 2450 655 2526 si
682 2448 735 2526 sie
761 2451 987 2555 deposuerat
1018 2479 1144 2556 prece,
1178 2468 1372 2558 precepto,
1399 2451 1552 2539 timore,
1584 2476 1727 2543 amore,

321 2579 429 2667 odio,
457 2577 516 2656 vel
540 2578 737 2683 temporali
761 2579 922 2655 comodo
949 2579 1078 2656 habito
1108 2578 1166 2655 vel
1190 2579 1382 2667 habendo,
1408 2579 1603 2684 respondit
1625 2582 1729 2686 quod

322 2736 418 2796 non,
444 2708 512 2784 sed
534 2734 603 2813 pro
620 2708 774 2783 veritate
792 2708 967 2799 dicenda3
994 2709 1054 2784 cui
1075 2707 1146 2785 fuit
1165 2709 1375 2815 injunctum
1405 2707 1510 2811 quod
1528 2735 1605 2785 non
1627 2734 1731 2786 rere⁶

321 2845 415 2921 laret
432 2845 530 2920 hanc
559 2868 665 2919 suam
684 2840 981 2946 deposicionem‚
1005 2866 1204 2946 quousque
1226 2838 1484 2915 attestaciones
1503 2836 1644 2914 fuerint
1661 2862 1732 2942 pu·

320 2972 466 3051 hlieate.

376 3234 505 3311 Frater
530 3230 743 3341 Stephanus
766 3234 814 3311 de
836 3229 999 3311 Cellario
1018 3230 1198 3321 serviens,
1221 3226 1537 3310 Claramontensis
1553 3228 1730 3323 diocesis,

320 3363 428 3440 testis
437 3390 548 3468 supra
564 3362 726 3469 juratus,
748 3386 817 3442 aar
845 3390 1030 3440 annorum
1050 3362 1109 3439 vel
1134 3360 1247 3451 circa,
1269 3361 1335 3468 qui
1362 3360 1583 3438 mantellum
1598 3362 1734 3440 volana

322 3493 416 3568 tarie
449 3491 641 3569 dimiserat
664 3509 703 3568 et
725 3492 807 3569 radi
834 3491 973 3569 lecerat
996 3492 1066 3569 sihi
1091 3490 1262 3581 barbam,
1292 3519 1378 3568 cum
1405 3491 1732 3596 quoinquisitutrr

324 3620 463 3710 fuerat,
486 3621 679 3699 absolutus
706 3638 744 3698 et
764 3620 1026 3699 reconciliatus
1051 3647 1119 3725 per
1145 3620 1342 3698 dominum
1366 3619 1583 3725 episcopum
1609 3619 1735 3696 Clara-1

324 3766 578 3841 montensem,
606 3751 711 3827 lectis
735 3766 773 3825 et
800 3750 999 3856 diligenter
1018 3747 1193 3852 expositis
1221 3748 1293 3824 sihi
1318 3748 1495 3824 omnibus
1519 3763 1557 3823 et
1576 3744 1733 3852 singulis

323 3879 505 3969 articulis,
532 3879 726 3985 respondit
748 3908 787 3956 se
812 3879 972 3967 nescire,
998 3904 1066 3954 nec
1090 3878 1262 3964 credere,
1283 3903 1352 3952 nec
1373 3874 1558 3952 audivisse
1582 3874 1656 3950 dici
1670 3874 1734 3951 *de

324 4010 509 4086 contentis
532 4010 571 4083 in
597 4009 649 4085 eis
673 4008 743 4084 nisi
769 4006 874 4113 quod
896 4007 1096 4111 sequitur:
1120 4004 1295 4081 videlicet
1318 4003 1423 4109 quod
1441 4000 1589 4079 volebat
1611 4028 1651 4080 ae
1673 4020 1735 4080 te·-

324 4160 414 4211 nere
437 4137 476 4210 in
502 4135 735 4212 confessione
760 4165 830 4241 per
857 4162 945 4212 eum
970 4133 1064 4209 sacta
1094 4160 1218 4209 coram
1248 4130 1349 4207 dicto
1376 4129 1532 4209 domino
1558 4133 1737 4239 episcopo

324 4263 640 4353 Claromontansi,
663 4280 702 4341 et
719 4264 824 4368 quod
842 4263 922 4367 ipse
942 4279 979 4339 et
994 4261 1124 4337 fratres
1142 4261 1355 4365 Stephanus
1374 4260 1424 4337 de
1441 4263 1539 4338 Boce
1553 4278 1591 4339 et
1607 4261 1735 4340 Guido

323 4390 454 4470 Moteti
488 4390 629 4469 milites
659 4392 707 4469 de
740 4391 933 4478 Arvernia,
970 4388 1136 4466 defuncti
1162 4388 1261 4465 ultra
1287 4416 1407 4480 mare,
1439 4389 1593 4467 luerunt
1618 4388 1734 4467 simul

323 4521 462 4629 recepti
484 4521 524 4597 in
543 4521 703 4628 quadam
729 4520 852 4596 insula
877 4547 993 4626 prope
1015 4518 1230 4608 Massiliam,
1252 4519 1291 4593 in
1311 4519 1451 4624 capella
1475 4519 1736 4597 domus'l'em·

322 4652 374 4758 pli
404 4652 503 4729 dicte
527 4652 667 4743 insule,
692 4679 761 4758 per
783 4652 937 4727 fratrem
957 4649 1189 4728 Gaufredum
1212 4650 1260 4726 de
1282 4649 1446 4756 Vicheyo
1470 4650 1589 4725 milite
1608 4672 1739 4754 quone·

325 4783 430 4869 dam,
450 4800 538 4861 sunt
550 4783 699 4860 circiter
717 4806 804 4859 ιιιιι
826 4781 930 4869 anni,
952 4779 1190 4886 presentibus
1213 4777 1390 4857 fratribus
1409 4781 1518 4856 Petro
1543 4779 1590 4855 de
1605 4775 1733 4856 Brolio

1538 4915 1588 4976 dr.
