4230 5956
704 463 899 556 raucas
926 455 1020 555 'nus
1045 480 1343 556 rnurumas.
1654 491 1727 564 su

320 625 398 711 nie,
419 620 653 726 presentibus
680 620 789 698 fratre
818 623 978 728 Symone
1005 621 1122 700 Poitel
1152 640 1189 699 et
1215 622 1324 700 fratre
1345 622 1548 703 Guillelmo
1571 629 1670 717 Mot,
1694 649 1731 709 et

207 846 213 857 Ι
319 748 540 858 quibusdam
561 749 643 827 aliis
662 750 710 828 de
731 778 891 858 qnorum
913 752 1128 829 nominibus
1147 780 1221 829 non
1239 753 1379 831 recolit.
1405 755 1508 831 Dixit
1530 758 1645 832 eciam
1663 786 1731 864 per

313 885 566 989 juramentum
585 909 695 958 suum
712 881 831 987 quod,
853 898 938 988 post
955 881 1090 959 multas
1106 884 1370 987 promissiones
1386 885 1432 961 de
1454 887 1599 963 statutis
1615 904 1653 963 ct
1672 916 1731 965 se·-

319 1012 428 1090 crctis
448 1012 536 1088 dicti
558 1011 700 1088 ordinis
720 1011 971 1101 observandis,
992 1030 1029 1089 et
1049 1012 1222 1090 mantello
1238 1013 1284 1090 ad
1305 1013 1441 1090 collum
1461 1017 1600 1120 posito,
1619 1044 1731 1122 apor-

320 1159 392 1217 tata
411 1139 481 1216 fuit
500 1139 570 1216 sibi
587 1140 748 1244 quedam
773 1169 860 1217 crux
881 1169 970 1217 enea
988 1143 1026 1218 in
1045 1169 1118 1246 qua
1139 1159 1215 1217 erat
1234 1143 1356 1248 imago
1373 1145 1486 1221 Jhesu
1513 1144 1664 1234 Christi,
1695 1165 1732 1224 et

321 1289 407 1347 tunc
425 1269 590 1375 precepit
607 1269 676 1346 sibi
693 1270 812 1347 dictus
830 1270 1012 1376 recipiens
1029 1266 1132 1375 quod
1146 1268 1298 1347 ihesum
1317 1270 1505 1349 Christum
1519 1273 1729 1381 abnegaret,

322 1415 359 1475 et
376 1399 480 1505 quod
492 1416 641 1504 spueret
659 1427 768 1504 supra
783 1426 948 1488 crucem,
970 1401 1073 1505 quod
1089 1398 1175 1476 fecit
1194 1398 1308 1476 semel
1321 1404 1594 1480 tantummodo.
1615 1406 1732 1481 luten

320 1545 469 1634 rogatus
488 1527 636 1605 devoto
657 1529 847 1616 castitatis,
869 1529 960 1605 dixit
979 1556 1047 1634 per
1061 1529 1316 1634 juramentum
1339 1559 1447 1608 suum
1476 1533 1580 1638 quod
1601 1562 1731 1637 prece·

319 1675 425 1763 ptum
439 1656 509 1734 luit
528 1656 598 1734 sibi
619 1658 721 1763 quod
741 1660 893 1736 omnino
912 1658 1111 1736 abstineret
1125 1687 1145 1734 a
1161 1658 1401 1753 mulieribus,
1421 1680 1457 1739 et
1469 1661 1499 1738 si
1515 1661 1615 1737 calor
1626 1672 1732 1738 'natit-

320 1785 404 1863 mlis
418 1801 567 1892 urgeret
583 1812 684 1874 eum,
701 1787 805 1891 quod
824 1788 1080 1864 commisceret
1096 1816 1134 1863 se
1153 1786 1343 1863 carnaliter
1361 1816 1445 1863 cum
1460 1789 1539 1865 aliis
1557 1787 1731 1866 fratribus

322 1917 411 1992 dicti
432 1915 587 2003 ordinis3
605 1866 671 1990 sed
685 1945 890 2021 numquam
904 1916 1008 2003 lecit,
1025 1934 1068 1992 ut
1081 1917 1184 1991 dixit.
1593 1899 1595 1904 .

377 2035 624 2148 Interrogatus
633 2045 822 2132 utrumvi,
835 2044 892 2121 vcl
900 2062 1003 2121 metu
1021 2045 1174 2119 carceris
1187 2059 1251 2119 aut
1264 2058 1535 2120 tormentorum
1546 2102 1555 2131 ,
1567 2044 1731 2152 aliquam

324 2172 416 2248 dixit
427 2171 625 2248 falsitatem
634 2172 693 2248 vel
708 2173 953 2249 immiscuerit
965 2172 1004 2247 in
1016 2172 1255 2277 deposicione
1269 2200 1350 2261 sua,
1367 2173 1457 2249 dixit
1468 2201 1536 2278 per
1544 2173 1732 2280 juramen-

322 2318 527 2378 tum-suum
546 2301 651 2407 quod
671 2328 765 2391 non;
786 2301 901 2378 immo
918 2300 1009 2377 dixit
1023 2301 1225 2379 veritatem.

377 2430 467 2507 Acta
481 2447 567 2506 sunt
584 2431 653 2507 hec
669 2458 783 2518 anno,
803 2431 1008 2519 indicione,
1025 2457 1170 2517 mense,
1185 2430 1247 2507 die
1257 2448 1295 2507 et
1309 2432 1525 2537 pontificatu
1538 2434 1729 2538 predictis,

321 2560 558 2667 presentibus
578 2560 752 2638 iratribus
772 2561 939 2637 Ti‘erricn
968 2560 1016 2636 de
1035 2558 1198 2649 Amella,
1226 2561 1415 2639 Bernardo
1445 2562 1491 2638 de
1520 2563 1728 2654 Molartioo,

322 2690 526 2797 Reginaldo
544 2690 591 2766 de
610 2677 688 2767 lars
713 2690 855 2768 ordinis
869 2690 1164 2779 Predicatorum,
1188 2690 1368 2796 magistris
1384 2690 1588 2796 Reginaldn
1603 2692 1650 2768 de
1665 2692 1729 2769 Al-

323 2821 493 2924 higniaco
512 2820 767 2908 bituricensis,
790 2837 828 2895 ct
845 2819 1013 2910 Jobanne
1043 2819 1089 2894 de
1114 2817 1292 2923 Crepiaco
1315 2820 1592 2896 silvanectensis
1617 2820 1730 2899 eccle

323 2950 460 3025 siarum
479 2948 680 3038 canonicis,
703 2967 740 3026 et
758 2948 929 3054 pluribus
949 2947 1191 3025 aliis'clericis
1211 2964 1247 3024 et
1267 2947 1384 3039 laicis,
1405 2948 1562 3027 testibus
1589 2950 1636 3026 ad
1658 2951 1731 3026 hoc

321 3079 456 3155 vocatis
472 3094 510 3154 et
520 3079 669 3185 rogatis.

378 3337 424 3412 Et
439 3364 508 3445 ego
523 3337 687 3414 Amisius
702 3337 749 3413 de
765 3334 963 3413 Aureliano
983 3333 1104 3412 dictus
1122 3335 1159 3411 le
1179 3335 1279 3412 Ratis
1285 3395 1294 3422 ,
1311 3334 1485 3424 clericus,
1504 3353 1732 3415 sacrosancte

323 3469 485 3544 Romane
506 3464 657 3543 ecclesie
678 3467 894 3544 auctoritate
909 3466 1074 3543 notarius
1088 3464 1280 3570 publicus,
1301 3466 1491 3570 premissis
1505 3466 1678 3544 omnibus
1695 3482 1733 3543 ct

324 3596 494 3702 singulis,
507 3613 619 3701 prout
634 3596 673 3673 in
682 3598 752 3674 hac
767 3614 804 3673 et
817 3595 1030 3701 precedenti
1043 3594 1158 3700 peciis
1170 3622 1254 3672 meo
1268 3594 1373 3699 signo
1383 3595 1532 3700 signatis
1539 3595 1733 3672 continen-

324 3742 397 3813 tur,
414 3754 493 3801 una
513 3754 599 3802 cum
623 3725 880 3830 suprascriptis
908 3723 1065 3800 testibus
1085 3740 1123 3800 et
1139 3722 1321 3828 magistris
1346 3703 1527 3801 Gaufrido
1546 3721 1734 3830 Enguelor

324 3853 423 3931 dicto
446 3854 606 3960 Chalop,
636 3857 764 3932 Eveno.
785 3853 882 3931 Phili
908 3869 947 3929 et
979 3851 1116 3930 Jacobo
1141 3853 1188 3930 de
1213 3851 1360 3930 Virtuto
1393 3851 1552 3958 publicis
1580 3850 1733 3929 notariis

324 4010 475 4086 presens
492 3983 660 4073 interlui,
688 4012 745 4073 ac,
767 3985 815 4061 de
835 3983 1009 4060 mandato
1030 3983 1124 4059 'dicti
1144 3983 1405 4070 commissarii,
1429 3983 1468 4059 in
1495 3981 1568 4059 hoc
1597 3981 1734 4060 instro-

324 4129 450 4188 mento
474 4141 535 4188 me
561 4112 758 4218 subscripsi
784 4112 832 4189 in·
852 4112 1112 4191 testiinonium
1134 4111 1416 4218 premissorum,
1438 4109 1607 4217 illudque
1625 4110 1733 4221 signo

324 4269 408 4318 meo
429 4241 539 4319 solito
554 4242 690 4347 signavi
703 4259 872 4348 rogatus.

379 4504 425 4578 Et
445 4529 513 4608 ego
527 4500 686 4579 lacobus
700 4500 748 4578 de
763 4500 912 4579 Virtuto
932 4500 1086 4578 clericus
1100 4498 1400 4578 Cathalaunensis
1415 4501 1587 4587 diocesis,
1611 4498 1735 4606 publi.-

326 4662 390 4710 cus
415 4631 598 4738 imperiali
623 4633 840 4710 auctoritate
863 4631 1044 4719 notarius,
1071 4628 1260 4736 premissis
1280 4630 1575 4709 confessionibus
1590 4648 1637 4708 ‘et
1659 4658 1760 4709 oms

327 4762 438 4840 nibus
463 4763 561 4850 aliis,
579 4780 692 4869 prout
709 4761 748 4837 in
768 4760 983 4866 precedenti
1005 4760 1251 4851 continentur,
1278 4788 1456 4839 unacum
1480 4761 1735 4866 suprascriptis

1515 4909 1565 4974 tt.
