4230 5956
475 451 544 521 111
858 425 1053 556 procus
1078 445 1171 518 nas
1199 444 1499 519 TEMPLIERS.

469 588 516 665 Et
540 605 624 696 post
640 586 758 663 multa
773 587 842 662 alia
860 588 929 665 sibi
949 588 1106 665 dictade
1118 585 1256 692 quibus
1275 586 1373 663 bene
1392 614 1469 663 non
1490 583 1635 676 recolit,
1653 587 1723 668 fuit
1743 590 1889 672 ibidem

469 718 594 810 allata,
616 718 734 795 nescit
753 744 821 823 per
848 714 978 822 quem,
1000 715 1164 823 quedam
1185 744 1273 791 crux
1294 714 1471 792 metalina
1491 715 1530 791 in
1557 739 1730 821 quaerat
1753 752 1888 831 ymago

470 847 662 937 Crucifixi3
678 865 714 924 et
729 846 848 924 dictus
858 865 1040 953 ,receptor
1054 845 1162 953 petiit
1177 845 1224 922 ab
1242 845 1376 922 eodem
1391 863 1485 924 teste
1499 847 1530 922 si
1541 847 1714 926 credebat
1723 851 1761 926 in
1777 852 1888 931 illum

470 980 534 1086 qui
560 976 881 1083 representabatur
908 1005 976 1084 per
1003 977 1140 1053 dictam
1160 976 1393 1083 ymaginem3
1415 1003 1491 1082 quo
1510 979 1762 1082 respondente
1784 987 1888 1088 quod

400 1098 404 1107 ’
451 1182 454 1187 ,
470 1108 540 1195 sic,
553 1106 645 1184 dixit
664 1108 699 1184 ei
719 1107 758 1183 in
774 1108 964 1214 presencia
984 1106 1240 1215 predictorum
1253 1106 1356 1211 quod
1375 1134 1452 1183 non
1468 1106 1632 1185 debebat
1645 1108 1685 1185 in
1706 1138 1794 1187 eum
1815 1142 1889 1190 cre·

471 1238 577 1327 dere,
599 1256 638 1316 et
661 1238 828 1343 precepit
845 1238 950 1344 quod
976 1236 1176 1343 abnegaret
1196 1253 1234 1312 et
1252 1236 1356 1342 quod
1376 1252 1657 1342 spueretsuper
1675 1242 1888 1347 ymaginem

469 1369 734 1474 supradictam,
757 1396 833 1443 non
857 1367 1102 1475 exprimendo
1123 1367 1152 1442 si
1179 1383 1284 1442 erant
1310 1366 1474 1471 predicta
1495 1365 1544 1443 de
1570 1368 1719 1472 punctis
1744 1372 1887 1451 ordinis

470 1498 527 1574 vel
546 1525 645 1585 non,
667 1498 733 1575 sed
753 1498 914 1576 dicendo
934 1496 1039 1605 quod
1061 1498 1134 1574 boc
1153 1494 1351 1602 oportebat
1370 1495 1490 1572 facere
1510 1523 1615 1588 eum,
1641 1515 1679 1575 et
1698 1516 1789 1578 tunc
1808 1504 1886 1608 ipse

470 1628 574 1705 testis
598 1626 808 1733 abnegavit,
837 1644 876 1704 et
899 1627 1001 1732 spuit
1024 1653 1101 1702 non
1136 1654 1246 1733 supra
1274 1624 1341 1702 sed
1360 1625 1465 1730 juxta
1492 1624 1631 1703 dictam
1655 1631 1884 1737 ymaginem,

470 1758 679 1864 supradicta
701 1757 837 1835 faciens
857 1785 1018 1834 orenon
1039 1756 1169 1847 corde,
1191 1773 1234 1832 ut
1254 1756 1357 1832 dixit.
1380 1757 1470 1833 Post
1491 1785 1564 1861 que
1581 1757 1675 1836 dixit
1689 1759 1810 1839 dictus
1827 1792 1887 1840 re-

471 1906 598 1994 ceptor
619 1887 743 1964 eidem
766 1887 851 1964 testi
876 1887 980 1992 quod
1010 1885 1239 1964 oscularetur
1261 1885 1384 1992 ipsum
1408 1904 1545 1964 testem
1566 1886 1606 1963 in
1625 1889 1825 1981 umbilic0;
1848 1912 1887 1969 et

472 2019 563 2132 dum
588 2020 666 2124 ipse
690 2016 794 2095 testis
817 2016 956 2093 levaret
980 2031 1099 2094 vestes
1128 2044 1226 2116 suas,
1247 2015 1379 2094 fratres
1406 2033 1565 2095 astantes
1590 2018 1764 2098 dixerunt
1781 2023 1886 2128 quod

471 2150 697 2238 sufficiebat,
718 2166 756 2225 et
779 2178 856 2226 non
884 2147 956 2226 fuit
974 2147 1026 2226 ibi
1047 2146 1234 2225 osculatus
1254 2175 1352 2225 eum.
1377 2149 1465 2225 Post
1493 2179 1567 2255 que
1589 2150 1683 2227 dixit
1706 2153 1739 2228 ei
1764 2155 1883 2258 quod,

471 2279 678 2357 secundum
695 2280 1005 2355 consuetudinem
1020 2278 1179 2366 ordinis,
1195 2293 1343 2383 poterat
1356 2277 1552 2357 carnaliter
1571 2282 1804 2361 commisceri
1819 2283 1887 2362 fra·

468 2408 589 2485 tribus
613 2406 755 2484 ordinis
778 2424 816 2483 et
840 2407 910 2512 ipsi
930 2435 1016 2483 cum
1039 2435 1106 2496 θος
1128 2407 1202 2483 boc
1227 2423 1354 2483 tamen
1370 2434 1446 2484 non
1470 2406 1559 2485 fecit
1579 2438 1649 2488 nec
1669 2409 1740 2489 fuit
1758 2415 1884 2519 requi·

469 2539 579 2630 situs,
605 2565 674 2614 nec
699 2537 819 2613 credit
838 2536 941 2642 quod
967 2537 1006 2612 in
1031 2536 1165 2614 ordine
1192 2535 1311 2613 fieret.
1336 2537 1550 2643 Requisitus
1574 2540 1606 2616 si
1633 2540 1750 2618 credit
1779 2545 1885 2648 quod

469 2668 636 2775 predicta
652 2666 853 2744 consessata
868 2694 935 2773 per
949 2695 1036 2743 eum
1054 2667 1319 2743 intervenirent
1334 2668 1584 2745 communiter
1602 2670 1642 2745 in
1656 2671 1884 2777 recepcioni-

470 2799 542 2878 bus
567 2798 726 2875 aliorum
749 2797 904 2874 fratrum
928 2797 1086 2886 ordinis,
1112 2795 1310 2904 respondit
1332 2797 1437 2905 quod
1465 2797 1532 2889 sic,
1558 2798 1646 2905 quia
1671 2799 1764 2876 vidit
1781 2804 1884 2906 quod

471 2931 752 3006 intervenerrmt
772 2926 811 3003 in
836 2927 1052 3034 recepcione
1077 2927 1282 3037 Hymbardi
1305 2928 1354 3005 de
1371 2927 1408 3004 la
1426 2929 1597 3037 Beyssuta
1607 2929 1814 3019 servientis,
1829 2949 1884 3007 te-

470 3061 536 3136 stis
554 3087 663 3163 supra
679 3058 891 3148 examinati,
908 3086 1022 3164 quem
1042 3059 1135 3136 vidit
1153 3087 1241 3136 cum
1259 3058 1368 3136 dictis
1381 3055 1523 3137 illicitis
1536 3059 1667 3165 recipi,
1684 3058 1724 3135 in
1741 3061 1882 3168 capella

471 3189 606 3265 domus
633 3187 783 3292 Templi
812 3190 860 3265 de
887 3187 1086 3265 Blandesio
1117 3187 1391 3292 Lemovicensis
1426 3187 1601 3277 diocesis,
1638 3216 1707 3295 per
1730 3189 1882 3267 fratrem

472 3320 719 3426 Hymbertum
750 3318 796 3394 de
829 3317 1035 3396 Comborio
1058 3319 1331 3424 supradictum,
1358 3317 1454 3395 infra
1473 3345 1643 3396 mensem
1670 3318 1728 3395 vel
1749 3321 1883 3399 circaa

469 3450 686 3555 recepcione
715 3447 831 3555 ipsius
854 3448 974 3540 testis,
997 3450 1234 3554 presentibus
1259 3448 1435 3526 fratribus
1459 3450 1569 3526 Petro
1593 3452 1757 3554 Remeyo
1782 3479 1884 3556 pres-

469 3579 591 3659 bitero
613 3597 650 3656 et
668 3596 795 3656 curato
823 3579 920 3656 dicte
952 3580 1103 3671 domus,
1130 3598 1170 3657 et
1195 3579 1368 3686 pluribus
1389 3579 1471 3656 aliis
1491 3577 1539 3656 de
1564 3579 1702 3685 quibus
1726 3608 1802 3656 non
1822 3609 1882 3657 re-

470 3711 571 3799 colit,
593 3729 630 3788 et
648 3710 803 3788 luerunt
822 3710 891 3788 sibi
918 3710 1047 3817 plures
1077 3710 1258 3787 nominati
1283 3738 1351 3819 per
1368 3708 1488 3787 dictos
1509 3710 1683 3786 dominos
1708 3711 1884 3787 commis-

469 3844 593 3932 sarios,
616 3859 655 3921 et
673 3842 883 3948 specialiter
901 3842 1014 3919 frater
1033 3841 1262 3920 Guillelmus
1283 3838 1330 3918 de
1348 3839 1612 3919 Chambonent
1635 3838 1759 3926 miles,
1781 3868 1880 3916 unus

469 3976 516 4051 dc
543 3990 620 4053 11110'
638 3974 686 4050 ad
715 3973 985 4051 deffensionem
1016 3974 1160 4051 ordinis
1179 3973 1395 4078 assumptis,
1415 3999 1531 4077 quem
1553 3968 1675 4045 dictus
1695 3968 1880 4073 Hymber-

467 4120 528 4180 tus
548 4105 723 4209 deposuit
752 4133 819 4182 sue
846 4105 1055 4209 recepcioni
1076 4103 1258 4192 adfuisse,
1281 4120 1318 4179 et
1343 4098 1537 4207 respondit
1566 4098 1688 4175 dietus
1716 4098 1821 4174 testis
1840 4126 1880 4174 se

467 4261 543 4310 non
558 4235 743 4311 recordari
758 4234 946 4340 plurium,·
958 4234 1243 4341 recepcionibus
1259 4262 1337 4309 non
1348 4231 1536 4319 adfuerat,
1556 4257 1627 4307 nec
1645 4228 1732 4304 allia
1751 4228 1881 4305 illicita

467 4366 740 4443 intervenerant
766 4366 805 4440 in
835 4365 931 4442 dicta
964 4365 1182 4471 recepcione
1211 4392 1278 4441 sua
1302 4363 1360 4439 vel
1379 4378 1480 4467 post,
1501 4387 1571 4436 nec
1598 4358 1639 4433 in
1659 4356 1880 4465 recepcione

468 4494 556 4572 dicti
577 4493 781 4583 Hinbaudi,
794 4494 899 4600 quod
918 4494 996 4599 ipse
1012 4493 1157 4575 sciverit
1171 4493 1231 4570 vel
1247 4491 1429 4569 audiverit
1443 4490 1529 4567 dici.
1552 4490 1659 4577 ltem,
1671 4488 1761 4563 dixit
1775 4487 1880 4592 quod

467 4625 545 4728 ipse
575 4625 672 4702 bene
702 4622 878 4701 credebat
912 4622 1165 4698 ecclesiasticis
1198 4622 1457 4711 sacramentis,
1492 4619 1649 4698 credens
1680 4616 1784 4723 quod
1815 4615 1878 4691 alii

467 4751 596 4840 fratres
615 4754 758 4831 ordinis
785 4754 825 4829 in
851 4752 905 4829 eis
931 4748 1143 4840 crederent,
1170 4767 1209 4827 et
1227 4752 1332 4857 quod
1359 4779 1493 4828 eorum
1520 4750 1728 4844 sacerdotes
1749 4744 1878 4822 debite
