<?xml version="1.0" encoding="UTF-8"?>
<!DOCTYPE html PUBLIC "-//W3C//DTD XHTML 1.0 Transitional//EN"
    "http://www.w3.org/TR/xhtml1/DTD/xhtml1-transitional.dtd">
<html xmlns="http://www.w3.org/1999/xhtml" xml:lang="en" lang="en">
 <head>
  <title>
</title>
<meta http-equiv="Content-Type" content="text/html;charset=utf-8" />
  <meta name='ocr-system' content='tesseract 3.04.00' />
  <meta name='ocr-capabilities' content='ocr_page ocr_carea ocr_par ocr_line ocrx_word'/>
</head>
<body>
  <div class='ocr_page' id='page_1' title='image "./procsdestemplie01defegoog/procsdestemplie01defegoog_0351.png"; bbox 0 0 4230 5956; ppageno 0'>
   <div class='ocr_carea' id='block_1_1' title="bbox 693 454 1722 547">
    <p class='ocr_par' dir='ltr' id='par_1_1' title="bbox 693 454 1722 547">
     <span class='ocr_line' id='line_1_1' title="bbox 693 454 1722 547; baseline 0.003 -3"><span class='ocrx_word' id='word_1_1' title='bbox 693 454 888 546; x_wconf 75' lang='lat' dir='ltr'><strong>procas</strong></span> <span class='ocrx_word' id='word_1_2' title='bbox 912 472 1008 543; x_wconf 85' lang='lat' dir='ltr'><strong>nns</strong></span> <span class='ocrx_word' id='word_1_3' title='bbox 1038 472 1338 544; x_wconf 75' lang='lat' dir='ltr'><strong>renarrans.</strong></span> <span class='ocrx_word' id='word_1_4' title='bbox 1649 474 1722 547; x_wconf 78' lang='lat' dir='ltr'><strong>aas</strong></span> 
     </span>
    </p>
   </div>
   <div class='ocr_carea' id='block_1_2' title="bbox 307 609 1729 2404">
    <p class='ocr_par' dir='ltr' id='par_1_2' title="bbox 307 609 1729 2404">
     <span class='ocr_line' id='line_1_2' title="bbox 364 609 1726 717; baseline -0.001 -26"><span class='ocrx_word' id='word_1_5' title='bbox 364 619 456 691; x_wconf 90' lang='lat' dir='ltr'><strong>ltem</strong></span> <span class='ocrx_word' id='word_1_6' title='bbox 466 613 579 690; x_wconf 85' lang='lat' dir='ltr'><strong>frater</strong></span> <span class='ocrx_word' id='word_1_7' title='bbox 591 610 809 717; x_wconf 87' lang='lat' dir='ltr'><strong>Arnulphus</strong></span> <span class='ocrx_word' id='word_1_8' title='bbox 822 611 869 688; x_wconf 93' lang='lat' dir='ltr'><strong>de</strong></span> <span class='ocrx_word' id='word_1_9' title='bbox 884 612 1059 688; x_wconf 89' lang='lat' dir='ltr'><strong>Fontanis</strong></span> <span class='ocrx_word' id='word_1_10' title='bbox 1072 611 1204 688; x_wconf 84' lang='lat' dir='ltr'><strong>subtus</strong></span> <span class='ocrx_word' id='word_1_11' title='bbox 1220 611 1388 687; x_wconf 86' lang='lat' dir='ltr'><strong>Mentem</strong></span> <span class='ocrx_word' id='word_1_12' title='bbox 1401 609 1605 699; x_wconf 72' lang='lat' dir='ltr'><strong>Desiderfi,</strong></span> <span class='ocrx_word' id='word_1_13' title='bbox 1621 613 1726 689; x_wconf 89' lang='lat' dir='ltr'><strong>etatis</strong></span> 
     </span>
     <span class='ocr_line' id='line_1_3' title="bbox 307 737 1725 850; baseline -0.004 -28"><span class='ocrx_word' id='word_1_14' title='bbox 307 743 490 850; x_wconf 80' lang='lat' dir='ltr'><strong>sexaginta</strong></span> <span class='ocrx_word' id='word_1_15' title='bbox 509 769 695 822; x_wconf 88' lang='lat' dir='ltr'><strong>annorum</strong></span> <span class='ocrx_word' id='word_1_16' title='bbox 711 740 770 819; x_wconf 89' lang='lat' dir='ltr'><strong>vel</strong></span> <span class='ocrx_word' id='word_1_17' title='bbox 794 741 905 825; x_wconf 85' lang='lat' dir='ltr'><strong>circa,</strong></span> <span class='ocrx_word' id='word_1_18' title='bbox 928 740 1074 847; x_wconf 87' lang='lat' dir='ltr'><strong>juratus</strong></span> <span class='ocrx_word' id='word_1_19' title='bbox 1094 742 1229 818; x_wconf 89' lang='lat' dir='ltr'><strong>eodem</strong></span> <span class='ocrx_word' id='word_1_20' title='bbox 1258 737 1430 829; x_wconf 85' lang='lat' dir='ltr'><strong>modoet</strong></span> <span class='ocrx_word' id='word_1_21' title='bbox 1454 738 1655 843; x_wconf 78' lang='lat' dir='ltr'><strong>requisitus</strong></span> <span class='ocrx_word' id='word_1_22' title='bbox 1679 740 1725 818; x_wconf 91' lang='lat' dir='ltr'><strong>de</strong></span> 
     </span>
     <span class='ocr_line' id='line_1_4' title="bbox 307 869 1727 979; baseline -0.004 -28"><span class='ocrx_word' id='word_1_23' title='bbox 307 893 475 979; x_wconf 91' lang='lat' dir='ltr'><strong>tempore</strong></span> <span class='ocrx_word' id='word_1_24' title='bbox 491 890 529 949; x_wconf 92' lang='lat' dir='ltr'><strong>et</strong></span> <span class='ocrx_word' id='word_1_25' title='bbox 542 871 657 949; x_wconf 93' lang='lat' dir='ltr'><strong>modo</strong></span> <span class='ocrx_word' id='word_1_26' title='bbox 670 899 737 949; x_wconf 90' lang='lat' dir='ltr'><strong>suc</strong></span> <span class='ocrx_word' id='word_1_27' title='bbox 752 869 999 976; x_wconf 89' lang='lat' dir='ltr'><strong>recepcionis‚</strong></span> <span class='ocrx_word' id='word_1_28' title='bbox 1023 870 1115 946; x_wconf 82' lang='lat' dir='ltr'><strong>dixit</strong></span> <span class='ocrx_word' id='word_1_29' title='bbox 1135 898 1204 976; x_wconf 91' lang='lat' dir='ltr'><strong>per</strong></span> <span class='ocrx_word' id='word_1_30' title='bbox 1217 871 1474 976; x_wconf 89' lang='lat' dir='ltr'><strong>juramentum</strong></span> <span class='ocrx_word' id='word_1_31' title='bbox 1493 895 1603 943; x_wconf 93' lang='lat' dir='ltr'><strong>suum</strong></span> <span class='ocrx_word' id='word_1_32' title='bbox 1623 870 1727 975; x_wconf 92' lang='lat' dir='ltr'><strong>quod</strong></span> 
     </span>
     <span class='ocr_line' id='line_1_5' title="bbox 307 998 1726 1108; baseline -0.003 -27"><span class='ocrx_word' id='word_1_33' title='bbox 307 1003 380 1083; x_wconf 84' lang='lat' dir='ltr'><strong>fuit</strong></span> <span class='ocrx_word' id='word_1_34' title='bbox 398 1019 569 1108; x_wconf 87' lang='lat' dir='ltr'><strong>receptus</strong></span> <span class='ocrx_word' id='word_1_35' title='bbox 585 1003 682 1107; x_wconf 91' lang='lat' dir='ltr'><strong>apud</strong></span> <span class='ocrx_word' id='word_1_36' title='bbox 705 1001 948 1089; x_wconf 84' lang='lat' dir='ltr'><strong>Scissiacum‚</strong></span> <span class='ocrx_word' id='word_1_37' title='bbox 969 1001 1065 1079; x_wconf 89' lang='lat' dir='ltr'><strong>circa</strong></span> <span class='ocrx_word' id='word_1_38' title='bbox 1084 1001 1225 1078; x_wconf 91' lang='lat' dir='ltr'><strong>instans</strong></span> <span class='ocrx_word' id='word_1_39' title='bbox 1244 998 1380 1077; x_wconf 89' lang='lat' dir='ltr'><strong>festum</strong></span> <span class='ocrx_word' id='word_1_40' title='bbox 1399 998 1530 1076; x_wconf 88' lang='lat' dir='ltr'><strong>Crucis</strong></span> <span class='ocrx_word' id='word_1_41' title='bbox 1545 998 1726 1077; x_wconf 85' lang='lat' dir='ltr'><strong>celebrate</strong></span> 
     </span>
     <span class='ocr_line' id='line_1_6' title="bbox 309 1128 1729 1238; baseline -0.002 -28"><span class='ocrx_word' id='word_1_42' title='bbox 309 1149 420 1210; x_wconf 90' lang='lat' dir='ltr'><strong>erunt</strong></span> <span class='ocrx_word' id='word_1_43' title='bbox 438 1132 653 1238; x_wconf 89' lang='lat' dir='ltr'><strong>quindecim</strong></span> <span class='ocrx_word' id='word_1_44' title='bbox 675 1130 779 1219; x_wconf 84' lang='lat' dir='ltr'><strong>anni,</strong></span> <span class='ocrx_word' id='word_1_45' title='bbox 804 1158 872 1236; x_wconf 91' lang='lat' dir='ltr'><strong>per</strong></span> <span class='ocrx_word' id='word_1_46' title='bbox 895 1130 1045 1209; x_wconf 79' lang='lat' dir='ltr'><strong>fratrem</strong></span> <span class='ocrx_word' id='word_1_47' title='bbox 1069 1130 1277 1207; x_wconf 84' lang='lat' dir='ltr'><strong>lohannem</strong></span> <span class='ocrx_word' id='word_1_48' title='bbox 1303 1129 1350 1206; x_wconf 89' lang='lat' dir='ltr'><strong>de</strong></span> <span class='ocrx_word' id='word_1_49' title='bbox 1377 1130 1508 1205; x_wconf 90' lang='lat' dir='ltr'><strong>Turno</strong></span> <span class='ocrx_word' id='word_1_50' title='bbox 1538 1128 1729 1207; x_wconf 89' lang='lat' dir='ltr'><strong>thesaura-</strong></span> 
     </span>
     <span class='ocr_line' id='line_1_7' title="bbox 309 1259 1729 1366; baseline 0 -28"><span class='ocrx_word' id='word_1_51' title='bbox 309 1265 407 1339; x_wconf 87' lang='lat' dir='ltr'><strong>rium</strong></span> <span class='ocrx_word' id='word_1_52' title='bbox 426 1263 682 1339; x_wconf 85' lang='lat' dir='ltr'><strong>Parisiensem.</strong></span> <span class='ocrx_word' id='word_1_53' title='bbox 699 1259 799 1338; x_wconf 85' lang='lat' dir='ltr'><strong>Dixit</strong></span> <span class='ocrx_word' id='word_1_54' title='bbox 821 1260 937 1337; x_wconf 89' lang='lat' dir='ltr'><strong>eciam</strong></span> <span class='ocrx_word' id='word_1_55' title='bbox 953 1288 1021 1366; x_wconf 88' lang='lat' dir='ltr'><strong>per</strong></span> <span class='ocrx_word' id='word_1_56' title='bbox 1030 1260 1284 1366; x_wconf 88' lang='lat' dir='ltr'><strong>juramentum</strong></span> <span class='ocrx_word' id='word_1_57' title='bbox 1300 1287 1410 1337; x_wconf 93' lang='lat' dir='ltr'><strong>suum</strong></span> <span class='ocrx_word' id='word_1_58' title='bbox 1429 1260 1532 1364; x_wconf 85' lang='lat' dir='ltr'><strong>quod</strong></span> <span class='ocrx_word' id='word_1_59' title='bbox 1546 1287 1614 1364; x_wconf 90' lang='lat' dir='ltr'><strong>per</strong></span> <span class='ocrx_word' id='word_1_60' title='bbox 1627 1288 1729 1338; x_wconf 86' lang='lat' dir='ltr'><strong>rece-</strong></span> 
     </span>
     <span class='ocr_line' id='line_1_8' title="bbox 308 1388 1728 1497; baseline -0.001 -27"><span class='ocrx_word' id='word_1_61' title='bbox 308 1409 452 1497; x_wconf 89' lang='lat' dir='ltr'><strong>ptorem</strong></span> <span class='ocrx_word' id='word_1_62' title='bbox 469 1419 579 1467; x_wconf 90' lang='lat' dir='ltr'><strong>suum</strong></span> <span class='ocrx_word' id='word_1_63' title='bbox 596 1389 667 1467; x_wconf 88' lang='lat' dir='ltr'><strong>fuit</strong></span> <span class='ocrx_word' id='word_1_64' title='bbox 680 1389 751 1466; x_wconf 91' lang='lat' dir='ltr'><strong>sibi</strong></span> <span class='ocrx_word' id='word_1_65' title='bbox 766 1407 913 1466; x_wconf 88' lang='lat' dir='ltr'><strong>ostensa</strong></span> <span class='ocrx_word' id='word_1_66' title='bbox 931 1388 1095 1496; x_wconf 90' lang='lat' dir='ltr'><strong>quedam</strong></span> <span class='ocrx_word' id='word_1_67' title='bbox 1110 1418 1198 1467; x_wconf 87' lang='lat' dir='ltr'><strong>crux</strong></span> <span class='ocrx_word' id='word_1_68' title='bbox 1216 1390 1256 1466; x_wconf 93' lang='lat' dir='ltr'><strong>in</strong></span> <span class='ocrx_word' id='word_1_69' title='bbox 1277 1416 1350 1494; x_wconf 88' lang='lat' dir='ltr'><strong>qua</strong></span> <span class='ocrx_word' id='word_1_70' title='bbox 1368 1407 1446 1465; x_wconf 87' lang='lat' dir='ltr'><strong>erat</strong></span> <span class='ocrx_word' id='word_1_71' title='bbox 1463 1417 1596 1496; x_wconf 81' lang='lat' dir='ltr'><strong>ymago</strong></span> <span class='ocrx_word' id='word_1_72' title='bbox 1613 1391 1728 1468; x_wconf 86' lang='lat' dir='ltr'><strong>Jbesu</strong></span> 
     </span>
     <span class='ocr_line' id='line_1_9' title="bbox 308 1519 1729 1626; baseline -0.002 -26"><span class='ocrx_word' id='word_1_73' title='bbox 308 1523 445 1600; x_wconf 87' lang='lat' dir='ltr'><strong>Christi</strong></span> <span class='ocrx_word' id='word_1_74' title='bbox 457 1520 569 1626; x_wconf 87' lang='lat' dir='ltr'><strong>picta;</strong></span> <span class='ocrx_word' id='word_1_75' title='bbox 586 1539 624 1598; x_wconf 90' lang='lat' dir='ltr'><strong>et</strong></span> <span class='ocrx_word' id='word_1_76' title='bbox 635 1520 726 1597; x_wconf 90' lang='lat' dir='ltr'><strong>dixit</strong></span> <span class='ocrx_word' id='word_1_77' title='bbox 735 1547 803 1626; x_wconf 89' lang='lat' dir='ltr'><strong>per</strong></span> <span class='ocrx_word' id='word_1_78' title='bbox 807 1521 1059 1626; x_wconf 89' lang='lat' dir='ltr'><strong>juramentum</strong></span> <span class='ocrx_word' id='word_1_79' title='bbox 1069 1548 1180 1597; x_wconf 91' lang='lat' dir='ltr'><strong>suum</strong></span> <span class='ocrx_word' id='word_1_80' title='bbox 1191 1520 1294 1625; x_wconf 90' lang='lat' dir='ltr'><strong>quod</strong></span> <span class='ocrx_word' id='word_1_81' title='bbox 1310 1520 1431 1595; x_wconf 90' lang='lat' dir='ltr'><strong>dictus</strong></span> <span class='ocrx_word' id='word_1_82' title='bbox 1445 1521 1629 1625; x_wconf 85' lang='lat' dir='ltr'><strong>recipiens</strong></span> <span class='ocrx_word' id='word_1_83' title='bbox 1642 1519 1729 1599; x_wconf 85' lang='lat' dir='ltr'><strong>lecit</strong></span> 
     </span>
     <span class='ocr_line' id='line_1_10' title="bbox 308 1649 1727 1757; baseline -0.003 -27"><span class='ocrx_word' id='word_1_84' title='bbox 308 1654 432 1757; x_wconf 90' lang='lat' dir='ltr'><strong>ipsum</strong></span> <span class='ocrx_word' id='word_1_85' title='bbox 448 1651 591 1728; x_wconf 87' lang='lat' dir='ltr'><strong>dictum</strong></span> <span class='ocrx_word' id='word_1_86' title='bbox 604 1650 759 1727; x_wconf 88' lang='lat' dir='ltr'><strong>Jbesum</strong></span> <span class='ocrx_word' id='word_1_87' title='bbox 772 1649 963 1728; x_wconf 88' lang='lat' dir='ltr'><strong>Christum</strong></span> <span class='ocrx_word' id='word_1_88' title='bbox 980 1649 1162 1755; x_wconf 90' lang='lat' dir='ltr'><strong>abnegare</strong></span> <span class='ocrx_word' id='word_1_89' title='bbox 1174 1667 1232 1726; x_wconf 88' lang='lat' dir='ltr'><strong>ter</strong></span> <span class='ocrx_word' id='word_1_90' title='bbox 1249 1667 1285 1725; x_wconf 90' lang='lat' dir='ltr'><strong>et</strong></span> <span class='ocrx_word' id='word_1_91' title='bbox 1297 1666 1354 1726; x_wconf 89' lang='lat' dir='ltr'><strong>ter</strong></span> <span class='ocrx_word' id='word_1_92' title='bbox 1365 1678 1499 1755; x_wconf 83' lang='lat' dir='ltr'><strong>spuere</strong></span> <span class='ocrx_word' id='word_1_93' title='bbox 1519 1679 1629 1756; x_wconf 91' lang='lat' dir='ltr'><strong>supra</strong></span> <span class='ocrx_word' id='word_1_94' title='bbox 1643 1679 1727 1726; x_wconf 90' lang='lat' dir='ltr'><strong>cru-</strong></span> 
     </span>
     <span class='ocr_line' id='line_1_11' title="bbox 309 1778 1727 1886; baseline -0.002 -28"><span class='ocrx_word' id='word_1_95' title='bbox 309 1811 402 1858; x_wconf 88' lang='lat' dir='ltr'><strong>cem.</strong></span> <span class='ocrx_word' id='word_1_96' title='bbox 430 1782 532 1859; x_wconf 87' lang='lat' dir='ltr'><strong>Dixit</strong></span> <span class='ocrx_word' id='word_1_97' title='bbox 557 1781 675 1857; x_wconf 89' lang='lat' dir='ltr'><strong>eciam</strong></span> <span class='ocrx_word' id='word_1_98' title='bbox 699 1807 768 1885; x_wconf 90' lang='lat' dir='ltr'><strong>per</strong></span> <span class='ocrx_word' id='word_1_99' title='bbox 784 1779 1039 1886; x_wconf 88' lang='lat' dir='ltr'><strong>juramentum</strong></span> <span class='ocrx_word' id='word_1_100' title='bbox 1067 1808 1177 1857; x_wconf 90' lang='lat' dir='ltr'><strong>suum</strong></span> <span class='ocrx_word' id='word_1_101' title='bbox 1201 1779 1304 1884; x_wconf 90' lang='lat' dir='ltr'><strong>quod</strong></span> <span class='ocrx_word' id='word_1_102' title='bbox 1329 1779 1538 1885; x_wconf 89' lang='lat' dir='ltr'><strong>injunctum</strong></span> <span class='ocrx_word' id='word_1_103' title='bbox 1561 1778 1632 1856; x_wconf 83' lang='lat' dir='ltr'><strong>luit</strong></span> <span class='ocrx_word' id='word_1_104' title='bbox 1655 1779 1727 1859; x_wconf 90' lang='lat' dir='ltr'><strong>sibi</strong></span> 
     </span>
     <span class='ocr_line' id='line_1_12' title="bbox 310 1907 1723 2016; baseline -0.001 -28"><span class='ocrx_word' id='word_1_105' title='bbox 310 1910 415 2016; x_wconf 90' lang='lat' dir='ltr'><strong>quod</strong></span> <span class='ocrx_word' id='word_1_106' title='bbox 426 1910 632 1987; x_wconf 86' lang='lat' dir='ltr'><strong>abstineret</strong></span> <span class='ocrx_word' id='word_1_107' title='bbox 642 1938 681 1987; x_wconf 90' lang='lat' dir='ltr'><strong>se</strong></span> <span class='ocrx_word' id='word_1_108' title='bbox 693 1939 713 1984; x_wconf 88' lang='lat' dir='ltr'><strong>a</strong></span> <span class='ocrx_word' id='word_1_109' title='bbox 724 1908 962 1997; x_wconf 87' lang='lat' dir='ltr'><strong>mulieribus,</strong></span> <span class='ocrx_word' id='word_1_110' title='bbox 973 1928 1012 1986; x_wconf 87' lang='lat' dir='ltr'><strong>et</strong></span> <span class='ocrx_word' id='word_1_111' title='bbox 1025 1908 1281 1986; x_wconf 89' lang='lat' dir='ltr'><strong>commisceret</strong></span> <span class='ocrx_word' id='word_1_112' title='bbox 1294 1934 1332 1983; x_wconf 91' lang='lat' dir='ltr'><strong>se</strong></span> <span class='ocrx_word' id='word_1_113' title='bbox 1348 1936 1436 1983; x_wconf 90' lang='lat' dir='ltr'><strong>cum</strong></span> <span class='ocrx_word' id='word_1_114' title='bbox 1446 1907 1723 1998; x_wconf 83' lang='lat' dir='ltr'><strong>fratribussuis‚</strong></span> 
     </span>
     <span class='ocr_line' id='line_1_13' title="bbox 309 2035 1724 2144; baseline 0.001 -29"><span class='ocrx_word' id='word_1_115' title='bbox 309 2042 339 2115; x_wconf 92' lang='lat' dir='ltr'><strong>si</strong></span> <span class='ocrx_word' id='word_1_116' title='bbox 358 2040 558 2144; x_wconf 84' lang='lat' dir='ltr'><strong>indigeret.</strong></span> <span class='ocrx_word' id='word_1_117' title='bbox 573 2039 790 2144; x_wconf 89' lang='lat' dir='ltr'><strong>Requisitus</strong></span> <span class='ocrx_word' id='word_1_118' title='bbox 805 2055 931 2114; x_wconf 90' lang='lat' dir='ltr'><strong>utrum</strong></span> <span class='ocrx_word' id='word_1_119' title='bbox 943 2039 994 2126; x_wconf 84' lang='lat' dir='ltr'><strong>vi,</strong></span> <span class='ocrx_word' id='word_1_120' title='bbox 1006 2035 1064 2114; x_wconf 91' lang='lat' dir='ltr'><strong>vel</strong></span> <span class='ocrx_word' id='word_1_121' title='bbox 1078 2053 1182 2113; x_wconf 91' lang='lat' dir='ltr'><strong>metu</strong></span> <span class='ocrx_word' id='word_1_122' title='bbox 1197 2037 1352 2113; x_wconf 88' lang='lat' dir='ltr'><strong>carceris</strong></span> <span class='ocrx_word' id='word_1_123' title='bbox 1366 2036 1424 2113; x_wconf 90' lang='lat' dir='ltr'><strong>vel</strong></span> <span class='ocrx_word' id='word_1_124' title='bbox 1434 2054 1724 2130; x_wconf 82' lang='lat' dir='ltr'><strong>tormentorum,</strong></span> 
     </span>
     <span class='ocr_line' id='line_1_14' title="bbox 315 2164 1728 2275; baseline 0.001 -29"><span class='ocrx_word' id='word_1_125' title='bbox 315 2170 475 2275; x_wconf 85' lang='lat' dir='ltr'><strong>aliquam</strong></span> <span class='ocrx_word' id='word_1_126' title='bbox 497 2167 631 2244; x_wconf 87' lang='lat' dir='ltr'><strong>dixerit</strong></span> <span class='ocrx_word' id='word_1_127' title='bbox 654 2166 851 2243; x_wconf 81' lang='lat' dir='ltr'><strong>falsitatem</strong></span> <span class='ocrx_word' id='word_1_128' title='bbox 869 2165 929 2243; x_wconf 89' lang='lat' dir='ltr'><strong>vel</strong></span> <span class='ocrx_word' id='word_1_129' title='bbox 953 2166 1196 2245; x_wconf 84' lang='lat' dir='ltr'><strong>immiscuerit</strong></span> <span class='ocrx_word' id='word_1_130' title='bbox 1214 2164 1252 2241; x_wconf 92' lang='lat' dir='ltr'><strong>in</strong></span> <span class='ocrx_word' id='word_1_131' title='bbox 1277 2166 1514 2271; x_wconf 81' lang='lat' dir='ltr'><strong>deposicione</strong></span> <span class='ocrx_word' id='word_1_132' title='bbox 1534 2198 1614 2258; x_wconf 85' lang='lat' dir='ltr'><strong>sua,</strong></span> <span class='ocrx_word' id='word_1_133' title='bbox 1635 2169 1728 2248; x_wconf 86' lang='lat' dir='ltr'><strong>dixit</strong></span> 
     </span>
     <span class='ocr_line' id='line_1_15' title="bbox 310 2294 1471 2404; baseline -0.002 -29"><span class='ocrx_word' id='word_1_134' title='bbox 310 2327 377 2404; x_wconf 87' lang='lat' dir='ltr'><strong>per</strong></span> <span class='ocrx_word' id='word_1_135' title='bbox 390 2300 646 2403; x_wconf 87' lang='lat' dir='ltr'><strong>juramentum</strong></span> <span class='ocrx_word' id='word_1_136' title='bbox 662 2324 773 2374; x_wconf 87' lang='lat' dir='ltr'><strong>suum</strong></span> <span class='ocrx_word' id='word_1_137' title='bbox 792 2295 896 2402; x_wconf 89' lang='lat' dir='ltr'><strong>quod</strong></span> <span class='ocrx_word' id='word_1_138' title='bbox 915 2323 1009 2383; x_wconf 88' lang='lat' dir='ltr'><strong>non;</strong></span> <span class='ocrx_word' id='word_1_139' title='bbox 1027 2296 1143 2372; x_wconf 92' lang='lat' dir='ltr'><strong>immo</strong></span> <span class='ocrx_word' id='word_1_140' title='bbox 1159 2294 1252 2372; x_wconf 89' lang='lat' dir='ltr'><strong>dixit</strong></span> <span class='ocrx_word' id='word_1_141' title='bbox 1271 2297 1471 2373; x_wconf 89' lang='lat' dir='ltr'><strong>veritatem.</strong></span> 
     </span>
    </p>
   </div>
   <div class='ocr_carea' id='block_1_3' title="bbox 310 2558 1730 3181">
    <p class='ocr_par' dir='ltr' id='par_1_3' title="bbox 310 2558 1730 3181">
     <span class='ocr_line' id='line_1_16' title="bbox 366 2558 1726 2665; baseline -0.001 -27"><span class='ocrx_word' id='word_1_142' title='bbox 366 2562 453 2638; x_wconf 81' lang='lat' dir='ltr'><strong>Acta</strong></span> <span class='ocrx_word' id='word_1_143' title='bbox 476 2559 627 2637; x_wconf 82' lang='lat' dir='ltr'><strong>suerum</strong></span> <span class='ocrx_word' id='word_1_144' title='bbox 647 2558 717 2635; x_wconf 89' lang='lat' dir='ltr'><strong>hec</strong></span> <span class='ocrx_word' id='word_1_145' title='bbox 743 2585 853 2645; x_wconf 87' lang='lat' dir='ltr'><strong>anno,</strong></span> <span class='ocrx_word' id='word_1_146' title='bbox 876 2559 1083 2647; x_wconf 86' lang='lat' dir='ltr'><strong>indicione,</strong></span> <span class='ocrx_word' id='word_1_147' title='bbox 1108 2586 1252 2649; x_wconf 89' lang='lat' dir='ltr'><strong>mense,</strong></span> <span class='ocrx_word' id='word_1_148' title='bbox 1280 2559 1358 2649; x_wconf 85' lang='lat' dir='ltr'><strong>die,</strong></span> <span class='ocrx_word' id='word_1_149' title='bbox 1373 2559 1606 2665; x_wconf 85' lang='lat' dir='ltr'><strong>pontificatu,</strong></span> <span class='ocrx_word' id='word_1_150' title='bbox 1629 2588 1726 2637; x_wconf 89' lang='lat' dir='ltr'><strong>anno</strong></span> 
     </span>
     <span class='ocr_line' id='line_1_17' title="bbox 312 2687 1729 2793; baseline -0.001 -27"><span class='ocrx_word' id='word_1_151' title='bbox 312 2707 348 2766; x_wconf 88' lang='lat' dir='ltr'><strong>et</strong></span> <span class='ocrx_word' id='word_1_152' title='bbox 363 2690 447 2767; x_wconf 89' lang='lat' dir='ltr'><strong>loco</strong></span> <span class='ocrx_word' id='word_1_153' title='bbox 467 2687 659 2793; x_wconf 88' lang='lat' dir='ltr'><strong>predictis,</strong></span> <span class='ocrx_word' id='word_1_154' title='bbox 683 2688 919 2792; x_wconf 86' lang='lat' dir='ltr'><strong>presentibus</strong></span> <span class='ocrx_word' id='word_1_155' title='bbox 938 2688 1049 2765; x_wconf 86' lang='lat' dir='ltr'><strong>fratre</strong></span> <span class='ocrx_word' id='word_1_156' title='bbox 1067 2689 1237 2765; x_wconf 86' lang='lat' dir='ltr'><strong>lohanne</strong></span> <span class='ocrx_word' id='word_1_157' title='bbox 1259 2690 1306 2766; x_wconf 89' lang='lat' dir='ltr'><strong>de</strong></span> <span class='ocrx_word' id='word_1_158' title='bbox 1325 2689 1456 2765; x_wconf 86' lang='lat' dir='ltr'><strong>Ruella</strong></span> <span class='ocrx_word' id='word_1_159' title='bbox 1478 2691 1620 2767; x_wconf 89' lang='lat' dir='ltr'><strong>ordinis</strong></span> <span class='ocrx_word' id='word_1_160' title='bbox 1644 2692 1729 2767; x_wconf 87' lang='lat' dir='ltr'><strong>Pre-</strong></span> 
     </span>
     <span class='ocr_line' id='line_1_18' title="bbox 312 2816 1726 2923; baseline 0 -28"><span class='ocrx_word' id='word_1_161' title='bbox 312 2819 535 2905; x_wconf 86' lang='lat' dir='ltr'><strong>dicatorum‚</strong></span> <span class='ocrx_word' id='word_1_162' title='bbox 556 2816 740 2923; x_wconf 87' lang='lat' dir='ltr'><strong>magistris</strong></span> <span class='ocrx_word' id='word_1_163' title='bbox 760 2816 962 2923; x_wconf 87' lang='lat' dir='ltr'><strong>Reginaldo</strong></span> <span class='ocrx_word' id='word_1_164' title='bbox 988 2816 1035 2892; x_wconf 91' lang='lat' dir='ltr'><strong>de</strong></span> <span class='ocrx_word' id='word_1_165' title='bbox 1055 2816 1272 2922; x_wconf 86' lang='lat' dir='ltr'><strong>Albigniaco</strong></span> <span class='ocrx_word' id='word_1_166' title='bbox 1293 2817 1512 2894; x_wconf 81' lang='lat' dir='ltr'><strong>bituricensi</strong></span> <span class='ocrx_word' id='word_1_167' title='bbox 1534 2818 1726 2908; x_wconf 83' lang='lat' dir='ltr'><strong>canonico,</strong></span> 
     </span>
     <span class='ocr_line' id='line_1_19' title="bbox 311 2945 1730 3053; baseline -0.003 -27"><span class='ocrx_word' id='word_1_168' title='bbox 311 2947 514 3026; x_wconf 91' lang='lat' dir='ltr'><strong>Guillelmo</strong></span> <span class='ocrx_word' id='word_1_169' title='bbox 539 2946 783 3053; x_wconf 84' lang='lat' dir='ltr'><strong>deChoques</strong></span> <span class='ocrx_word' id='word_1_170' title='bbox 804 2947 880 3022; x_wconf 86' lang='lat' dir='ltr'><strong>cive</strong></span> <span class='ocrx_word' id='word_1_171' title='bbox 911 2945 1124 3033; x_wconf 87' lang='lat' dir='ltr'><strong>Parisiensi‚</strong></span> <span class='ocrx_word' id='word_1_172' title='bbox 1153 2962 1190 3024; x_wconf 91' lang='lat' dir='ltr'><strong>et</strong></span> <span class='ocrx_word' id='word_1_173' title='bbox 1216 2945 1388 3051; x_wconf 89' lang='lat' dir='ltr'><strong>pluribus</strong></span> <span class='ocrx_word' id='word_1_174' title='bbox 1411 2947 1493 3023; x_wconf 89' lang='lat' dir='ltr'><strong>aliis</strong></span> <span class='ocrx_word' id='word_1_175' title='bbox 1522 2946 1666 3023; x_wconf 86' lang='lat' dir='ltr'><strong>clericis</strong></span> <span class='ocrx_word' id='word_1_176' title='bbox 1691 2962 1730 3023; x_wconf 90' lang='lat' dir='ltr'><strong>et</strong></span> 
     </span>
     <span class='ocr_line' id='line_1_20' title="bbox 310 3075 1375 3181; baseline -0.002 -28"><span class='ocrx_word' id='word_1_177' title='bbox 310 3079 431 3166; x_wconf 87' lang='lat' dir='ltr'><strong>laicis,</strong></span> <span class='ocrx_word' id='word_1_178' title='bbox 457 3077 615 3154; x_wconf 85' lang='lat' dir='ltr'><strong>testibus</strong></span> <span class='ocrx_word' id='word_1_179' title='bbox 634 3078 682 3153; x_wconf 83' lang='lat' dir='ltr'><strong>ad</strong></span> <span class='ocrx_word' id='word_1_180' title='bbox 705 3077 776 3155; x_wconf 91' lang='lat' dir='ltr'><strong>hoc</strong></span> <span class='ocrx_word' id='word_1_181' title='bbox 795 3076 930 3154; x_wconf 87' lang='lat' dir='ltr'><strong>vocatis</strong></span> <span class='ocrx_word' id='word_1_182' title='bbox 951 3075 1160 3180; x_wconf 86' lang='lat' dir='ltr'><strong>specialiter</strong></span> <span class='ocrx_word' id='word_1_183' title='bbox 1173 3093 1209 3152; x_wconf 91' lang='lat' dir='ltr'><strong>et</strong></span> <span class='ocrx_word' id='word_1_184' title='bbox 1228 3078 1375 3181; x_wconf 91' lang='lat' dir='ltr'><strong>rogatis.</strong></span> 
     </span>
    </p>
   </div>
   <div class='ocr_carea' id='block_1_4' title="bbox 312 3336 1731 4349">
    <p class='ocr_par' dir='ltr' id='par_1_4' title="bbox 312 3336 1731 4349">
     <span class='ocr_line' id='line_1_21' title="bbox 366 3336 1730 3443; baseline 0.004 -31"><span class='ocrx_word' id='word_1_185' title='bbox 366 3339 413 3413; x_wconf 82' lang='lat' dir='ltr'><strong>Et</strong></span> <span class='ocrx_word' id='word_1_186' title='bbox 433 3366 502 3443; x_wconf 92' lang='lat' dir='ltr'><strong>ego</strong></span> <span class='ocrx_word' id='word_1_187' title='bbox 518 3336 680 3414; x_wconf 84' lang='lat' dir='ltr'><strong>Amisius</strong></span> <span class='ocrx_word' id='word_1_188' title='bbox 706 3338 753 3414; x_wconf 89' lang='lat' dir='ltr'><strong>de</strong></span> <span class='ocrx_word' id='word_1_189' title='bbox 769 3337 969 3415; x_wconf 86' lang='lat' dir='ltr'><strong>Aureliano</strong></span> <span class='ocrx_word' id='word_1_190' title='bbox 987 3339 1109 3416; x_wconf 88' lang='lat' dir='ltr'><strong>dictus</strong></span> <span class='ocrx_word' id='word_1_191' title='bbox 1127 3338 1162 3415; x_wconf 90' lang='lat' dir='ltr'><strong>le</strong></span> <span class='ocrx_word' id='word_1_192' title='bbox 1180 3339 1281 3415; x_wconf 84' lang='lat' dir='ltr'><strong>Ratis</strong></span> <span class='ocrx_word' id='word_1_193' title='bbox 1283 3399 1292 3427; x_wconf 87' lang='lat'>,</span> <span class='ocrx_word' id='word_1_194' title='bbox 1313 3339 1484 3428; x_wconf 80' lang='lat' dir='ltr'><strong>clericus,</strong></span> <span class='ocrx_word' id='word_1_195' title='bbox 1502 3356 1730 3417; x_wconf 86' lang='lat' dir='ltr'><strong>sacrosancte</strong></span> 
     </span>
     <span class='ocr_line' id='line_1_22' title="bbox 312 3466 1731 3575; baseline 0.001 -30"><span class='ocrx_word' id='word_1_196' title='bbox 312 3472 476 3553; x_wconf 83' lang='lat' dir='ltr'><strong>Romane</strong></span> <span class='ocrx_word' id='word_1_197' title='bbox 497 3467 652 3545; x_wconf 89' lang='lat' dir='ltr'><strong>ecclesie</strong></span> <span class='ocrx_word' id='word_1_198' title='bbox 673 3466 891 3545; x_wconf 89' lang='lat' dir='ltr'><strong>auctoritate</strong></span> <span class='ocrx_word' id='word_1_199' title='bbox 918 3470 1084 3547; x_wconf 90' lang='lat' dir='ltr'><strong>notarius</strong></span> <span class='ocrx_word' id='word_1_200' title='bbox 1111 3467 1300 3574; x_wconf 82' lang='lat' dir='ltr'><strong>publicus,</strong></span> <span class='ocrx_word' id='word_1_201' title='bbox 1324 3470 1513 3575; x_wconf 87' lang='lat' dir='ltr'><strong>premissis</strong></span> <span class='ocrx_word' id='word_1_202' title='bbox 1532 3468 1731 3547; x_wconf 85' lang='lat' dir='ltr'><strong>consessio-</strong></span> 
     </span>
     <span class='ocr_line' id='line_1_23' title="bbox 313 3596 1730 3705; baseline -0.001 -33"><span class='ocrx_word' id='word_1_203' title='bbox 313 3597 423 3673; x_wconf 90' lang='lat' dir='ltr'><strong>nibus</strong></span> <span class='ocrx_word' id='word_1_204' title='bbox 438 3614 476 3673; x_wconf 91' lang='lat' dir='ltr'><strong>et</strong></span> <span class='ocrx_word' id='word_1_205' title='bbox 491 3597 667 3674; x_wconf 91' lang='lat' dir='ltr'><strong>omnibus</strong></span> <span class='ocrx_word' id='word_1_206' title='bbox 689 3597 770 3674; x_wconf 90' lang='lat' dir='ltr'><strong>aliis</strong></span> <span class='ocrx_word' id='word_1_207' title='bbox 791 3615 828 3674; x_wconf 87' lang='lat' dir='ltr'><strong>et</strong></span> <span class='ocrx_word' id='word_1_208' title='bbox 847 3598 1018 3704; x_wconf 83' lang='lat' dir='ltr'><strong>singulis,</strong></span> <span class='ocrx_word' id='word_1_209' title='bbox 1038 3616 1151 3705; x_wconf 90' lang='lat' dir='ltr'><strong>prout</strong></span> <span class='ocrx_word' id='word_1_210' title='bbox 1174 3600 1212 3675; x_wconf 95' lang='lat' dir='ltr'><strong>in</strong></span> <span class='ocrx_word' id='word_1_211' title='bbox 1237 3599 1399 3703; x_wconf 89' lang='lat' dir='ltr'><strong>presenti</strong></span> <span class='ocrx_word' id='word_1_212' title='bbox 1425 3614 1520 3674; x_wconf 88' lang='lat' dir='ltr'><strong>carta</strong></span> <span class='ocrx_word' id='word_1_213' title='bbox 1536 3626 1602 3675; x_wconf 92' lang='lat' dir='ltr'><strong>seu</strong></span> <span class='ocrx_word' id='word_1_214' title='bbox 1627 3596 1730 3702; x_wconf 83' lang='lat' dir='ltr'><strong>pecie</strong></span> 
     </span>
     <span class='ocr_line' id='line_1_24' title="bbox 313 3726 1731 3832; baseline 0.001 -31"><span class='ocrx_word' id='word_1_215' title='bbox 313 3744 351 3801; x_wconf 90' lang='lat' dir='ltr'><strong>et</strong></span> <span class='ocrx_word' id='word_1_216' title='bbox 378 3726 667 3832; x_wconf 89' lang='lat' dir='ltr'><strong>precedentibus</strong></span> <span class='ocrx_word' id='word_1_217' title='bbox 695 3727 802 3831; x_wconf 92' lang='lat' dir='ltr'><strong>signo</strong></span> <span class='ocrx_word' id='word_1_218' title='bbox 829 3754 915 3803; x_wconf 92' lang='lat' dir='ltr'><strong>meo</strong></span> <span class='ocrx_word' id='word_1_219' title='bbox 941 3728 1094 3832; x_wconf 84' lang='lat' dir='ltr'><strong>signatis</strong></span> <span class='ocrx_word' id='word_1_220' title='bbox 1120 3729 1368 3815; x_wconf 86' lang='lat' dir='ltr'><strong>continentur,</strong></span> <span class='ocrx_word' id='word_1_221' title='bbox 1399 3755 1577 3828; x_wconf 87' lang='lat' dir='ltr'><strong>unacum</strong></span> <span class='ocrx_word' id='word_1_222' title='bbox 1603 3752 1731 3830; x_wconf 89' lang='lat' dir='ltr'><strong>supra·</strong></span> 
     </span>
     <span class='ocr_line' id='line_1_25' title="bbox 313 3843 1729 3962; baseline 0.001 -30"><span class='ocrx_word' id='word_1_223' title='bbox 313 3857 458 3960; x_wconf 90' lang='lat' dir='ltr'><strong>scriptis</strong></span> <span class='ocrx_word' id='word_1_224' title='bbox 471 3855 630 3933; x_wconf 87' lang='lat' dir='ltr'><strong>testibus</strong></span> <span class='ocrx_word' id='word_1_225' title='bbox 644 3872 682 3932; x_wconf 88' lang='lat' dir='ltr'><strong>et</strong></span> <span class='ocrx_word' id='word_1_226' title='bbox 695 3856 879 3962; x_wconf 88' lang='lat' dir='ltr'><strong>magistris</strong></span> <span class='ocrx_word' id='word_1_227' title='bbox 892 3856 1062 3933; x_wconf 81' lang='lat' dir='ltr'><strong>lobanne</strong></span> <span class='ocrx_word' id='word_1_228' title='bbox 1075 3843 1123 3933; x_wconf 89' lang='lat' dir='ltr'><strong>de</strong></span> <span class='ocrx_word' id='word_1_229' title='bbox 1137 3857 1297 3933; x_wconf 86' lang='lat' dir='ltr'><strong>Pruvlno</strong></span> <span class='ocrx_word' id='word_1_230' title='bbox 1317 3872 1354 3932; x_wconf 90' lang='lat' dir='ltr'><strong>et</strong></span> <span class='ocrx_word' id='word_1_231' title='bbox 1369 3855 1507 3932; x_wconf 89' lang='lat' dir='ltr'><strong>Jacobo</strong></span> <span class='ocrx_word' id='word_1_232' title='bbox 1523 3856 1571 3931; x_wconf 90' lang='lat' dir='ltr'><strong>de</strong></span> <span class='ocrx_word' id='word_1_233' title='bbox 1581 3855 1729 3933; x_wconf 83' lang='lat' dir='ltr'><strong>Virtute</strong></span> 
     </span>
     <span class='ocr_line' id='line_1_26' title="bbox 312 3984 1730 4091; baseline 0.004 -33"><span class='ocrx_word' id='word_1_234' title='bbox 312 3986 466 4063; x_wconf 87' lang='lat' dir='ltr'><strong>notariis</strong></span> <span class='ocrx_word' id='word_1_235' title='bbox 491 3984 666 4091; x_wconf 84' lang='lat' dir='ltr'><strong>publicis,</strong></span> <span class='ocrx_word' id='word_1_236' title='bbox 687 4013 840 4090; x_wconf 87' lang='lat' dir='ltr'><strong>presens</strong></span> <span class='ocrx_word' id='word_1_237' title='bbox 859 3984 1028 4074; x_wconf 82' lang='lat' dir='ltr'><strong>interfui,</strong></span> <span class='ocrx_word' id='word_1_238' title='bbox 1046 4002 1101 4074; x_wconf 89' lang='lat' dir='ltr'><strong>et,</strong></span> <span class='ocrx_word' id='word_1_239' title='bbox 1130 3985 1177 4062; x_wconf 91' lang='lat' dir='ltr'><strong>de</strong></span> <span class='ocrx_word' id='word_1_240' title='bbox 1198 3986 1369 4062; x_wconf 88' lang='lat' dir='ltr'><strong>mandato</strong></span> <span class='ocrx_word' id='word_1_241' title='bbox 1384 3984 1539 4089; x_wconf 89' lang='lat' dir='ltr'><strong>predicti</strong></span> <span class='ocrx_word' id='word_1_242' title='bbox 1555 3985 1730 4063; x_wconf 86' lang='lat' dir='ltr'><strong>commis-</strong></span> 
     </span>
     <span class='ocr_line' id='line_1_27' title="bbox 314 4113 1726 4220; baseline 0.003 -31"><span class='ocrx_word' id='word_1_243' title='bbox 314 4113 415 4200; x_wconf 83' lang='lat' dir='ltr'><strong>sarii,</strong></span> <span class='ocrx_word' id='word_1_244' title='bbox 434 4115 474 4189; x_wconf 91' lang='lat' dir='ltr'><strong>in</strong></span> <span class='ocrx_word' id='word_1_245' title='bbox 490 4114 563 4191; x_wconf 91' lang='lat' dir='ltr'><strong>hoc</strong></span> <span class='ocrx_word' id='word_1_246' title='bbox 577 4115 824 4193; x_wconf 88' lang='lat' dir='ltr'><strong>instrumento</strong></span> <span class='ocrx_word' id='word_1_247' title='bbox 837 4142 897 4191; x_wconf 91' lang='lat' dir='ltr'><strong>me</strong></span> <span class='ocrx_word' id='word_1_248' title='bbox 909 4115 1108 4220; x_wconf 86' lang='lat' dir='ltr'><strong>subscripsi</strong></span> <span class='ocrx_word' id='word_1_249' title='bbox 1122 4117 1160 4192; x_wconf 92' lang='lat' dir='ltr'><strong>in</strong></span> <span class='ocrx_word' id='word_1_250' title='bbox 1169 4116 1425 4192; x_wconf 89' lang='lat' dir='ltr'><strong>testimonium</strong></span> <span class='ocrx_word' id='word_1_251' title='bbox 1440 4116 1726 4220; x_wconf 88' lang='lat' dir='ltr'><strong>premissorum,</strong></span> 
     </span>
     <span class='ocr_line' id='line_1_28' title="bbox 314 4240 1177 4349; baseline 0.006 -35"><span class='ocrx_word' id='word_1_252' title='bbox 314 4240 482 4347; x_wconf 89' lang='lat' dir='ltr'><strong>illudque</strong></span> <span class='ocrx_word' id='word_1_253' title='bbox 502 4244 606 4348; x_wconf 93' lang='lat' dir='ltr'><strong>signo</strong></span> <span class='ocrx_word' id='word_1_254' title='bbox 628 4270 713 4321; x_wconf 91' lang='lat' dir='ltr'><strong>meo</strong></span> <span class='ocrx_word' id='word_1_255' title='bbox 734 4244 844 4322; x_wconf 90' lang='lat' dir='ltr'><strong>solito</strong></span> <span class='ocrx_word' id='word_1_256' title='bbox 861 4245 997 4349; x_wconf 86' lang='lat' dir='ltr'><strong>signavi</strong></span> <span class='ocrx_word' id='word_1_257' title='bbox 1017 4261 1177 4348; x_wconf 81' lang='lat' dir='ltr'><strong>rogatus.</strong></span> 
     </span>
    </p>
   </div>
   <div class='ocr_carea' id='block_1_5' title="bbox 313 4504 1731 4874">
    <p class='ocr_par' dir='ltr' id='par_1_5' title="bbox 313 4504 1731 4874">
     <span class='ocr_line' id='line_1_29' title="bbox 369 4504 1731 4611; baseline 0.004 -33"><span class='ocrx_word' id='word_1_258' title='bbox 369 4504 416 4579; x_wconf 89' lang='lat' dir='ltr'><strong>Et</strong></span> <span class='ocrx_word' id='word_1_259' title='bbox 435 4531 505 4608; x_wconf 89' lang='lat' dir='ltr'><strong>ego</strong></span> <span class='ocrx_word' id='word_1_260' title='bbox 524 4505 683 4581; x_wconf 86' lang='lat' dir='ltr'><strong>lacobus</strong></span> <span class='ocrx_word' id='word_1_261' title='bbox 708 4504 755 4580; x_wconf 89' lang='lat' dir='ltr'><strong>de</strong></span> <span class='ocrx_word' id='word_1_262' title='bbox 778 4505 925 4583; x_wconf 85' lang='lat' dir='ltr'><strong>Virtuto</strong></span> <span class='ocrx_word' id='word_1_263' title='bbox 951 4505 1105 4583; x_wconf 86' lang='lat' dir='ltr'><strong>clericus</strong></span> <span class='ocrx_word' id='word_1_264' title='bbox 1131 4506 1433 4585; x_wconf 87' lang='lat' dir='ltr'><strong>Cathalannensis</strong></span> <span class='ocrx_word' id='word_1_265' title='bbox 1461 4506 1635 4596; x_wconf 85' lang='lat' dir='ltr'><strong>diocesis,</strong></span> <span class='ocrx_word' id='word_1_266' title='bbox 1661 4534 1731 4611; x_wconf 91' lang='lat' dir='ltr'><strong>pu·</strong></span> 
     </span>
     <span class='ocr_line' id='line_1_30' title="bbox 313 4633 1731 4744; baseline 0.003 -35"><span class='ocrx_word' id='word_1_267' title='bbox 313 4633 434 4711; x_wconf 91' lang='lat' dir='ltr'><strong>blicns</strong></span> <span class='ocrx_word' id='word_1_268' title='bbox 462 4633 642 4739; x_wconf 90' lang='lat' dir='ltr'><strong>imperiali</strong></span> <span class='ocrx_word' id='word_1_269' title='bbox 678 4635 892 4712; x_wconf 88' lang='lat' dir='ltr'><strong>auctoritate</strong></span> <span class='ocrx_word' id='word_1_270' title='bbox 920 4637 1102 4726; x_wconf 82' lang='lat' dir='ltr'><strong>notarius,</strong></span> <span class='ocrx_word' id='word_1_271' title='bbox 1138 4637 1325 4744; x_wconf 86' lang='lat' dir='ltr'><strong>premissis</strong></span> <span class='ocrx_word' id='word_1_272' title='bbox 1363 4636 1659 4716; x_wconf 83' lang='lat' dir='ltr'><strong>confessionibus</strong></span> <span class='ocrx_word' id='word_1_273' title='bbox 1693 4653 1731 4714; x_wconf 85' lang='lat' dir='ltr'><strong>et</strong></span> 
     </span>
     <span class='ocr_line' id='line_1_31' title="bbox 315 4764 1729 4874; baseline 0.003 -33"><span class='ocrx_word' id='word_1_274' title='bbox 315 4764 489 4841; x_wconf 89' lang='lat' dir='ltr'><strong>omnibus</strong></span> <span class='ocrx_word' id='word_1_275' title='bbox 501 4764 581 4841; x_wconf 89' lang='lat' dir='ltr'><strong>aliis</strong></span> <span class='ocrx_word' id='word_1_276' title='bbox 596 4783 633 4842; x_wconf 92' lang='lat' dir='ltr'><strong>et</strong></span> <span class='ocrx_word' id='word_1_277' title='bbox 652 4764 824 4871; x_wconf 85' lang='lat' dir='ltr'><strong>singulis,</strong></span> <span class='ocrx_word' id='word_1_278' title='bbox 843 4783 954 4870; x_wconf 86' lang='lat' dir='ltr'><strong>prout</strong></span> <span class='ocrx_word' id='word_1_279' title='bbox 971 4767 1010 4842; x_wconf 94' lang='lat' dir='ltr'><strong>in</strong></span> <span class='ocrx_word' id='word_1_280' title='bbox 1029 4769 1192 4871; x_wconf 88' lang='lat' dir='ltr'><strong>presenti</strong></span> <span class='ocrx_word' id='word_1_281' title='bbox 1211 4785 1310 4845; x_wconf 88' lang='lat' dir='ltr'><strong>carta</strong></span> <span class='ocrx_word' id='word_1_282' title='bbox 1329 4796 1395 4846; x_wconf 90' lang='lat' dir='ltr'><strong>seu</strong></span> <span class='ocrx_word' id='word_1_283' title='bbox 1409 4769 1512 4874; x_wconf 85' lang='lat' dir='ltr'><strong>pecie</strong></span> <span class='ocrx_word' id='word_1_284' title='bbox 1529 4786 1567 4846; x_wconf 91' lang='lat' dir='ltr'><strong>et</strong></span> <span class='ocrx_word' id='word_1_285' title='bbox 1584 4766 1729 4847; x_wconf 82' lang='lat' dir='ltr'><strong>duabus</strong></span> 
     </span>
    </p>
   </div>
   <div class='ocr_carea' id='block_1_6' title="bbox 0 0 2130 5956">
    <p class='ocr_par' dir='ltr' id='par_1_6' title="bbox 0 0 2130 5956">
     <span class='ocr_line' id='line_1_32' title="bbox 0 0 2130 5956; baseline 0 0"><span class='ocrx_word' id='word_1_286' title='bbox 0 0 2130 5956; x_wconf 95' lang='lat' dir='ltr'><strong> </strong></span> 
     </span>
    </p>
   </div>
  </div>
 </body>
</html>
