<?xml version="1.0" encoding="UTF-8"?>
<!DOCTYPE html PUBLIC "-//W3C//DTD XHTML 1.0 Transitional//EN"
    "http://www.w3.org/TR/xhtml1/DTD/xhtml1-transitional.dtd">
<html xmlns="http://www.w3.org/1999/xhtml" xml:lang="en" lang="en">
 <head>
  <title>
</title>
<meta http-equiv="Content-Type" content="text/html;charset=utf-8" />
  <meta name='ocr-system' content='tesseract 3.04.00' />
  <meta name='ocr-capabilities' content='ocr_page ocr_carea ocr_par ocr_line ocrx_word'/>
</head>
<body>
  <div class='ocr_page' id='page_1' title='image "./procsdestemplie01defegoog/procsdestemplie01defegoog_0342.png"; bbox 0 0 4230 5956; ppageno 0'>
   <div class='ocr_carea' id='block_1_1' title="bbox 457 423 1484 516">
    <p class='ocr_par' dir='ltr' id='par_1_1' title="bbox 457 423 1484 516">
     <span class='ocr_line' id='line_1_1' title="bbox 457 423 1484 516; baseline 0 -1"><span class='ocrx_word' id='word_1_1' title='bbox 457 445 530 515; x_wconf 81' lang='lat'>316</span> <span class='ocrx_word' id='word_1_2' title='bbox 840 423 1035 515; x_wconf 72' lang='lat' dir='ltr'>esoces</span> <span class='ocrx_word' id='word_1_3' title='bbox 1061 442 1157 515; x_wconf 81' lang='lat' dir='ltr'>nus</span> <span class='ocrx_word' id='word_1_4' title='bbox 1185 442 1484 516; x_wconf 78' lang='lat' dir='ltr'>rennuens</span> 
     </span>
    </p>
   </div>
   <div class='ocr_carea' id='block_1_2' title="bbox 452 578 1874 1727">
    <p class='ocr_par' dir='ltr' id='par_1_2' title="bbox 454 578 1874 947">
     <span class='ocr_line' id='line_1_2' title="bbox 454 578 1870 685; baseline 0.001 -28"><span class='ocrx_word' id='word_1_5' title='bbox 454 581 516 659; x_wconf 90' lang='lat' dir='ltr'>alii</span> <span class='ocrx_word' id='word_1_6' title='bbox 528 578 716 657; x_wconf 85' lang='lat' dir='ltr'>similiter.</span> <span class='ocrx_word' id='word_1_7' title='bbox 728 580 939 685; x_wconf 87' lang='lat' dir='ltr'>Requisitus</span> <span class='ocrx_word' id='word_1_8' title='bbox 948 599 1074 660; x_wconf 90' lang='lat' dir='ltr'>utrum</span> <span class='ocrx_word' id='word_1_9' title='bbox 1090 583 1122 659; x_wconf 87' lang='lat' dir='ltr'>vi</span> <span class='ocrx_word' id='word_1_10' title='bbox 1132 581 1209 672; x_wconf 88' lang='lat' dir='ltr'>,vel</span> <span class='ocrx_word' id='word_1_11' title='bbox 1222 601 1324 661; x_wconf 89' lang='lat' dir='ltr'>metu</span> <span class='ocrx_word' id='word_1_12' title='bbox 1337 601 1611 661; x_wconf 88' lang='lat' dir='ltr'>tormentorum</span> <span class='ocrx_word' id='word_1_13' title='bbox 1624 600 1686 660; x_wconf 88' lang='lat' dir='ltr'>aut</span> <span class='ocrx_word' id='word_1_14' title='bbox 1698 584 1870 669; x_wconf 88' lang='lat' dir='ltr'>carceris,</span> 
     </span>
     <span class='ocr_line' id='line_1_3' title="bbox 454 708 1874 818; baseline 0 -31"><span class='ocrx_word' id='word_1_15' title='bbox 454 710 576 817; x_wconf 88' lang='lat' dir='ltr'>aliqua</span> <span class='ocrx_word' id='word_1_16' title='bbox 590 708 661 784; x_wconf 87' lang='lat' dir='ltr'>alia</span> <span class='ocrx_word' id='word_1_17' title='bbox 674 736 793 795; x_wconf 91' lang='lat' dir='ltr'>causa,</span> <span class='ocrx_word' id='word_1_18' title='bbox 810 710 849 785; x_wconf 95' lang='lat' dir='ltr'>in</span> <span class='ocrx_word' id='word_1_19' title='bbox 862 739 927 787; x_wconf 90' lang='lat' dir='ltr'>sua</span> <span class='ocrx_word' id='word_1_20' title='bbox 944 712 1183 818; x_wconf 91' lang='lat' dir='ltr'>deposicione</span> <span class='ocrx_word' id='word_1_21' title='bbox 1201 712 1335 790; x_wconf 82' lang='lat' dir='ltr'><strong>dixerit</strong></span> <span class='ocrx_word' id='word_1_22' title='bbox 1355 713 1571 802; x_wconf 81' lang='lat' dir='ltr'>falsitatem,</span> <span class='ocrx_word' id='word_1_23' title='bbox 1586 712 1678 789; x_wconf 81' lang='lat' dir='ltr'>dixit</span> <span class='ocrx_word' id='word_1_24' title='bbox 1692 741 1760 818; x_wconf 91' lang='lat' dir='ltr'>per</span> <span class='ocrx_word' id='word_1_25' title='bbox 1775 713 1874 818; x_wconf 90' lang='lat' dir='ltr'>jura·</span> 
     </span>
     <span class='ocr_line' id='line_1_4' title="bbox 454 839 1869 947; baseline 0 -32"><span class='ocrx_word' id='word_1_26' title='bbox 454 856 622 917; x_wconf 90' lang='lat' dir='ltr'>mentum</span> <span class='ocrx_word' id='word_1_27' title='bbox 630 866 740 915; x_wconf 89' lang='lat' dir='ltr'>suum</span> <span class='ocrx_word' id='word_1_28' title='bbox 750 839 855 944; x_wconf 86' lang='lat' dir='ltr'>quod</span> <span class='ocrx_word' id='word_1_29' title='bbox 863 868 956 931; x_wconf 91' lang='lat' dir='ltr'>non,</span> <span class='ocrx_word' id='word_1_30' title='bbox 969 841 1086 918; x_wconf 91' lang='lat' dir='ltr'>immo</span> <span class='ocrx_word' id='word_1_31' title='bbox 1101 869 1231 946; x_wconf 91' lang='lat' dir='ltr'>puram</span> <span class='ocrx_word' id='word_1_32' title='bbox 1244 860 1282 918; x_wconf 85' lang='lat' dir='ltr'>et</span> <span class='ocrx_word' id='word_1_33' title='bbox 1292 870 1433 919; x_wconf 88' lang='lat' dir='ltr'>meram</span> <span class='ocrx_word' id='word_1_34' title='bbox 1442 843 1656 947; x_wconf 83' lang='lat' dir='ltr'>recognovit</span> <span class='ocrx_word' id='word_1_35' title='bbox 1667 842 1869 918; x_wconf 86' lang='lat' dir='ltr'>veritatem.</span> 
     </span>
    </p>

    <p class='ocr_par' dir='ltr' id='par_1_3' title="bbox 452 970 1874 1727">
     <span class='ocr_line' id='line_1_5' title="bbox 509 970 1872 1078; baseline -0.002 -31"><span class='ocrx_word' id='word_1_36' title='bbox 509 970 598 1047; x_wconf 81' lang='lat' dir='ltr'>Acta</span> <span class='ocrx_word' id='word_1_37' title='bbox 618 988 706 1047; x_wconf 88' lang='lat' dir='ltr'>sunt</span> <span class='ocrx_word' id='word_1_38' title='bbox 723 971 795 1047; x_wconf 91' lang='lat' dir='ltr'>bec</span> <span class='ocrx_word' id='word_1_39' title='bbox 814 1000 926 1062; x_wconf 92' lang='lat' dir='ltr'>anno,</span> <span class='ocrx_word' id='word_1_40' title='bbox 950 972 1150 1062; x_wconf 85' lang='lat' dir='ltr'>indicione,</span> <span class='ocrx_word' id='word_1_41' title='bbox 1173 1000 1316 1063; x_wconf 91' lang='lat' dir='ltr'>mense,</span> <span class='ocrx_word' id='word_1_42' title='bbox 1337 973 1573 1078; x_wconf 84' lang='lat' dir='ltr'>pontificatu,</span> <span class='ocrx_word' id='word_1_43' title='bbox 1589 972 1673 1048; x_wconf 92' lang='lat' dir='ltr'>loco</span> <span class='ocrx_word' id='word_1_44' title='bbox 1689 989 1727 1051; x_wconf 89' lang='lat' dir='ltr'>et</span> <span class='ocrx_word' id='word_1_45' title='bbox 1741 970 1872 1048; x_wconf 90' lang='lat' dir='ltr'>diebus</span> 
     </span>
     <span class='ocr_line' id='line_1_6' title="bbox 455 1098 1873 1209; baseline 0 -34"><span class='ocrx_word' id='word_1_46' title='bbox 455 1100 648 1205; x_wconf 83' lang='lat' dir='ltr'>predictis,</span> <span class='ocrx_word' id='word_1_47' title='bbox 673 1117 846 1206; x_wconf 79' lang='lat' dir='ltr'>presente</span> <span class='ocrx_word' id='word_1_48' title='bbox 877 1101 1053 1209; x_wconf 84' lang='lat' dir='ltr'>religioso</span> <span class='ocrx_word' id='word_1_49' title='bbox 1085 1100 1197 1180; x_wconf 86' lang='lat' dir='ltr'>fratre</span> <span class='ocrx_word' id='word_1_50' title='bbox 1223 1101 1427 1208; x_wconf 82' lang='lat' dir='ltr'>Reginaldo</span> <span class='ocrx_word' id='word_1_51' title='bbox 1453 1102 1500 1177; x_wconf 91' lang='lat' dir='ltr'>de</span> <span class='ocrx_word' id='word_1_52' title='bbox 1525 1098 1702 1179; x_wconf 88' lang='lat' dir='ltr'>Credolio</span> <span class='ocrx_word' id='word_1_53' title='bbox 1732 1099 1873 1175; x_wconf 91' lang='lat' dir='ltr'>ordinis</span> 
     </span>
     <span class='ocr_line' id='line_1_7' title="bbox 454 1229 1874 1340; baseline -0.002 -35"><span class='ocrx_word' id='word_1_54' title='bbox 454 1230 749 1319; x_wconf 85' lang='lat' dir='ltr'>Predicatorum‚</span> <span class='ocrx_word' id='word_1_55' title='bbox 778 1231 969 1309; x_wconf 89' lang='lat' dir='ltr'>nobilibus</span> <span class='ocrx_word' id='word_1_56' title='bbox 992 1232 1079 1309; x_wconf 88' lang='lat' dir='ltr'>viris</span> <span class='ocrx_word' id='word_1_57' title='bbox 1105 1231 1258 1311; x_wconf 89' lang='lat' dir='ltr'>domino</span> <span class='ocrx_word' id='word_1_58' title='bbox 1278 1233 1445 1340; x_wconf 54' lang='lat' dir='ltr'>¹Hugone</span> <span class='ocrx_word' id='word_1_59' title='bbox 1471 1232 1519 1307; x_wconf 92' lang='lat' dir='ltr'>de</span> <span class='ocrx_word' id='word_1_60' title='bbox 1542 1230 1644 1308; x_wconf 85' lang='lat' dir='ltr'>Cella</span> <span class='ocrx_word' id='word_1_61' title='bbox 1672 1229 1806 1317; x_wconf 90' lang='lat' dir='ltr'>milite,</span> <span class='ocrx_word' id='word_1_62' title='bbox 1834 1256 1874 1303; x_wconf 89' lang='lat' dir='ltr'>ac</span> 
     </span>
     <span class='ocr_line' id='line_1_8' title="bbox 455 1359 1872 1469; baseline -0.004 -30"><span class='ocrx_word' id='word_1_63' title='bbox 455 1360 655 1439; x_wconf 90' lang='lat' dir='ltr'>Guillelmo</span> <span class='ocrx_word' id='word_1_64' title='bbox 676 1360 723 1437; x_wconf 92' lang='lat' dir='ltr'>de</span> <span class='ocrx_word' id='word_1_65' title='bbox 743 1361 918 1469; x_wconf 89' lang='lat' dir='ltr'>Choques</span> <span class='ocrx_word' id='word_1_66' title='bbox 943 1363 1085 1440; x_wconf 84' lang='lat' dir='ltr'>civitate</span> <span class='ocrx_word' id='word_1_67' title='bbox 1117 1362 1330 1451; x_wconf 88' lang='lat' dir='ltr'>Parisiensi,</span> <span class='ocrx_word' id='word_1_68' title='bbox 1352 1380 1390 1439; x_wconf 88' lang='lat' dir='ltr'>et</span> <span class='ocrx_word' id='word_1_69' title='bbox 1408 1361 1578 1466; x_wconf 88' lang='lat' dir='ltr'>pluribus</span> <span class='ocrx_word' id='word_1_70' title='bbox 1601 1359 1682 1436; x_wconf 90' lang='lat' dir='ltr'>aliis</span> <span class='ocrx_word' id='word_1_71' title='bbox 1700 1360 1872 1443; x_wconf 89' lang='lat' dir='ltr'>testibus,</span> 
     </span>
     <span class='ocr_line' id='line_1_9' title="bbox 454 1489 1873 1599; baseline -0.003 -32"><span class='ocrx_word' id='word_1_72' title='bbox 454 1490 502 1567; x_wconf 90' lang='lat' dir='ltr'>ad</span> <span class='ocrx_word' id='word_1_73' title='bbox 519 1492 716 1599; x_wconf 89' lang='lat' dir='ltr'>premissa,</span> <span class='ocrx_word' id='word_1_74' title='bbox 740 1491 848 1569; x_wconf 86' lang='lat' dir='ltr'>dictis</span> <span class='ocrx_word' id='word_1_75' title='bbox 868 1492 1000 1570; x_wconf 89' lang='lat' dir='ltr'>diebus</span> <span class='ocrx_word' id='word_1_76' title='bbox 1018 1493 1190 1570; x_wconf 86' lang='lat' dir='ltr'>vicesima</span> <span class='ocrx_word' id='word_1_77' title='bbox 1215 1508 1360 1599; x_wconf 88' lang='lat' dir='ltr'>quarta,</span> <span class='ocrx_word' id='word_1_78' title='bbox 1379 1491 1549 1568; x_wconf 89' lang='lat' dir='ltr'>vicesima</span> <span class='ocrx_word' id='word_1_79' title='bbox 1570 1490 1697 1596; x_wconf 86' lang='lat' dir='ltr'>quinta</span> <span class='ocrx_word' id='word_1_80' title='bbox 1717 1506 1755 1564; x_wconf 88' lang='lat' dir='ltr'>et</span> <span class='ocrx_word' id='word_1_81' title='bbox 1776 1489 1873 1565; x_wconf 83' lang='lat' dir='ltr'>vice-</span> 
     </span>
     <span class='ocr_line' id='line_1_10' title="bbox 452 1621 1560 1727; baseline -0.002 -30"><span class='ocrx_word' id='word_1_82' title='bbox 452 1621 545 1699; x_wconf 88' lang='lat' dir='ltr'>sima</span> <span class='ocrx_word' id='word_1_83' title='bbox 565 1638 665 1698; x_wconf 84' lang='lat' dir='ltr'>sexte</span> <span class='ocrx_word' id='word_1_84' title='bbox 684 1621 846 1699; x_wconf 89' lang='lat' dir='ltr'>octobris</span> <span class='ocrx_word' id='word_1_85' title='bbox 865 1638 958 1709; x_wconf 91' lang='lat' dir='ltr'>acta,</span> <span class='ocrx_word' id='word_1_86' title='bbox 975 1623 1110 1699; x_wconf 86' lang='lat' dir='ltr'>vocetis</span> <span class='ocrx_word' id='word_1_87' title='bbox 1134 1621 1342 1727; x_wconf 85' lang='lat' dir='ltr'>specialiter</span> <span class='ocrx_word' id='word_1_88' title='bbox 1358 1638 1396 1697; x_wconf 91' lang='lat' dir='ltr'>et</span> <span class='ocrx_word' id='word_1_89' title='bbox 1415 1621 1560 1725; x_wconf 81' lang='lat' dir='ltr'>rogatis.</span> 
     </span>
    </p>
   </div>
   <div class='ocr_carea' id='block_1_3' title="bbox 448 1879 1872 3025">
    <p class='ocr_par' dir='ltr' id='par_1_4' title="bbox 448 1879 1872 3025">
     <span class='ocr_line' id='line_1_11' title="bbox 507 1879 1870 1987; baseline -0.004 -30"><span class='ocrx_word' id='word_1_90' title='bbox 507 1882 554 1958; x_wconf 84' lang='lat' dir='ltr'>Et</span> <span class='ocrx_word' id='word_1_91' title='bbox 571 1908 640 1987; x_wconf 86' lang='lat' dir='ltr'>ego</span> <span class='ocrx_word' id='word_1_92' title='bbox 657 1880 820 1959; x_wconf 83' lang='lat' dir='ltr'>Amisius</span> <span class='ocrx_word' id='word_1_93' title='bbox 840 1880 888 1958; x_wconf 93' lang='lat' dir='ltr'>de</span> <span class='ocrx_word' id='word_1_94' title='bbox 908 1880 1110 1959; x_wconf 83' lang='lat' dir='ltr'>Aureliano</span> <span class='ocrx_word' id='word_1_95' title='bbox 1131 1881 1251 1958; x_wconf 92' lang='lat' dir='ltr'>dictus</span> <span class='ocrx_word' id='word_1_96' title='bbox 1271 1882 1306 1958; x_wconf 91' lang='lat' dir='ltr'>le</span> <span class='ocrx_word' id='word_1_97' title='bbox 1327 1881 1439 1967; x_wconf 84' lang='lat' dir='ltr'>Ratif,</span> <span class='ocrx_word' id='word_1_98' title='bbox 1456 1879 1627 1967; x_wconf 91' lang='lat' dir='ltr'>clericus,</span> <span class='ocrx_word' id='word_1_99' title='bbox 1644 1897 1870 1955; x_wconf 82' lang='lat' dir='ltr'>sacrosancte</span> 
     </span>
     <span class='ocr_line' id='line_1_12' title="bbox 451 2005 1872 2116; baseline -0.004 -29"><span class='ocrx_word' id='word_1_100' title='bbox 451 2012 615 2088; x_wconf 83' lang='lat' dir='ltr'>Romane</span> <span class='ocrx_word' id='word_1_101' title='bbox 641 2011 797 2088; x_wconf 87' lang='lat' dir='ltr'>ecclesie</span> <span class='ocrx_word' id='word_1_102' title='bbox 824 2012 1041 2089; x_wconf 88' lang='lat' dir='ltr'>auctoritate</span> <span class='ocrx_word' id='word_1_103' title='bbox 1067 2011 1234 2088; x_wconf 89' lang='lat' dir='ltr'>notarius</span> <span class='ocrx_word' id='word_1_104' title='bbox 1252 2008 1440 2116; x_wconf 91' lang='lat' dir='ltr'>publicus,</span> <span class='ocrx_word' id='word_1_105' title='bbox 1460 2008 1652 2113; x_wconf 88' lang='lat' dir='ltr'>premissis</span> <span class='ocrx_word' id='word_1_106' title='bbox 1670 2005 1872 2083; x_wconf 83' lang='lat' dir='ltr'>consessio-</span> 
     </span>
     <span class='ocr_line' id='line_1_13' title="bbox 452 2137 1872 2249; baseline -0.004 -32"><span class='ocrx_word' id='word_1_107' title='bbox 452 2140 565 2217; x_wconf 89' lang='lat' dir='ltr'>nibus</span> <span class='ocrx_word' id='word_1_108' title='bbox 590 2157 629 2217; x_wconf 90' lang='lat' dir='ltr'>et</span> <span class='ocrx_word' id='word_1_109' title='bbox 647 2141 821 2218; x_wconf 91' lang='lat' dir='ltr'>omnibus</span> <span class='ocrx_word' id='word_1_110' title='bbox 840 2141 921 2219; x_wconf 85' lang='lat' dir='ltr'>eliis</span> <span class='ocrx_word' id='word_1_111' title='bbox 946 2159 983 2217; x_wconf 91' lang='lat' dir='ltr'>et</span> <span class='ocrx_word' id='word_1_112' title='bbox 1003 2141 1174 2249; x_wconf 81' lang='lat' dir='ltr'>singulis,</span> <span class='ocrx_word' id='word_1_113' title='bbox 1194 2156 1306 2246; x_wconf 90' lang='lat' dir='ltr'>prout</span> <span class='ocrx_word' id='word_1_114' title='bbox 1324 2139 1363 2214; x_wconf 94' lang='lat' dir='ltr'>in</span> <span class='ocrx_word' id='word_1_115' title='bbox 1384 2137 1547 2244; x_wconf 90' lang='lat' dir='ltr'>presenti</span> <span class='ocrx_word' id='word_1_116' title='bbox 1570 2154 1666 2213; x_wconf 89' lang='lat' dir='ltr'>carta</span> <span class='ocrx_word' id='word_1_117' title='bbox 1685 2165 1752 2213; x_wconf 90' lang='lat' dir='ltr'>seu</span> <span class='ocrx_word' id='word_1_118' title='bbox 1769 2138 1872 2241; x_wconf 86' lang='lat' dir='ltr'>pecie</span> 
     </span>
     <span class='ocr_line' id='line_1_14' title="bbox 453 2267 1871 2375; baseline -0.001 -32"><span class='ocrx_word' id='word_1_119' title='bbox 453 2284 490 2344; x_wconf 90' lang='lat' dir='ltr'>et</span> <span class='ocrx_word' id='word_1_120' title='bbox 509 2269 549 2345; x_wconf 91' lang='lat' dir='ltr'>in</span> <span class='ocrx_word' id='word_1_121' title='bbox 567 2269 853 2372; x_wconf 87' lang='lat' dir='ltr'>precedentibus</span> <span class='ocrx_word' id='word_1_122' title='bbox 872 2270 976 2374; x_wconf 86' lang='lat' dir='ltr'>signo</span> <span class='ocrx_word' id='word_1_123' title='bbox 996 2297 1081 2345; x_wconf 91' lang='lat' dir='ltr'>meo</span> <span class='ocrx_word' id='word_1_124' title='bbox 1098 2269 1248 2375; x_wconf 83' lang='lat' dir='ltr'>signatis</span> <span class='ocrx_word' id='word_1_125' title='bbox 1267 2267 1413 2372; x_wconf 85' lang='lat' dir='ltr'>plenius</span> <span class='ocrx_word' id='word_1_126' title='bbox 1432 2267 1677 2354; x_wconf 89' lang='lat' dir='ltr'>continentur,</span> <span class='ocrx_word' id='word_1_127' title='bbox 1698 2294 1871 2342; x_wconf 92' lang='lat' dir='ltr'>unacum</span> 
     </span>
     <span class='ocr_line' id='line_1_15' title="bbox 451 2395 1870 2502; baseline 0.001 -31"><span class='ocrx_word' id='word_1_128' title='bbox 451 2395 708 2502; x_wconf 85' lang='lat' dir='ltr'>suprascriptis</span> <span class='ocrx_word' id='word_1_129' title='bbox 727 2396 883 2473; x_wconf 90' lang='lat' dir='ltr'>testibus</span> <span class='ocrx_word' id='word_1_130' title='bbox 902 2414 940 2473; x_wconf 92' lang='lat' dir='ltr'>et</span> <span class='ocrx_word' id='word_1_131' title='bbox 956 2398 1142 2501; x_wconf 87' lang='lat' dir='ltr'>magistris</span> <span class='ocrx_word' id='word_1_132' title='bbox 1160 2397 1328 2474; x_wconf 87' lang='lat' dir='ltr'>lobanne</span> <span class='ocrx_word' id='word_1_133' title='bbox 1347 2396 1395 2473; x_wconf 92' lang='lat' dir='ltr'>de</span> <span class='ocrx_word' id='word_1_134' title='bbox 1408 2397 1587 2485; x_wconf 91' lang='lat' dir='ltr'>Pruvino,</span> <span class='ocrx_word' id='word_1_135' title='bbox 1606 2395 1787 2474; x_wconf 85' lang='lat' dir='ltr'>Gaufrido</span> <span class='ocrx_word' id='word_1_136' title='bbox 1800 2399 1870 2472; x_wconf 78' lang='lat' dir='ltr'>lln-</span> 
     </span>
     <span class='ocr_line' id='line_1_16' title="bbox 448 2523 1869 2632; baseline 0.001 -31"><span class='ocrx_word' id='word_1_137' title='bbox 448 2523 581 2630; x_wconf 83' lang='lat' dir='ltr'>guelor</span> <span class='ocrx_word' id='word_1_138' title='bbox 612 2524 712 2603; x_wconf 90' lang='lat' dir='ltr'>dicto</span> <span class='ocrx_word' id='word_1_139' title='bbox 743 2524 909 2630; x_wconf 88' lang='lat' dir='ltr'>Chalop,</span> <span class='ocrx_word' id='word_1_140' title='bbox 943 2526 1069 2604; x_wconf 85' lang='lat' dir='ltr'>Eveno</span> <span class='ocrx_word' id='word_1_141' title='bbox 1096 2526 1192 2602; x_wconf 91' lang='lat' dir='ltr'>Phili</span> <span class='ocrx_word' id='word_1_142' title='bbox 1219 2543 1256 2602; x_wconf 91' lang='lat' dir='ltr'>et</span> <span class='ocrx_word' id='word_1_143' title='bbox 1286 2524 1424 2604; x_wconf 87' lang='lat' dir='ltr'>Jacobo</span> <span class='ocrx_word' id='word_1_144' title='bbox 1455 2525 1503 2603; x_wconf 93' lang='lat' dir='ltr'>de</span> <span class='ocrx_word' id='word_1_145' title='bbox 1533 2528 1681 2606; x_wconf 83' lang='lat' dir='ltr'>Virtute</span> <span class='ocrx_word' id='word_1_146' title='bbox 1712 2525 1869 2632; x_wconf 91' lang='lat' dir='ltr'>publicis</span> 
     </span>
     <span class='ocr_line' id='line_1_17' title="bbox 449 2654 1871 2763; baseline 0 -32"><span class='ocrx_word' id='word_1_147' title='bbox 449 2654 618 2745; x_wconf 84' lang='lat' dir='ltr'>notariis,</span> <span class='ocrx_word' id='word_1_148' title='bbox 639 2682 794 2760; x_wconf 87' lang='lat' dir='ltr'>presens</span> <span class='ocrx_word' id='word_1_149' title='bbox 813 2655 980 2745; x_wconf 86' lang='lat' dir='ltr'>interlui,</span> <span class='ocrx_word' id='word_1_150' title='bbox 1001 2673 1055 2748; x_wconf 90' lang='lat' dir='ltr'>et,</span> <span class='ocrx_word' id='word_1_151' title='bbox 1078 2655 1126 2733; x_wconf 92' lang='lat' dir='ltr'>de</span> <span class='ocrx_word' id='word_1_152' title='bbox 1146 2655 1319 2734; x_wconf 84' lang='lat' dir='ltr'>mandato</span> <span class='ocrx_word' id='word_1_153' title='bbox 1340 2657 1428 2734; x_wconf 90' lang='lat' dir='ltr'>dicti</span> <span class='ocrx_word' id='word_1_154' title='bbox 1446 2656 1691 2763; x_wconf 83' lang='lat' dir='ltr'>inquisitoris,</span> <span class='ocrx_word' id='word_1_155' title='bbox 1708 2655 1796 2732; x_wconf 91' lang='lat' dir='ltr'>huic</span> <span class='ocrx_word' id='word_1_156' title='bbox 1817 2657 1871 2732; x_wconf 92' lang='lat' dir='ltr'>in-</span> 
     </span>
     <span class='ocr_line' id='line_1_18' title="bbox 450 2764 1868 2893; baseline 0.001 -31"><span class='ocrx_word' id='word_1_157' title='bbox 450 2802 654 2865; x_wconf 88' lang='lat' dir='ltr'>strumento</span> <span class='ocrx_word' id='word_1_158' title='bbox 673 2815 735 2863; x_wconf 92' lang='lat' dir='ltr'>me</span> <span class='ocrx_word' id='word_1_159' title='bbox 756 2786 955 2893; x_wconf 88' lang='lat' dir='ltr'>subscripsi</span> <span class='ocrx_word' id='word_1_160' title='bbox 970 2787 1009 2863; x_wconf 93' lang='lat' dir='ltr'>in</span> <span class='ocrx_word' id='word_1_161' title='bbox 1025 2764 1281 2865; x_wconf 84' lang='lat' dir='ltr'>testimonium</span> <span class='ocrx_word' id='word_1_162' title='bbox 1296 2787 1581 2892; x_wconf 89' lang='lat' dir='ltr'>premissorum,</span> <span class='ocrx_word' id='word_1_163' title='bbox 1606 2786 1772 2893; x_wconf 89' lang='lat' dir='ltr'>illudque</span> <span class='ocrx_word' id='word_1_164' title='bbox 1784 2815 1868 2864; x_wconf 88' lang='lat' dir='ltr'>meo</span> 
     </span>
     <span class='ocr_line' id='line_1_19' title="bbox 449 2917 1102 3025; baseline -0.005 -31"><span class='ocrx_word' id='word_1_165' title='bbox 449 2918 554 3024; x_wconf 86' lang='lat' dir='ltr'>signo</span> <span class='ocrx_word' id='word_1_166' title='bbox 573 2917 683 2995; x_wconf 92' lang='lat' dir='ltr'>solito</span> <span class='ocrx_word' id='word_1_167' title='bbox 701 2918 838 3022; x_wconf 82' lang='lat' dir='ltr'>signavi</span> <span class='ocrx_word' id='word_1_168' title='bbox 856 2934 1015 3025; x_wconf 84' lang='lat' dir='ltr'>rogatus.</span> <span class='ocrx_word' id='word_1_169' title='bbox 1099 2986 1102 2991; x_wconf 87' lang='lat'>.</span> 
     </span>
    </p>
   </div>
   <div class='ocr_carea' id='block_1_4' title="bbox 448 3175 1867 3933">
    <p class='ocr_par' dir='ltr' id='par_1_5' title="bbox 448 3175 1867 3933">
     <span class='ocr_line' id='line_1_20' title="bbox 505 3175 1867 3285; baseline 0.002 -35"><span class='ocrx_word' id='word_1_170' title='bbox 505 3175 553 3251; x_wconf 87' lang='lat' dir='ltr'>Et</span> <span class='ocrx_word' id='word_1_171' title='bbox 572 3203 641 3281; x_wconf 87' lang='lat' dir='ltr'>ego</span> <span class='ocrx_word' id='word_1_172' title='bbox 659 3175 860 3254; x_wconf 86' lang='lat' dir='ltr'>Gaulridus</span> <span class='ocrx_word' id='word_1_173' title='bbox 879 3177 1067 3282; x_wconf 76' lang='lat' dir='ltr'>Enguelor</span> <span class='ocrx_word' id='word_1_174' title='bbox 1086 3178 1207 3256; x_wconf 90' lang='lat' dir='ltr'>dictus</span> <span class='ocrx_word' id='word_1_175' title='bbox 1231 3179 1392 3285; x_wconf 89' lang='lat' dir='ltr'>Chalop,</span> <span class='ocrx_word' id='word_1_176' title='bbox 1416 3181 1569 3256; x_wconf 88' lang='lat' dir='ltr'>clericus</span> <span class='ocrx_word' id='word_1_177' title='bbox 1593 3178 1764 3258; x_wconf 89' lang='lat' dir='ltr'>Dolensis</span> <span class='ocrx_word' id='word_1_178' title='bbox 1784 3179 1867 3254; x_wconf 91' lang='lat' dir='ltr'>dio-</span> 
     </span>
     <span class='ocr_line' id='line_1_21' title="bbox 450 3302 1867 3415; baseline 0.003 -36"><span class='ocrx_word' id='word_1_179' title='bbox 450 3302 557 3391; x_wconf 89' lang='lat' dir='ltr'>cesis,</span> <span class='ocrx_word' id='word_1_180' title='bbox 591 3304 790 3407; x_wconf 90' lang='lat' dir='ltr'>apostolica</span> <span class='ocrx_word' id='word_1_181' title='bbox 823 3306 1037 3383; x_wconf 88' lang='lat' dir='ltr'>auctoritate</span> <span class='ocrx_word' id='word_1_182' title='bbox 1071 3309 1239 3387; x_wconf 88' lang='lat' dir='ltr'>notarius</span> <span class='ocrx_word' id='word_1_183' title='bbox 1266 3308 1453 3414; x_wconf 90' lang='lat' dir='ltr'>publicus,</span> <span class='ocrx_word' id='word_1_184' title='bbox 1478 3310 1668 3415; x_wconf 87' lang='lat' dir='ltr'>premissis</span> <span class='ocrx_word' id='word_1_185' title='bbox 1694 3308 1867 3385; x_wconf 89' lang='lat' dir='ltr'>omnibus</span> 
     </span>
     <span class='ocr_line' id='line_1_22' title="bbox 451 3432 1867 3546; baseline 0.001 -37"><span class='ocrx_word' id='word_1_186' title='bbox 451 3449 488 3509; x_wconf 91' lang='lat' dir='ltr'>et</span> <span class='ocrx_word' id='word_1_187' title='bbox 511 3432 664 3538; x_wconf 83' lang='lat' dir='ltr'>singulis</span> <span class='ocrx_word' id='word_1_188' title='bbox 692 3434 798 3525; x_wconf 90' lang='lat' dir='ltr'>actis,</span> <span class='ocrx_word' id='word_1_189' title='bbox 826 3434 921 3512; x_wconf 90' lang='lat' dir='ltr'>dicta</span> <span class='ocrx_word' id='word_1_190' title='bbox 946 3436 1007 3512; x_wconf 92' lang='lat' dir='ltr'>die</span> <span class='ocrx_word' id='word_1_191' title='bbox 1033 3453 1145 3514; x_wconf 79' lang='lat' dir='ltr'>rxnn‘·</span> <span class='ocrx_word' id='word_1_192' title='bbox 1170 3439 1349 3528; x_wconf 88' lang='lat' dir='ltr'>octobris,</span> <span class='ocrx_word' id='word_1_193' title='bbox 1378 3467 1528 3546; x_wconf 86' lang='lat' dir='ltr'>presens</span> <span class='ocrx_word' id='word_1_194' title='bbox 1550 3468 1624 3516; x_wconf 92' lang='lat' dir='ltr'>una</span> <span class='ocrx_word' id='word_1_195' title='bbox 1649 3467 1736 3516; x_wconf 92' lang='lat' dir='ltr'>cum</span> <span class='ocrx_word' id='word_1_196' title='bbox 1761 3439 1867 3513; x_wconf 88' lang='lat' dir='ltr'>dictis</span> 
     </span>
     <span class='ocr_line' id='line_1_23' title="bbox 450 3562 1866 3676; baseline 0.001 -37"><span class='ocrx_word' id='word_1_197' title='bbox 450 3562 606 3639; x_wconf 87' lang='lat' dir='ltr'>testibus</span> <span class='ocrx_word' id='word_1_198' title='bbox 626 3580 664 3640; x_wconf 89' lang='lat' dir='ltr'>et</span> <span class='ocrx_word' id='word_1_199' title='bbox 681 3565 834 3642; x_wconf 89' lang='lat' dir='ltr'>notariis</span> <span class='ocrx_word' id='word_1_200' title='bbox 853 3565 1012 3671; x_wconf 90' lang='lat' dir='ltr'>publicis</span> <span class='ocrx_word' id='word_1_201' title='bbox 1029 3566 1091 3644; x_wconf 91' lang='lat' dir='ltr'>hic</span> <span class='ocrx_word' id='word_1_202' title='bbox 1110 3568 1341 3676; x_wconf 88' lang='lat' dir='ltr'>subscriptis,</span> <span class='ocrx_word' id='word_1_203' title='bbox 1357 3598 1510 3676; x_wconf 84' lang='lat' dir='ltr'>presens</span> <span class='ocrx_word' id='word_1_204' title='bbox 1523 3570 1690 3656; x_wconf 85' lang='lat' dir='ltr'>interfui,</span> <span class='ocrx_word' id='word_1_205' title='bbox 1711 3569 1866 3675; x_wconf 87' lang='lat' dir='ltr'>intesti-</span> 
     </span>
     <span class='ocr_line' id='line_1_24' title="bbox 450 3693 1866 3807; baseline 0.001 -39"><span class='ocrx_word' id='word_1_206' title='bbox 450 3693 618 3770; x_wconf 91' lang='lat' dir='ltr'>monium</span> <span class='ocrx_word' id='word_1_207' title='bbox 638 3695 904 3799; x_wconf 90' lang='lat' dir='ltr'>premissorum</span> <span class='ocrx_word' id='word_1_208' title='bbox 923 3726 984 3775; x_wconf 89' lang='lat' dir='ltr'>me</span> <span class='ocrx_word' id='word_1_209' title='bbox 1004 3699 1222 3805; x_wconf 90' lang='lat' dir='ltr'>subscripsi,</span> <span class='ocrx_word' id='word_1_210' title='bbox 1244 3719 1281 3778; x_wconf 91' lang='lat' dir='ltr'>et</span> <span class='ocrx_word' id='word_1_211' title='bbox 1299 3702 1447 3807; x_wconf 83' lang='lat' dir='ltr'>signum</span> <span class='ocrx_word' id='word_1_212' title='bbox 1462 3729 1589 3777; x_wconf 88' lang='lat' dir='ltr'>meum</span> <span class='ocrx_word' id='word_1_213' title='bbox 1609 3700 1761 3804; x_wconf 91' lang='lat' dir='ltr'>apposui</span> <span class='ocrx_word' id='word_1_214' title='bbox 1784 3724 1866 3772; x_wconf 93' lang='lat' dir='ltr'>con-</span> 
     </span>
     <span class='ocr_line' id='line_1_25' title="bbox 448 3840 997 3933; baseline 0.013 -35"><span class='ocrx_word' id='word_1_215' title='bbox 448 3840 598 3901; x_wconf 84' lang='lat' dir='ltr'>suetum</span> <span class='ocrx_word' id='word_1_216' title='bbox 612 3843 762 3903; x_wconf 85' lang='lat' dir='ltr'>vocatus</span> <span class='ocrx_word' id='word_1_217' title='bbox 783 3844 820 3903; x_wconf 93' lang='lat' dir='ltr'>et</span> <span class='ocrx_word' id='word_1_218' title='bbox 838 3846 997 3933; x_wconf 85' lang='lat' dir='ltr'>rogatus.</span> 
     </span>
    </p>
   </div>
   <div class='ocr_carea' id='block_1_5' title="bbox 443 4084 1865 4849">
    <p class='ocr_par' dir='ltr' id='par_1_6' title="bbox 443 4084 1865 4849">
     <span class='ocr_line' id='line_1_26' title="bbox 502 4084 1865 4197; baseline 0.006 -40"><span class='ocrx_word' id='word_1_219' title='bbox 502 4084 549 4158; x_wconf 89' lang='lat' dir='ltr'>Et</span> <span class='ocrx_word' id='word_1_220' title='bbox 573 4112 641 4190; x_wconf 85' lang='lat' dir='ltr'>ego</span> <span class='ocrx_word' id='word_1_221' title='bbox 668 4087 813 4165; x_wconf 89' lang='lat' dir='ltr'>Evenus</span> <span class='ocrx_word' id='word_1_222' title='bbox 839 4090 946 4197; x_wconf 84' lang='lat' dir='ltr'>Phily</span> <span class='ocrx_word' id='word_1_223' title='bbox 974 4090 1020 4167; x_wconf 92' lang='lat' dir='ltr'>de</span> <span class='ocrx_word' id='word_1_224' title='bbox 1048 4092 1184 4169; x_wconf 90' lang='lat' dir='ltr'>Sancto</span> <span class='ocrx_word' id='word_1_225' title='bbox 1216 4092 1358 4170; x_wconf 88' lang='lat' dir='ltr'>Nicasio</span> <span class='ocrx_word' id='word_1_226' title='bbox 1388 4091 1542 4167; x_wconf 89' lang='lat' dir='ltr'>clericus</span> <span class='ocrx_word' id='word_1_227' title='bbox 1576 4091 1865 4194; x_wconf 85' lang='lat' dir='ltr'>Corisopitensis</span> 
     </span>
     <span class='ocr_line' id='line_1_27' title="bbox 446 4209 1865 4327; baseline 0.004 -39"><span class='ocrx_word' id='word_1_228' title='bbox 446 4209 620 4306; x_wconf 87' lang='lat' dir='ltr'>diocesis,</span> <span class='ocrx_word' id='word_1_229' title='bbox 642 4219 842 4321; x_wconf 87' lang='lat' dir='ltr'>apostolica</span> <span class='ocrx_word' id='word_1_230' title='bbox 862 4219 1036 4324; x_wconf 90' lang='lat' dir='ltr'>publicus</span> <span class='ocrx_word' id='word_1_231' title='bbox 1056 4224 1269 4300; x_wconf 89' lang='lat' dir='ltr'>auctoritate</span> <span class='ocrx_word' id='word_1_232' title='bbox 1284 4222 1466 4312; x_wconf 89' lang='lat' dir='ltr'>notarius,</span> <span class='ocrx_word' id='word_1_233' title='bbox 1483 4222 1672 4327; x_wconf 91' lang='lat' dir='ltr'>premissis</span> <span class='ocrx_word' id='word_1_234' title='bbox 1691 4217 1865 4296; x_wconf 90' lang='lat' dir='ltr'>omnibus</span> 
     </span>
     <span class='ocr_line' id='line_1_28' title="bbox 445 4344 1863 4460; baseline 0.004 -42"><span class='ocrx_word' id='word_1_235' title='bbox 445 4359 481 4418; x_wconf 88' lang='lat' dir='ltr'>et</span> <span class='ocrx_word' id='word_1_236' title='bbox 510 4344 678 4450; x_wconf 83' lang='lat' dir='ltr'>singulis,</span> <span class='ocrx_word' id='word_1_237' title='bbox 709 4367 822 4453; x_wconf 91' lang='lat' dir='ltr'>prout</span> <span class='ocrx_word' id='word_1_238' title='bbox 844 4351 883 4426; x_wconf 94' lang='lat' dir='ltr'>in</span> <span class='ocrx_word' id='word_1_239' title='bbox 908 4354 1068 4456; x_wconf 91' lang='lat' dir='ltr'>presenti</span> <span class='ocrx_word' id='word_1_240' title='bbox 1099 4371 1199 4430; x_wconf 88' lang='lat' dir='ltr'>carta</span> <span class='ocrx_word' id='word_1_241' title='bbox 1226 4354 1319 4431; x_wconf 88' lang='lat' dir='ltr'>etin</span> <span class='ocrx_word' id='word_1_242' title='bbox 1339 4353 1627 4460; x_wconf 88' lang='lat' dir='ltr'>precedentibus</span> <span class='ocrx_word' id='word_1_243' title='bbox 1653 4353 1757 4459; x_wconf 84' lang='lat' dir='ltr'>signo</span> <span class='ocrx_word' id='word_1_244' title='bbox 1779 4377 1863 4425; x_wconf 89' lang='lat' dir='ltr'>meo</span> 
     </span>
     <span class='ocr_line' id='line_1_29' title="bbox 443 4472 1861 4590; baseline 0.003 -42"><span class='ocrx_word' id='word_1_245' title='bbox 443 4472 591 4578; x_wconf 83' lang='lat' dir='ltr'>signatis</span> <span class='ocrx_word' id='word_1_246' title='bbox 603 4476 753 4581; x_wconf 90' lang='lat' dir='ltr'>plenius</span> <span class='ocrx_word' id='word_1_247' title='bbox 764 4480 1014 4571; x_wconf 87' lang='lat' dir='ltr'>continentur,</span> <span class='ocrx_word' id='word_1_248' title='bbox 1027 4512 1100 4559; x_wconf 91' lang='lat' dir='ltr'>una</span> <span class='ocrx_word' id='word_1_249' title='bbox 1111 4513 1197 4560; x_wconf 93' lang='lat' dir='ltr'>cum</span> <span class='ocrx_word' id='word_1_250' title='bbox 1208 4484 1363 4561; x_wconf 88' lang='lat' dir='ltr'>testibus</span> <span class='ocrx_word' id='word_1_251' title='bbox 1375 4484 1553 4590; x_wconf 92' lang='lat' dir='ltr'>predictis</span> <span class='ocrx_word' id='word_1_252' title='bbox 1564 4479 1861 4588; x_wconf 89' lang='lat' dir='ltr'>acsuprascriptis</span> 
     </span>
     <span class='ocr_line' id='line_1_30' title="bbox 443 4605 1859 4722; baseline 0.006 -46"><span class='ocrx_word' id='word_1_253' title='bbox 443 4605 612 4694; x_wconf 88' lang='lat' dir='ltr'>notariis,</span> <span class='ocrx_word' id='word_1_254' title='bbox 629 4635 780 4711; x_wconf 90' lang='lat' dir='ltr'>presens</span> <span class='ocrx_word' id='word_1_255' title='bbox 796 4609 962 4700; x_wconf 87' lang='lat' dir='ltr'>interlui,</span> <span class='ocrx_word' id='word_1_256' title='bbox 979 4610 1042 4688; x_wconf 94' lang='lat' dir='ltr'>hic</span> <span class='ocrx_word' id='word_1_257' title='bbox 1055 4642 1115 4689; x_wconf 91' lang='lat' dir='ltr'>me</span> <span class='ocrx_word' id='word_1_258' title='bbox 1128 4615 1339 4722; x_wconf 90' lang='lat' dir='ltr'>subscripsi,</span> <span class='ocrx_word' id='word_1_259' title='bbox 1356 4632 1393 4692; x_wconf 91' lang='lat' dir='ltr'>et</span> <span class='ocrx_word' id='word_1_260' title='bbox 1412 4643 1583 4692; x_wconf 90' lang='lat' dir='ltr'>unacum</span> <span class='ocrx_word' id='word_1_261' title='bbox 1599 4613 1710 4720; x_wconf 84' lang='lat' dir='ltr'>signis</span> <span class='ocrx_word' id='word_1_262' title='bbox 1723 4627 1760 4686; x_wconf 92' lang='lat' dir='ltr'>et</span> <span class='ocrx_word' id='word_1_263' title='bbox 1774 4609 1859 4686; x_wconf 90' lang='lat' dir='ltr'>sub·</span> 
     </span>
     <span class='ocr_line' id='line_1_31' title="bbox 443 4732 1812 4849; baseline 0.008 -46"><span class='ocrx_word' id='word_1_264' title='bbox 443 4732 711 4836; x_wconf 88' lang='lat' dir='ltr'>scripcionibus</span> <span class='ocrx_word' id='word_1_265' title='bbox 730 4738 897 4842; x_wconf 89' lang='lat' dir='ltr'>ipsorum</span> <span class='ocrx_word' id='word_1_266' title='bbox 918 4741 1149 4819; x_wconf 80' lang='lat' dir='ltr'>notariorum</span> <span class='ocrx_word' id='word_1_267' title='bbox 1168 4744 1319 4849; x_wconf 85' lang='lat' dir='ltr'>signum</span> <span class='ocrx_word' id='word_1_268' title='bbox 1336 4772 1463 4821; x_wconf 90' lang='lat' dir='ltr'>meum</span> <span class='ocrx_word' id='word_1_269' title='bbox 1482 4744 1637 4849; x_wconf 92' lang='lat' dir='ltr'>apposui</span> <span class='ocrx_word' id='word_1_270' title='bbox 1653 4757 1812 4847; x_wconf 85' lang='lat' dir='ltr'>rogatus.</span> 
     </span>
    </p>
   </div>
   <div class='ocr_carea' id='block_1_6' title="bbox 0 0 2120 5956">
    <p class='ocr_par' dir='ltr' id='par_1_7' title="bbox 0 0 2120 5956">
     <span class='ocr_line' id='line_1_32' title="bbox 0 0 2120 5956; baseline 0 4"><span class='ocrx_word' id='word_1_271' title='bbox 0 0 2120 5956; x_wconf 95' lang='lat' dir='ltr'> </span> 
     </span>
    </p>
   </div>
  </div>
 </body>
</html>
