<?xml version="1.0" encoding="UTF-8"?>
<!DOCTYPE html PUBLIC "-//W3C//DTD XHTML 1.0 Transitional//EN"
    "http://www.w3.org/TR/xhtml1/DTD/xhtml1-transitional.dtd">
<html xmlns="http://www.w3.org/1999/xhtml" xml:lang="en" lang="en">
 <head>
  <title>
</title>
<meta http-equiv="Content-Type" content="text/html;charset=utf-8" />
  <meta name='ocr-system' content='tesseract 3.04.00' />
  <meta name='ocr-capabilities' content='ocr_page ocr_carea ocr_par ocr_line ocrx_word'/>
</head>
<body>
  <div class='ocr_page' id='page_1' title='image "./procsdestemplie01defegoog/procsdestemplie01defegoog_0115.png"; bbox 0 0 4230 5956; ppageno 0'>
   <div class='ocr_carea' id='block_1_1' title="bbox 634 473 1669 580">
    <p class='ocr_par' dir='ltr' id='par_1_1' title="bbox 634 473 1669 580">
     <span class='ocr_line' id='line_1_1' title="bbox 634 473 1669 580; baseline 0.014 -14"><span class='ocrx_word' id='word_1_1' title='bbox 634 473 833 569; x_wconf 79' lang='lat' dir='ltr'><strong>rnocts</strong></span> <span class='ocrx_word' id='word_1_2' title='bbox 859 495 953 568; x_wconf 83' lang='lat' dir='ltr'><strong>ons</strong></span> <span class='ocrx_word' id='word_1_3' title='bbox 980 495 1282 572; x_wconf 75' lang='lat' dir='ltr'><strong>reuertens.</strong></span> <span class='ocrx_word' id='word_1_4' title='bbox 1620 509 1669 580; x_wconf 82' lang='lat' dir='ltr'><strong>so</strong></span> 
     </span>
    </p>
   </div>
   <div class='ocr_carea' id='block_1_2' title="bbox 251 631 1839 723">
    <p class='ocr_par' dir='ltr' id='par_1_2' title="bbox 251 631 1839 723">
     <span class='ocr_line' id='line_1_2' title="bbox 251 631 1839 723; baseline 0.011 -14"><span class='ocrx_word' id='word_1_5' title='bbox 251 633 363 712; x_wconf 88' lang='lat' dir='ltr'><strong>luisse</strong></span> <span class='ocrx_word' id='word_1_6' title='bbox 387 631 592 722; x_wconf 82' lang='lat' dir='ltr'><strong>confessos;</strong></span> <span class='ocrx_word' id='word_1_7' title='bbox 619 651 657 710; x_wconf 90' lang='lat' dir='ltr'><strong>et</strong></span> <span class='ocrx_word' id='word_1_8' title='bbox 678 634 752 711; x_wconf 93' lang='lat' dir='ltr'><strong>hoc</strong></span> <span class='ocrx_word' id='word_1_9' title='bbox 771 635 891 713; x_wconf 87' lang='lat' dir='ltr'><strong>eciam</strong></span> <span class='ocrx_word' id='word_1_10' title='bbox 913 635 1004 711; x_wconf 87' lang='lat' dir='ltr'><strong>dixit</strong></span> <span class='ocrx_word' id='word_1_11' title='bbox 1026 664 1065 713; x_wconf 92' lang='lat' dir='ltr'><strong>se</strong></span> <span class='ocrx_word' id='word_1_12' title='bbox 1087 634 1201 714; x_wconf 85' lang='lat' dir='ltr'><strong>luisse</strong></span> <span class='ocrx_word' id='word_1_13' title='bbox 1222 635 1432 716; x_wconf 84' lang='lat' dir='ltr'><strong>consessum</strong></span> <span class='ocrx_word' id='word_1_14' title='bbox 1455 667 1494 717; x_wconf 91' lang='lat' dir='ltr'><strong>se</strong></span> <span class='ocrx_word' id='word_1_15' title='bbox 1517 646 1670 723; x_wconf 87' lang='lat' dir='ltr'><strong>credere</strong></span> <span class='ocrx_word' id='word_1_16' title='bbox 1829 645 1839 654; x_wconf 68' lang='grc'>’</span> 
     </span>
    </p>
   </div>
   <div class='ocr_carea' id='block_1_3' title="bbox 247 765 1673 4883">
    <p class='ocr_par' dir='ltr' id='par_1_3' title="bbox 247 765 1673 4883">
     <span class='ocr_line' id='line_1_3' title="bbox 250 765 1668 873; baseline 0.006 -32"><span class='ocrx_word' id='word_1_17' title='bbox 250 791 373 844; x_wconf 80' lang='lat' dir='ltr'><strong>corum</strong></span> <span class='ocrx_word' id='word_1_18' title='bbox 388 765 535 844; x_wconf 88' lang='lat' dir='ltr'><strong>officiali</strong></span> <span class='ocrx_word' id='word_1_19' title='bbox 550 766 738 873; x_wconf 91' lang='lat' dir='ltr'><strong>predicto,</strong></span> <span class='ocrx_word' id='word_1_20' title='bbox 761 784 799 844; x_wconf 92' lang='lat' dir='ltr'><strong>et</strong></span> <span class='ocrx_word' id='word_1_21' title='bbox 816 795 859 842; x_wconf 80' lang='lat' dir='ltr'><strong>ex</strong></span> <span class='ocrx_word' id='word_1_22' title='bbox 874 768 947 844; x_wconf 91' lang='lat' dir='ltr'><strong>hoc</strong></span> <span class='ocrx_word' id='word_1_23' title='bbox 961 767 1178 846; x_wconf 86' lang='lat' dir='ltr'><strong>absolutum</strong></span> <span class='ocrx_word' id='word_1_24' title='bbox 1194 785 1230 845; x_wconf 90' lang='lat' dir='ltr'><strong>et</strong></span> <span class='ocrx_word' id='word_1_25' title='bbox 1246 768 1527 847; x_wconf 87' lang='lat' dir='ltr'><strong>reconciliatum</strong></span> <span class='ocrx_word' id='word_1_26' title='bbox 1542 772 1668 851; x_wconf 84' lang='lat' dir='ltr'><strong>fuisse.</strong></span> 
     </span>
     <span class='ocr_line' id='line_1_4' title="bbox 249 896 1671 1007; baseline 0.006 -36"><span class='ocrx_word' id='word_1_27' title='bbox 249 897 361 989; x_wconf 86' lang='lat' dir='ltr'><strong>Item,</strong></span> <span class='ocrx_word' id='word_1_28' title='bbox 385 897 477 973; x_wconf 85' lang='lat' dir='ltr'>dixit</span> <span class='ocrx_word' id='word_1_29' title='bbox 495 897 600 1003; x_wconf 91' lang='lat' dir='ltr'><strong>quod</strong></span> <span class='ocrx_word' id='word_1_30' title='bbox 614 896 794 1005; x_wconf 87' lang='lat' dir='ltr'><strong>jurabant</strong></span> <span class='ocrx_word' id='word_1_31' title='bbox 814 897 986 975; x_wconf 86' lang='lat' dir='ltr'>ordinem</span> <span class='ocrx_word' id='word_1_32' title='bbox 1009 926 1087 975; x_wconf 92' lang='lat' dir='ltr'><strong>non</strong></span> <span class='ocrx_word' id='word_1_33' title='bbox 1107 899 1218 975; x_wconf 88' lang='lat' dir='ltr'><strong>exire.</strong></span> <span class='ocrx_word' id='word_1_34' title='bbox 1249 899 1382 976; x_wconf 81' lang='lat' dir='ltr'><strong>Statim</strong></span> <span class='ocrx_word' id='word_1_35' title='bbox 1404 928 1473 1007; x_wconf 91' lang='lat' dir='ltr'><strong>pro</strong></span> <span class='ocrx_word' id='word_1_36' title='bbox 1496 900 1671 1007; x_wconf 82' lang='lat' dir='ltr'><strong>professis</strong></span> 
     </span>
     <span class='ocr_line' id='line_1_5' title="bbox 247 1024 1670 1134; baseline 0.006 -33"><span class='ocrx_word' id='word_1_37' title='bbox 247 1024 496 1117; x_wconf 79' lang='lat' dir='ltr'><strong>habebantur.</strong></span> <span class='ocrx_word' id='word_1_38' title='bbox 526 1026 769 1106; x_wconf 88' lang='lat' dir='ltr'><strong>Clandestine</strong></span> <span class='ocrx_word' id='word_1_39' title='bbox 794 1027 1084 1134; x_wconf 75' lang='lat' dir='ltr'><strong>recipiebantur,</strong></span> <span class='ocrx_word' id='word_1_40' title='bbox 1111 1028 1225 1106; x_wconf 92' lang='lat' dir='ltr'><strong>nullis</strong></span> <span class='ocrx_word' id='word_1_41' title='bbox 1247 1029 1483 1134; x_wconf 86' lang='lat' dir='ltr'><strong>presentibus</strong></span> <span class='ocrx_word' id='word_1_42' title='bbox 1503 1031 1575 1109; x_wconf 92' lang='lat' dir='ltr'><strong>nisi</strong></span> <span class='ocrx_word' id='word_1_43' title='bbox 1596 1032 1670 1110; x_wconf 85' lang='lat' dir='ltr'><strong>sra-</strong></span> 
     </span>
     <span class='ocr_line' id='line_1_6' title="bbox 247 1155 1668 1265; baseline 0.004 -35"><span class='ocrx_word' id='word_1_44' title='bbox 247 1155 370 1234; x_wconf 89' lang='lat' dir='ltr'><strong>tribus</strong></span> <span class='ocrx_word' id='word_1_45' title='bbox 396 1157 551 1243; x_wconf 84' lang='lat' dir='ltr'><strong>ordinis,</strong></span> <span class='ocrx_word' id='word_1_46' title='bbox 581 1185 625 1234; x_wconf 84' lang='lat' dir='ltr'><strong>ex</strong></span> <span class='ocrx_word' id='word_1_47' title='bbox 647 1185 729 1263; x_wconf 93' lang='lat' dir='ltr'><strong>quo</strong></span> <span class='ocrx_word' id='word_1_48' title='bbox 750 1157 868 1233; x_wconf 91' lang='lat' dir='ltr'><strong>credit</strong></span> <span class='ocrx_word' id='word_1_49' title='bbox 892 1158 995 1265; x_wconf 91' lang='lat' dir='ltr'><strong>quod</strong></span> <span class='ocrx_word' id='word_1_50' title='bbox 1020 1175 1117 1235; x_wconf 90' lang='lat' dir='ltr'><strong>esset</strong></span> <span class='ocrx_word' id='word_1_51' title='bbox 1138 1159 1299 1264; x_wconf 89' lang='lat' dir='ltr'><strong>suspicio</strong></span> <span class='ocrx_word' id='word_1_52' title='bbox 1320 1159 1414 1236; x_wconf 84' lang='lat' dir='ltr'><strong>mala</strong></span> <span class='ocrx_word' id='word_1_53' title='bbox 1439 1177 1566 1238; x_wconf 88' lang='lat' dir='ltr'><strong>contra</strong></span> <span class='ocrx_word' id='word_1_54' title='bbox 1592 1190 1668 1239; x_wconf 91' lang='lat' dir='ltr'><strong>eos.</strong></span> 
     </span>
     <span class='ocr_line' id='line_1_7' title="bbox 249 1285 1670 1394; baseline 0.004 -32"><span class='ocrx_word' id='word_1_55' title='bbox 249 1285 380 1363; x_wconf 78' lang='lat' dir='ltr'><strong>Credit</strong></span> <span class='ocrx_word' id='word_1_56' title='bbox 394 1287 499 1392; x_wconf 90' lang='lat' dir='ltr'><strong>quod</strong></span> <span class='ocrx_word' id='word_1_57' title='bbox 521 1286 745 1394; x_wconf 86' lang='lat' dir='ltr'><strong>inpartibus</strong></span> <span class='ocrx_word' id='word_1_58' title='bbox 766 1289 919 1364; x_wconf 87' lang='lat' dir='ltr'><strong>Francie</strong></span> <span class='ocrx_word' id='word_1_59' title='bbox 943 1289 1201 1394; x_wconf 84' lang='lat' dir='ltr'><strong>reciperentur</strong></span> <span class='ocrx_word' id='word_1_60' title='bbox 1214 1288 1345 1394; x_wconf 87' lang='lat' dir='ltr'><strong>lratres</strong></span> <span class='ocrx_word' id='word_1_61' title='bbox 1363 1289 1506 1367; x_wconf 87' lang='lat' dir='ltr'><strong>ordinis</strong></span> <span class='ocrx_word' id='word_1_62' title='bbox 1525 1291 1670 1368; x_wconf 85' lang='lat' dir='ltr'><strong>unilor-</strong></span> 
     </span>
     <span class='ocr_line' id='line_1_8' title="bbox 248 1416 1668 1527; baseline 0.005 -35"><span class='ocrx_word' id='word_1_63' title='bbox 248 1416 360 1493; x_wconf 90' lang='lat' dir='ltr'><strong>miter</strong></span> <span class='ocrx_word' id='word_1_64' title='bbox 382 1417 555 1507; x_wconf 82' lang='lat' dir='ltr'><strong>athene,</strong></span> <span class='ocrx_word' id='word_1_65' title='bbox 578 1419 674 1495; x_wconf 89' lang='lat' dir='ltr'><strong>sicut</strong></span> <span class='ocrx_word' id='word_1_66' title='bbox 693 1418 772 1524; x_wconf 89' lang='lat' dir='ltr'><strong>ipse</strong></span> <span class='ocrx_word' id='word_1_67' title='bbox 790 1417 864 1496; x_wconf 85' lang='lat' dir='ltr'><strong>luit</strong></span> <span class='ocrx_word' id='word_1_68' title='bbox 876 1436 1050 1525; x_wconf 90' lang='lat' dir='ltr'><strong>receptus</strong></span> <span class='ocrx_word' id='word_1_69' title='bbox 1072 1436 1109 1495; x_wconf 91' lang='lat' dir='ltr'><strong>et</strong></span> <span class='ocrx_word' id='word_1_70' title='bbox 1129 1419 1224 1497; x_wconf 87' lang='lat' dir='ltr'><strong>vidit</strong></span> <span class='ocrx_word' id='word_1_71' title='bbox 1242 1419 1334 1497; x_wconf 87' lang='lat' dir='ltr'><strong>alios</strong></span> <span class='ocrx_word' id='word_1_72' title='bbox 1354 1420 1484 1526; x_wconf 87' lang='lat' dir='ltr'><strong>recipi,</strong></span> <span class='ocrx_word' id='word_1_73' title='bbox 1507 1439 1544 1498; x_wconf 91' lang='lat' dir='ltr'><strong>et</strong></span> <span class='ocrx_word' id='word_1_74' title='bbox 1563 1424 1668 1527; x_wconf 90' lang='lat' dir='ltr'><strong>quod</strong></span> 
     </span>
     <span class='ocr_line' id='line_1_9' title="bbox 249 1546 1668 1658; baseline 0.006 -38"><span class='ocrx_word' id='word_1_75' title='bbox 249 1546 288 1621; x_wconf 91' lang='lat' dir='ltr'><strong>in</strong></span> <span class='ocrx_word' id='word_1_76' title='bbox 314 1547 505 1653; x_wconf 89' lang='lat' dir='ltr'><strong>aliquibus</strong></span> <span class='ocrx_word' id='word_1_77' title='bbox 528 1547 610 1626; x_wconf 90' lang='lat' dir='ltr'><strong>aliis</strong></span> <span class='ocrx_word' id='word_1_78' title='bbox 634 1548 803 1654; x_wconf 89' lang='lat' dir='ltr'><strong>partibus</strong></span> <span class='ocrx_word' id='word_1_79' title='bbox 828 1550 1082 1655; x_wconf 87' lang='lat' dir='ltr'><strong>reciperentur</strong></span> <span class='ocrx_word' id='word_1_80' title='bbox 1103 1551 1198 1627; x_wconf 91' lang='lat' dir='ltr'><strong>sicut</strong></span> <span class='ocrx_word' id='word_1_81' title='bbox 1221 1550 1395 1658; x_wconf 85' lang='lat' dir='ltr'><strong>Magister</strong></span> <span class='ocrx_word' id='word_1_82' title='bbox 1419 1550 1558 1627; x_wconf 93' lang='lat' dir='ltr'><strong>dicitur</strong></span> <span class='ocrx_word' id='word_1_83' title='bbox 1578 1579 1668 1628; x_wconf 90' lang='lat' dir='ltr'><strong>con-</strong></span> 
     </span>
     <span class='ocr_line' id='line_1_10' title="bbox 249 1676 1670 1785; baseline 0.001 -31"><span class='ocrx_word' id='word_1_84' title='bbox 249 1676 360 1755; x_wconf 78' lang='lat' dir='ltr'><strong>fiteri·</strong></span> <span class='ocrx_word' id='word_1_85' title='bbox 377 1676 646 1784; x_wconf 89' lang='lat' dir='ltr'><strong>lnjungebatur</strong></span> <span class='ocrx_word' id='word_1_86' title='bbox 659 1679 712 1755; x_wconf 89' lang='lat' dir='ltr'><strong>eis</strong></span> <span class='ocrx_word' id='word_1_87' title='bbox 727 1708 794 1784; x_wconf 89' lang='lat' dir='ltr'><strong>per</strong></span> <span class='ocrx_word' id='word_1_88' title='bbox 808 1696 1082 1756; x_wconf 88' lang='lat' dir='ltr'><strong>sacramentum</strong></span> <span class='ocrx_word' id='word_1_89' title='bbox 1095 1679 1201 1785; x_wconf 91' lang='lat' dir='ltr'><strong>quod</strong></span> <span class='ocrx_word' id='word_1_90' title='bbox 1215 1708 1292 1757; x_wconf 90' lang='lat' dir='ltr'><strong>nou</strong></span> <span class='ocrx_word' id='word_1_91' title='bbox 1307 1680 1515 1757; x_wconf 85' lang='lat' dir='ltr'><strong>revelarent</strong></span> <span class='ocrx_word' id='word_1_92' title='bbox 1530 1699 1670 1758; x_wconf 86' lang='lat' dir='ltr'><strong>secreta</strong></span> 
     </span>
     <span class='ocr_line' id='line_1_11' title="bbox 249 1807 1669 1917; baseline 0.001 -32"><span class='ocrx_word' id='word_1_93' title='bbox 249 1808 516 1914; x_wconf 90' lang='lat' dir='ltr'><strong>capitulorum,</strong></span> <span class='ocrx_word' id='word_1_94' title='bbox 534 1807 581 1885; x_wconf 91' lang='lat' dir='ltr'><strong>de</strong></span> <span class='ocrx_word' id='word_1_95' title='bbox 594 1808 710 1885; x_wconf 91' lang='lat' dir='ltr'><strong>modo</strong></span> <span class='ocrx_word' id='word_1_96' title='bbox 725 1811 956 1915; x_wconf 89' lang='lat' dir='ltr'><strong>recepcionis</strong></span> <span class='ocrx_word' id='word_1_97' title='bbox 970 1811 1010 1885; x_wconf 92' lang='lat' dir='ltr'><strong>in</strong></span> <span class='ocrx_word' id='word_1_98' title='bbox 1026 1811 1176 1917; x_wconf 83' lang='lat' dir='ltr'><strong>speciali</strong></span> <span class='ocrx_word' id='word_1_99' title='bbox 1193 1809 1299 1887; x_wconf 91' lang='lat' dir='ltr'><strong>nulla</strong></span> <span class='ocrx_word' id='word_1_100' title='bbox 1314 1810 1440 1888; x_wconf 90' lang='lat' dir='ltr'><strong>habita</strong></span> <span class='ocrx_word' id='word_1_101' title='bbox 1455 1811 1669 1898; x_wconf 87' lang='lat' dir='ltr'><strong>mencione;</strong></span> 
     </span>
     <span class='ocr_line' id='line_1_12' title="bbox 248 1937 1669 2044; baseline 0.001 -30"><span class='ocrx_word' id='word_1_102' title='bbox 248 1938 313 2043; x_wconf 90' lang='lat' dir='ltr'><strong>qui</strong></span> <span class='ocrx_word' id='word_1_103' title='bbox 339 1937 579 2026; x_wconf 81' lang='lat' dir='ltr'><strong>revelassent,</strong></span> <span class='ocrx_word' id='word_1_104' title='bbox 605 1937 651 2012; x_wconf 90' lang='lat' dir='ltr'><strong>ad</strong></span> <span class='ocrx_word' id='word_1_105' title='bbox 671 1965 806 2042; x_wconf 89' lang='lat' dir='ltr'><strong>panem</strong></span> <span class='ocrx_word' id='word_1_106' title='bbox 827 1953 865 2013; x_wconf 88' lang='lat' dir='ltr'><strong>et</strong></span> <span class='ocrx_word' id='word_1_107' title='bbox 888 1966 1023 2044; x_wconf 90' lang='lat' dir='ltr'><strong>aquam</strong></span> <span class='ocrx_word' id='word_1_108' title='bbox 1046 1939 1158 2043; x_wconf 91' lang='lat' dir='ltr'><strong>positi</strong></span> <span class='ocrx_word' id='word_1_109' title='bbox 1181 1938 1348 2015; x_wconf 84' lang='lat' dir='ltr'><strong>fuissent.</strong></span> <span class='ocrx_word' id='word_1_110' title='bbox 1372 1939 1414 2015; x_wconf 92' lang='lat' dir='ltr'><strong>ln</strong></span> <span class='ocrx_word' id='word_1_111' title='bbox 1439 1939 1587 2044; x_wconf 88' lang='lat' dir='ltr'><strong>signum</strong></span> <span class='ocrx_word' id='word_1_112' title='bbox 1612 1968 1669 2016; x_wconf 87' lang='lat' dir='ltr'><strong>ca-</strong></span> 
     </span>
     <span class='ocr_line' id='line_1_13' title="bbox 248 2065 1668 2175; baseline 0 -31"><span class='ocrx_word' id='word_1_113' title='bbox 248 2068 382 2145; x_wconf 84' lang='lat' dir='ltr'><strong>stitatis</strong></span> <span class='ocrx_word' id='word_1_114' title='bbox 395 2066 642 2175; x_wconf 85' lang='lat' dir='ltr'><strong>cingebantur</strong></span> <span class='ocrx_word' id='word_1_115' title='bbox 656 2090 769 2172; x_wconf 89' lang='lat' dir='ltr'><strong>super</strong></span> <span class='ocrx_word' id='word_1_116' title='bbox 782 2066 950 2142; x_wconf 89' lang='lat' dir='ltr'><strong>camisias</strong></span> <span class='ocrx_word' id='word_1_117' title='bbox 964 2095 1048 2143; x_wconf 90' lang='lat' dir='ltr'><strong>curn</strong></span> <span class='ocrx_word' id='word_1_118' title='bbox 1061 2065 1198 2172; x_wconf 92' lang='lat' dir='ltr'><strong>quibus</strong></span> <span class='ocrx_word' id='word_1_119' title='bbox 1203 2067 1376 2173; x_wconf 89' lang='lat' dir='ltr'><strong>jacebant</strong></span> <span class='ocrx_word' id='word_1_120' title='bbox 1389 2066 1554 2145; x_wconf 89' lang='lat' dir='ltr'><strong>cordulis</strong></span> <span class='ocrx_word' id='word_1_121' title='bbox 1566 2070 1668 2145; x_wconf 90' lang='lat' dir='ltr'><strong>unde</strong></span> 
     </span>
     <span class='ocr_line' id='line_1_14' title="bbox 248 2194 1670 2301; baseline 0.001 -29"><span class='ocrx_word' id='word_1_122' title='bbox 248 2196 425 2276; x_wconf 90' lang='lat' dir='ltr'><strong>volebant</strong></span> <span class='ocrx_word' id='word_1_123' title='bbox 444 2195 661 2301; x_wconf 79' lang='lat' dir='ltr'><strong>assumptis3</strong></span> <span class='ocrx_word' id='word_1_124' title='bbox 689 2194 719 2271; x_wconf 90' lang='lat' dir='ltr'><strong>si</strong></span> <span class='ocrx_word' id='word_1_125' title='bbox 739 2195 805 2300; x_wconf 92' lang='lat' dir='ltr'><strong>qui</strong></span> <span class='ocrx_word' id='word_1_126' title='bbox 828 2211 933 2271; x_wconf 88' lang='lat' dir='ltr'><strong>erant</strong></span> <span class='ocrx_word' id='word_1_127' title='bbox 955 2195 1085 2273; x_wconf 84' lang='lat' dir='ltr'><strong>fratres</strong></span> <span class='ocrx_word' id='word_1_128' title='bbox 1104 2195 1262 2272; x_wconf 88' lang='lat' dir='ltr'><strong>scientes</strong></span> <span class='ocrx_word' id='word_1_129' title='bbox 1287 2224 1430 2274; x_wconf 88' lang='lat' dir='ltr'><strong>errores</strong></span> <span class='ocrx_word' id='word_1_130' title='bbox 1453 2225 1532 2274; x_wconf 88' lang='lat' dir='ltr'><strong>esse</strong></span> <span class='ocrx_word' id='word_1_131' title='bbox 1554 2199 1592 2273; x_wconf 94' lang='lat' dir='ltr'><strong>in</strong></span> <span class='ocrx_word' id='word_1_132' title='bbox 1617 2226 1670 2276; x_wconf 90' lang='lat' dir='ltr'><strong>or·</strong></span> 
     </span>
     <span class='ocr_line' id='line_1_15' title="bbox 250 2324 1669 2432; baseline 0 -29"><span class='ocrx_word' id='word_1_133' title='bbox 250 2327 359 2413; x_wconf 84' lang='lat' dir='ltr'><strong>diue,</strong></span> <span class='ocrx_word' id='word_1_134' title='bbox 383 2325 538 2403; x_wconf 84' lang='lat' dir='ltr'><strong>luerunt</strong></span> <span class='ocrx_word' id='word_1_135' title='bbox 561 2324 793 2432; x_wconf 84' lang='lat' dir='ltr'><strong>negligentes</strong></span> <span class='ocrx_word' id='word_1_136' title='bbox 814 2325 902 2430; x_wconf 86' lang='lat' dir='ltr'><strong>quia</strong></span> <span class='ocrx_word' id='word_1_137' title='bbox 924 2352 1001 2400; x_wconf 91' lang='lat' dir='ltr'><strong>non</strong></span> <span class='ocrx_word' id='word_1_138' title='bbox 1025 2342 1264 2401; x_wconf 82' lang='lat' dir='ltr'><strong>correxerunt</strong></span> <span class='ocrx_word' id='word_1_139' title='bbox 1289 2353 1444 2402; x_wconf 86' lang='lat' dir='ltr'><strong>cosnec</strong></span> <span class='ocrx_word' id='word_1_140' title='bbox 1466 2327 1669 2403; x_wconf 85' lang='lat' dir='ltr'><strong>denuncie-</strong></span> 
     </span>
     <span class='ocr_line' id='line_1_16' title="bbox 248 2452 1670 2561; baseline 0 -27"><span class='ocrx_word' id='word_1_141' title='bbox 248 2475 382 2534; x_wconf 89' lang='lat' dir='ltr'><strong>verunt</strong></span> <span class='ocrx_word' id='word_1_142' title='bbox 401 2455 579 2533; x_wconf 87' lang='lat' dir='ltr'><strong>Ecclesie.</strong></span> <span class='ocrx_word' id='word_1_143' title='bbox 604 2455 645 2531; x_wconf 91' lang='lat' dir='ltr'><strong>ln</strong></span> <span class='ocrx_word' id='word_1_144' title='bbox 667 2452 838 2559; x_wconf 89' lang='lat' dir='ltr'><strong>capitulis</strong></span> <span class='ocrx_word' id='word_1_145' title='bbox 860 2454 1000 2560; x_wconf 90' lang='lat' dir='ltr'><strong>quibus</strong></span> <span class='ocrx_word' id='word_1_146' title='bbox 1019 2453 1126 2530; x_wconf 85' lang='lat' dir='ltr'><strong>affuit</strong></span> <span class='ocrx_word' id='word_1_147' title='bbox 1147 2454 1289 2531; x_wconf 89' lang='lat' dir='ltr'><strong>audivit</strong></span> <span class='ocrx_word' id='word_1_148' title='bbox 1309 2456 1450 2561; x_wconf 91' lang='lat' dir='ltr'><strong>precipi</strong></span> <span class='ocrx_word' id='word_1_149' title='bbox 1472 2455 1511 2531; x_wconf 89' lang='lat' dir='ltr'><strong>in</strong></span> <span class='ocrx_word' id='word_1_150' title='bbox 1533 2457 1670 2535; x_wconf 89' lang='lat' dir='ltr'><strong>virtute</strong></span> 
     </span>
     <span class='ocr_line' id='line_1_17' title="bbox 249 2581 1669 2691; baseline 0 -26"><span class='ocrx_word' id='word_1_151' title='bbox 249 2586 470 2665; x_wconf 90' lang='lat' dir='ltr'><strong>obediencie</strong></span> <span class='ocrx_word' id='word_1_152' title='bbox 495 2584 600 2691; x_wconf 92' lang='lat' dir='ltr'><strong>quod</strong></span> <span class='ocrx_word' id='word_1_153' title='bbox 620 2583 825 2660; x_wconf 87' lang='lat' dir='ltr'><strong>elemosine</strong></span> <span class='ocrx_word' id='word_1_154' title='bbox 851 2583 979 2660; x_wconf 87' lang='lat' dir='ltr'><strong>debite</strong></span> <span class='ocrx_word' id='word_1_155' title='bbox 1006 2581 1141 2661; x_wconf 88' lang='lat' dir='ltr'><strong>fierent</strong></span> <span class='ocrx_word' id='word_1_156' title='bbox 1168 2585 1207 2660; x_wconf 89' lang='lat' dir='ltr'><strong>iu</strong></span> <span class='ocrx_word' id='word_1_157' title='bbox 1233 2585 1384 2676; x_wconf 85' lang='lat' dir='ltr'><strong>ordine,</strong></span> <span class='ocrx_word' id='word_1_158' title='bbox 1410 2603 1447 2662; x_wconf 91' lang='lat' dir='ltr'><strong>et</strong></span> <span class='ocrx_word' id='word_1_159' title='bbox 1474 2585 1669 2665; x_wconf 84' lang='lat' dir='ltr'><strong>deffende-</strong></span> 
     </span>
     <span class='ocr_line' id='line_1_18' title="bbox 248 2713 1671 2823; baseline 0.002 -31"><span class='ocrx_word' id='word_1_160' title='bbox 248 2716 358 2793; x_wconf 90' lang='lat' dir='ltr'><strong>batur</strong></span> <span class='ocrx_word' id='word_1_161' title='bbox 377 2716 482 2823; x_wconf 90' lang='lat' dir='ltr'><strong>quod</strong></span> <span class='ocrx_word' id='word_1_162' title='bbox 506 2742 582 2791; x_wconf 89' lang='lat' dir='ltr'><strong>non</strong></span> <span class='ocrx_word' id='word_1_163' title='bbox 598 2713 834 2820; x_wconf 89' lang='lat' dir='ltr'><strong>acquirerent</strong></span> <span class='ocrx_word' id='word_1_164' title='bbox 846 2714 984 2823; x_wconf 88' lang='lat' dir='ltr'><strong>injuste</strong></span> <span class='ocrx_word' id='word_1_165' title='bbox 997 2714 1140 2802; x_wconf 90' lang='lat' dir='ltr'><strong>ordini,</strong></span> <span class='ocrx_word' id='word_1_166' title='bbox 1163 2732 1200 2790; x_wconf 91' lang='lat' dir='ltr'><strong>et</strong></span> <span class='ocrx_word' id='word_1_167' title='bbox 1213 2715 1306 2790; x_wconf 92' lang='lat' dir='ltr'><strong>vidit</strong></span> <span class='ocrx_word' id='word_1_168' title='bbox 1318 2714 1434 2792; x_wconf 86' lang='lat' dir='ltr'><strong>dictas</strong></span> <span class='ocrx_word' id='word_1_169' title='bbox 1450 2714 1671 2794; x_wconf 82' lang='lat' dir='ltr'><strong>elemosinas</strong></span> 
     </span>
     <span class='ocr_line' id='line_1_19' title="bbox 250 2842 1669 2951; baseline -0.001 -29"><span class='ocrx_word' id='word_1_170' title='bbox 250 2860 288 2926; x_wconf 88' lang='lat' dir='ltr'><strong>et</strong></span> <span class='ocrx_word' id='word_1_171' title='bbox 307 2845 600 2951; x_wconf 84' lang='lat' dir='ltr'><strong>hospitalitatem</strong></span> <span class='ocrx_word' id='word_1_172' title='bbox 622 2844 888 2920; x_wconf 89' lang='lat' dir='ltr'><strong>convenienter</strong></span> <span class='ocrx_word' id='word_1_173' title='bbox 904 2843 987 2920; x_wconf 85' lang='lat' dir='ltr'><strong>lieri</strong></span> <span class='ocrx_word' id='word_1_174' title='bbox 1009 2860 1048 2919; x_wconf 89' lang='lat' dir='ltr'><strong>et</strong></span> <span class='ocrx_word' id='word_1_175' title='bbox 1061 2844 1196 2920; x_wconf 91' lang='lat' dir='ltr'><strong>servari</strong></span> <span class='ocrx_word' id='word_1_176' title='bbox 1216 2843 1255 2919; x_wconf 93' lang='lat' dir='ltr'><strong>in</strong></span> <span class='ocrx_word' id='word_1_177' title='bbox 1275 2842 1453 2920; x_wconf 89' lang='lat' dir='ltr'><strong>domibus</strong></span> <span class='ocrx_word' id='word_1_178' title='bbox 1473 2845 1616 2921; x_wconf 90' lang='lat' dir='ltr'><strong>ordinis</strong></span> <span class='ocrx_word' id='word_1_179' title='bbox 1630 2846 1669 2921; x_wconf 88' lang='lat' dir='ltr'><strong>in</strong></span> 
     </span>
     <span class='ocr_line' id='line_1_20' title="bbox 248 2972 1671 3082; baseline -0.001 -30"><span class='ocrx_word' id='word_1_180' title='bbox 248 2976 387 3082; x_wconf 91' lang='lat' dir='ltr'><strong>quibus</strong></span> <span class='ocrx_word' id='word_1_181' title='bbox 412 2975 532 3052; x_wconf 80' lang='lat' dir='ltr'><strong>extitit</strong></span> <span class='ocrx_word' id='word_1_182' title='bbox 556 2991 818 3050; x_wconf 90' lang='lat' dir='ltr'><strong>commoratus.</strong></span> <span class='ocrx_word' id='word_1_183' title='bbox 840 2972 943 3051; x_wconf 89' lang='lat' dir='ltr'><strong>Vidit</strong></span> <span class='ocrx_word' id='word_1_184' title='bbox 967 2972 1070 3079; x_wconf 90' lang='lat' dir='ltr'><strong>quod</strong></span> <span class='ocrx_word' id='word_1_185' title='bbox 1090 2972 1397 3078; x_wconf 88' lang='lat' dir='ltr'><strong>aliquandopost</strong></span> <span class='ocrx_word' id='word_1_186' title='bbox 1414 2973 1580 3050; x_wconf 91' lang='lat' dir='ltr'><strong>mediam</strong></span> <span class='ocrx_word' id='word_1_187' title='bbox 1600 3002 1671 3051; x_wconf 92' lang='lat' dir='ltr'><strong>no·</strong></span> 
     </span>
     <span class='ocr_line' id='line_1_21' title="bbox 250 3102 1668 3212; baseline -0.001 -29"><span class='ocrx_word' id='word_1_188' title='bbox 250 3121 346 3183; x_wconf 87' lang='lat' dir='ltr'><strong>ctem</strong></span> <span class='ocrx_word' id='word_1_189' title='bbox 362 3104 583 3212; x_wconf 79' lang='lat' dir='ltr'><strong>surgebant,</strong></span> <span class='ocrx_word' id='word_1_190' title='bbox 602 3120 640 3179; x_wconf 90' lang='lat' dir='ltr'><strong>et</strong></span> <span class='ocrx_word' id='word_1_191' title='bbox 654 3103 763 3179; x_wconf 89' lang='lat' dir='ltr'><strong>dictis</strong></span> <span class='ocrx_word' id='word_1_192' title='bbox 783 3102 991 3191; x_wconf 82' lang='lat' dir='ltr'><strong>matutinis,</strong></span> <span class='ocrx_word' id='word_1_193' title='bbox 1010 3128 1183 3179; x_wconf 88' lang='lat' dir='ltr'><strong>sermone</strong></span> <span class='ocrx_word' id='word_1_194' title='bbox 1193 3131 1261 3208; x_wconf 91' lang='lat' dir='ltr'><strong>per</strong></span> <span class='ocrx_word' id='word_1_195' title='bbox 1271 3102 1435 3209; x_wconf 87' lang='lat' dir='ltr'><strong>aliquem</strong></span> <span class='ocrx_word' id='word_1_196' title='bbox 1451 3102 1668 3210; x_wconf 87' lang='lat' dir='ltr'><strong>religiosum</strong></span> 
     </span>
     <span class='ocr_line' id='line_1_22' title="bbox 249 3233 1668 3342; baseline 0 -29"><span class='ocrx_word' id='word_1_197' title='bbox 249 3235 344 3313; x_wconf 86' lang='lat' dir='ltr'><strong>lacto</strong></span> <span class='ocrx_word' id='word_1_198' title='bbox 361 3254 399 3312; x_wconf 92' lang='lat' dir='ltr'><strong>et</strong></span> <span class='ocrx_word' id='word_1_199' title='bbox 414 3236 525 3312; x_wconf 86' lang='lat' dir='ltr'><strong>missa</strong></span> <span class='ocrx_word' id='word_1_200' title='bbox 553 3234 753 3324; x_wconf 90' lang='lat' dir='ltr'><strong>celebrata,</strong></span> <span class='ocrx_word' id='word_1_201' title='bbox 779 3262 911 3311; x_wconf 92' lang='lat' dir='ltr'><strong>eorum</strong></span> <span class='ocrx_word' id='word_1_202' title='bbox 934 3234 1109 3341; x_wconf 85' lang='lat' dir='ltr'><strong>capitolia</strong></span> <span class='ocrx_word' id='word_1_203' title='bbox 1130 3235 1357 3314; x_wconf 90' lang='lat' dir='ltr'><strong>tenebantur</strong></span> <span class='ocrx_word' id='word_1_204' title='bbox 1373 3233 1500 3342; x_wconf 89' lang='lat' dir='ltr'><strong>januis</strong></span> <span class='ocrx_word' id='word_1_205' title='bbox 1519 3234 1668 3326; x_wconf 86' lang='lat' dir='ltr'><strong>clausis,</strong></span> 
     </span>
     <span class='ocr_line' id='line_1_23' title="bbox 250 3364 1669 3472; baseline 0.001 -30"><span class='ocrx_word' id='word_1_206' title='bbox 250 3383 287 3442; x_wconf 88' lang='lat' dir='ltr'><strong>et</strong></span> <span class='ocrx_word' id='word_1_207' title='bbox 305 3366 572 3472; x_wconf 86' lang='lat' dir='ltr'><strong>providebatur</strong></span> <span class='ocrx_word' id='word_1_208' title='bbox 591 3393 639 3442; x_wconf 94' lang='lat' dir='ltr'><strong>ne</strong></span> <span class='ocrx_word' id='word_1_209' title='bbox 657 3365 853 3443; x_wconf 87' lang='lat' dir='ltr'><strong>audiretur</strong></span> <span class='ocrx_word' id='word_1_210' title='bbox 870 3365 1031 3442; x_wconf 81' lang='lat' dir='ltr'><strong>exterius</strong></span> <span class='ocrx_word' id='word_1_211' title='bbox 1051 3366 1156 3472; x_wconf 91' lang='lat' dir='ltr'><strong>quod</strong></span> <span class='ocrx_word' id='word_1_212' title='bbox 1174 3366 1332 3443; x_wconf 90' lang='lat' dir='ltr'><strong>interius</strong></span> <span class='ocrx_word' id='word_1_213' title='bbox 1346 3364 1535 3471; x_wconf 91' lang='lat' dir='ltr'><strong>agebatur.</strong></span> <span class='ocrx_word' id='word_1_214' title='bbox 1556 3366 1669 3444; x_wconf 92' lang='lat' dir='ltr'><strong>Ordi-</strong></span> 
     </span>
     <span class='ocr_line' id='line_1_24' title="bbox 249 3496 1668 3605; baseline -0.001 -32"><span class='ocrx_word' id='word_1_215' title='bbox 249 3515 332 3574; x_wconf 81' lang='lat' dir='ltr'><strong>neta</strong></span> <span class='ocrx_word' id='word_1_216' title='bbox 353 3525 420 3602; x_wconf 90' lang='lat' dir='ltr'><strong>per</strong></span> <span class='ocrx_word' id='word_1_217' title='bbox 438 3496 654 3605; x_wconf 87' lang='lat' dir='ltr'><strong>Magistrum</strong></span> <span class='ocrx_word' id='word_1_218' title='bbox 675 3514 854 3573; x_wconf 89' lang='lat' dir='ltr'><strong>servasset</strong></span> <span class='ocrx_word' id='word_1_219' title='bbox 870 3513 973 3573; x_wconf 90' lang='lat' dir='ltr'><strong>totus</strong></span> <span class='ocrx_word' id='word_1_220' title='bbox 993 3496 1103 3586; x_wconf 90' lang='lat' dir='ltr'><strong>ordo,</strong></span> <span class='ocrx_word' id='word_1_221' title='bbox 1123 3513 1251 3573; x_wconf 91' lang='lat' dir='ltr'><strong>contra</strong></span> <span class='ocrx_word' id='word_1_222' title='bbox 1269 3524 1385 3602; x_wconf 90' lang='lat' dir='ltr'><strong>quem</strong></span> <span class='ocrx_word' id='word_1_223' title='bbox 1400 3523 1501 3572; x_wconf 91' lang='lat' dir='ltr'><strong>nunc</strong></span> <span class='ocrx_word' id='word_1_224' title='bbox 1515 3497 1668 3604; x_wconf 87' lang='lat' dir='ltr'><strong>grandia</strong></span> 
     </span>
     <span class='ocr_line' id='line_1_25' title="bbox 250 3624 1672 3733; baseline -0.002 -29"><span class='ocrx_word' id='word_1_225' title='bbox 250 3627 438 3717; x_wconf 87' lang='lat' dir='ltr'><strong>scandala,</strong></span> <span class='ocrx_word' id='word_1_226' title='bbox 460 3627 621 3733; x_wconf 89' lang='lat' dir='ltr'><strong>suspicio</strong></span> <span class='ocrx_word' id='word_1_227' title='bbox 638 3643 677 3702; x_wconf 90' lang='lat' dir='ltr'><strong>et</strong></span> <span class='ocrx_word' id='word_1_228' title='bbox 691 3625 841 3702; x_wconf 89' lang='lat' dir='ltr'><strong>inlamia</strong></span> <span class='ocrx_word' id='word_1_229' title='bbox 861 3643 949 3704; x_wconf 90' lang='lat' dir='ltr'><strong>sunt</strong></span> <span class='ocrx_word' id='word_1_230' title='bbox 963 3644 1100 3703; x_wconf 83' lang='lat' dir='ltr'><strong>exorta.</strong></span> <span class='ocrx_word' id='word_1_231' title='bbox 1119 3626 1249 3703; x_wconf 88' lang='lat' dir='ltr'><strong>Illicita</strong></span> <span class='ocrx_word' id='word_1_232' title='bbox 1266 3626 1339 3702; x_wconf 92' lang='lat' dir='ltr'><strong>illis</strong></span> <span class='ocrx_word' id='word_1_233' title='bbox 1355 3626 1474 3732; x_wconf 91' lang='lat' dir='ltr'><strong>quiea</strong></span> <span class='ocrx_word' id='word_1_234' title='bbox 1490 3624 1672 3703; x_wconf 85' lang='lat' dir='ltr'><strong>faciebant</strong></span> 
     </span>
     <span class='ocr_line' id='line_1_26' title="bbox 251 3753 1673 3863; baseline -0.003 -30"><span class='ocrx_word' id='word_1_235' title='bbox 251 3775 357 3834; x_wconf 88' lang='lat' dir='ltr'><strong>erant</strong></span> <span class='ocrx_word' id='word_1_236' title='bbox 374 3774 473 3835; x_wconf 93' lang='lat' dir='ltr'><strong>nota.</strong></span> <span class='ocrx_word' id='word_1_237' title='bbox 495 3757 710 3863; x_wconf 86' lang='lat' dir='ltr'><strong>Requisitus</strong></span> <span class='ocrx_word' id='word_1_238' title='bbox 723 3755 806 3848; x_wconf 87' lang='lat' dir='ltr'><strong>ubi,</strong></span> <span class='ocrx_word' id='word_1_239' title='bbox 828 3755 996 3863; x_wconf 88' lang='lat' dir='ltr'><strong>quando,</strong></span> <span class='ocrx_word' id='word_1_240' title='bbox 1014 3784 1126 3862; x_wconf 90' lang='lat' dir='ltr'><strong>aquo</strong></span> <span class='ocrx_word' id='word_1_241' title='bbox 1143 3773 1180 3832; x_wconf 90' lang='lat' dir='ltr'><strong>et</strong></span> <span class='ocrx_word' id='word_1_242' title='bbox 1194 3755 1355 3862; x_wconf 88' lang='lat' dir='ltr'><strong>qualiter</strong></span> <span class='ocrx_word' id='word_1_243' title='bbox 1367 3771 1538 3860; x_wconf 90' lang='lat' dir='ltr'><strong>receptus</strong></span> <span class='ocrx_word' id='word_1_244' title='bbox 1552 3753 1673 3830; x_wconf 87' lang='lat' dir='ltr'><strong>luerat</strong></span> 
     </span>
     <span class='ocr_line' id='line_1_27' title="bbox 251 3882 1671 3995; baseline -0.005 -31"><span class='ocrx_word' id='word_1_245' title='bbox 251 3905 288 3964; x_wconf 91' lang='lat' dir='ltr'><strong>et</strong></span> <span class='ocrx_word' id='word_1_246' title='bbox 306 3889 400 3966; x_wconf 82' lang='lat' dir='ltr'><strong>alios</strong></span> <span class='ocrx_word' id='word_1_247' title='bbox 419 3887 535 3995; x_wconf 90' lang='lat' dir='ltr'><strong>recipi</strong></span> <span class='ocrx_word' id='word_1_248' title='bbox 547 3888 706 3976; x_wconf 88' lang='lat' dir='ltr'><strong>viderat,</strong></span> <span class='ocrx_word' id='word_1_249' title='bbox 727 3886 973 3993; x_wconf 89' lang='lat' dir='ltr'><strong>responditsc</strong></span> <span class='ocrx_word' id='word_1_250' title='bbox 988 3885 1102 3963; x_wconf 85' lang='lat' dir='ltr'><strong>luisse</strong></span> <span class='ocrx_word' id='word_1_251' title='bbox 1118 3902 1309 3992; x_wconf 89' lang='lat' dir='ltr'><strong>receptum</strong></span> <span class='ocrx_word' id='word_1_252' title='bbox 1326 3885 1367 3959; x_wconf 97' lang='lat' dir='ltr'><strong>in</strong></span> <span class='ocrx_word' id='word_1_253' title='bbox 1383 3882 1521 3988; x_wconf 88' lang='lat' dir='ltr'><strong>capella</strong></span> <span class='ocrx_word' id='word_1_254' title='bbox 1535 3882 1671 3958; x_wconf 91' lang='lat' dir='ltr'><strong>domus</strong></span> 
     </span>
     <span class='ocr_line' id='line_1_28' title="bbox 250 4009 1670 4123; baseline -0.004 -28"><span class='ocrx_word' id='word_1_255' title='bbox 250 4019 398 4123; x_wconf 87' lang='lat' dir='ltr'><strong>Templi</strong></span> <span class='ocrx_word' id='word_1_256' title='bbox 431 4019 477 4095; x_wconf 90' lang='lat' dir='ltr'><strong>de</strong></span> <span class='ocrx_word' id='word_1_257' title='bbox 504 4020 632 4096; x_wconf 87' lang='lat' dir='ltr'><strong>Monte</strong></span> <span class='ocrx_word' id='word_1_258' title='bbox 660 4016 864 4123; x_wconf 90' lang='lat' dir='ltr'><strong>Gauguerii</strong></span> <span class='ocrx_word' id='word_1_259' title='bbox 884 4017 1105 4094; x_wconf 90' lang='lat' dir='ltr'><strong>Pictavensis</strong></span> <span class='ocrx_word' id='word_1_260' title='bbox 1132 4016 1306 4105; x_wconf 88' lang='lat' dir='ltr'><strong>diocesis,</strong></span> <span class='ocrx_word' id='word_1_261' title='bbox 1334 4016 1373 4090; x_wconf 92' lang='lat' dir='ltr'><strong>in</strong></span> <span class='ocrx_word' id='word_1_262' title='bbox 1400 4012 1548 4088; x_wconf 90' lang='lat' dir='ltr'><strong>instanti</strong></span> <span class='ocrx_word' id='word_1_263' title='bbox 1576 4009 1670 4090; x_wconf 86' lang='lat' dir='ltr'><strong>festo</strong></span> 
     </span>
     <span class='ocr_line' id='line_1_29' title="bbox 251 4142 1669 4252; baseline -0.004 -28"><span class='ocrx_word' id='word_1_264' title='bbox 251 4147 485 4224; x_wconf 82' lang='lat' dir='ltr'><strong>Ascensionis</strong></span> <span class='ocrx_word' id='word_1_265' title='bbox 499 4148 652 4224; x_wconf 92' lang='lat' dir='ltr'><strong>Domini</strong></span> <span class='ocrx_word' id='word_1_266' title='bbox 668 4165 780 4224; x_wconf 87' lang='lat' dir='ltr'><strong>erunt</strong></span> <span class='ocrx_word' id='word_1_267' title='bbox 796 4175 856 4224; x_wconf 73' lang='lat' dir='ltr'><strong>xer</strong></span> <span class='ocrx_word' id='word_1_268' title='bbox 874 4147 978 4233; x_wconf 91' lang='lat' dir='ltr'><strong>anni,</strong></span> <span class='ocrx_word' id='word_1_269' title='bbox 1004 4174 1072 4252; x_wconf 92' lang='lat' dir='ltr'><strong>per</strong></span> <span class='ocrx_word' id='word_1_270' title='bbox 1091 4147 1242 4221; x_wconf 86' lang='lat' dir='ltr'><strong>fratrem</strong></span> <span class='ocrx_word' id='word_1_271' title='bbox 1261 4142 1471 4220; x_wconf 80' lang='lat' dir='ltr'><strong>iohannem</strong></span> <span class='ocrx_word' id='word_1_272' title='bbox 1488 4142 1669 4220; x_wconf 86' lang='lat' dir='ltr'><strong>Francisci</strong></span> 
     </span>
     <span class='ocr_line' id='line_1_30' title="bbox 252 4271 1669 4381; baseline -0.002 -29"><span class='ocrx_word' id='word_1_273' title='bbox 252 4273 411 4352; x_wconf 88' lang='lat' dir='ltr'><strong>militem</strong></span> <span class='ocrx_word' id='word_1_274' title='bbox 427 4275 636 4379; x_wconf 88' lang='lat' dir='ltr'><strong>quondam,</strong></span> <span class='ocrx_word' id='word_1_275' title='bbox 657 4275 896 4379; x_wconf 90' lang='lat' dir='ltr'><strong>presentibus</strong></span> <span class='ocrx_word' id='word_1_276' title='bbox 911 4273 1087 4350; x_wconf 81' lang='lat' dir='ltr'><strong>fratribus</strong></span> <span class='ocrx_word' id='word_1_277' title='bbox 1102 4271 1308 4381; x_wconf 84' lang='lat' dir='ltr'><strong>Reginaldo</strong></span> <span class='ocrx_word' id='word_1_278' title='bbox 1323 4271 1518 4349; x_wconf 76' lang='lat' dir='ltr'><strong>bertrandi</strong></span> <span class='ocrx_word' id='word_1_279' title='bbox 1532 4272 1669 4363; x_wconf 88' lang='lat' dir='ltr'><strong>milite,</strong></span> 
     </span>
     <span class='ocr_line' id='line_1_31' title="bbox 251 4401 1672 4512; baseline -0.004 -30"><span class='ocrx_word' id='word_1_280' title='bbox 251 4420 470 4512; x_wconf 89' lang='lat' dir='ltr'><strong>preceptore</strong></span> <span class='ocrx_word' id='word_1_281' title='bbox 499 4402 596 4479; x_wconf 91' lang='lat' dir='ltr'><strong>dicte</strong></span> <span class='ocrx_word' id='word_1_282' title='bbox 625 4402 778 4494; x_wconf 91' lang='lat' dir='ltr'><strong>domus,</strong></span> <span class='ocrx_word' id='word_1_283' title='bbox 808 4406 918 4481; x_wconf 89' lang='lat' dir='ltr'><strong>Petro</strong></span> <span class='ocrx_word' id='word_1_284' title='bbox 950 4404 995 4480; x_wconf 88' lang='lat' dir='ltr'><strong>de</strong></span> <span class='ocrx_word' id='word_1_285' title='bbox 1027 4403 1131 4483; x_wconf 90' lang='lat' dir='ltr'><strong>Valle</strong></span> <span class='ocrx_word' id='word_1_286' title='bbox 1163 4401 1351 4480; x_wconf 91' lang='lat' dir='ltr'><strong>Gordonis</strong></span> <span class='ocrx_word' id='word_1_287' title='bbox 1379 4417 1595 4509; x_wconf 90' lang='lat' dir='ltr'><strong>preceptore</strong></span> <span class='ocrx_word' id='word_1_288' title='bbox 1625 4402 1672 4477; x_wconf 89' lang='lat' dir='ltr'><strong>de</strong></span> 
     </span>
     <span class='ocr_line' id='line_1_32' title="bbox 252 4528 1669 4625; baseline -0.008 -8"><span class='ocrx_word' id='word_1_289' title='bbox 252 4535 400 4625; x_wconf 88' lang='lat' dir='ltr'><strong>Ouson,</strong></span> <span class='ocrx_word' id='word_1_290' title='bbox 423 4551 460 4611; x_wconf 88' lang='lat' dir='ltr'><strong>et</strong></span> <span class='ocrx_word' id='word_1_291' title='bbox 474 4535 585 4611; x_wconf 87' lang='lat' dir='ltr'><strong>Petro</strong></span> <span class='ocrx_word' id='word_1_292' title='bbox 604 4535 808 4611; x_wconf 90' lang='lat' dir='ltr'><strong>Normanni</strong></span> <span class='ocrx_word' id='word_1_293' title='bbox 829 4552 867 4611; x_wconf 89' lang='lat' dir='ltr'><strong>et</strong></span> <span class='ocrx_word' id='word_1_294' title='bbox 886 4532 1049 4611; x_wconf 77' lang='lat' dir='ltr'><strong>boberto</strong></span> <span class='ocrx_word' id='word_1_295' title='bbox 1070 4535 1118 4610; x_wconf 90' lang='lat' dir='ltr'><strong>de</strong></span> <span class='ocrx_word' id='word_1_296' title='bbox 1136 4534 1279 4612; x_wconf 89' lang='lat' dir='ltr'><strong>Chesac</strong></span> <span class='ocrx_word' id='word_1_297' title='bbox 1302 4529 1565 4622; x_wconf 82' lang='lat' dir='ltr'><strong>servientibus,</strong></span> <span class='ocrx_word' id='word_1_298' title='bbox 1589 4528 1669 4607; x_wconf 83' lang='lat' dir='ltr'><strong>del-</strong></span> 
     </span>
     <span class='ocr_line' id='line_1_33' title="bbox 254 4659 1668 4769; baseline -0.006 -25"><span class='ocrx_word' id='word_1_299' title='bbox 254 4665 408 4754; x_wconf 84' lang='lat' dir='ltr'><strong>luuctis‚</strong></span> <span class='ocrx_word' id='word_1_300' title='bbox 428 4663 468 4739; x_wconf 90' lang='lat' dir='ltr'><strong>in</strong></span> <span class='ocrx_word' id='word_1_301' title='bbox 483 4663 585 4739; x_wconf 87' lang='lat' dir='ltr'><strong>hunc</strong></span> <span class='ocrx_word' id='word_1_302' title='bbox 599 4664 757 4740; x_wconf 92' lang='lat' dir='ltr'><strong>modum</strong></span> <span class='ocrx_word' id='word_1_303' title='bbox 771 4695 779 4739; x_wconf 93' lang='lat'><strong>:</strong></span> <span class='ocrx_word' id='word_1_304' title='bbox 795 4692 881 4740; x_wconf 85' lang='lat' dir='ltr'><strong>narn</strong></span> <span class='ocrx_word' id='word_1_305' title='bbox 899 4691 985 4740; x_wconf 90' lang='lat' dir='ltr'><strong>cum</strong></span> <span class='ocrx_word' id='word_1_306' title='bbox 1005 4664 1178 4769; x_wconf 88' lang='lat' dir='ltr'><strong>peciisset</strong></span> <span class='ocrx_word' id='word_1_307' title='bbox 1198 4663 1387 4739; x_wconf 92' lang='lat' dir='ltr'><strong>caritatem</strong></span> <span class='ocrx_word' id='word_1_308' title='bbox 1402 4677 1439 4738; x_wconf 93' lang='lat' dir='ltr'><strong>et</strong></span> <span class='ocrx_word' id='word_1_309' title='bbox 1454 4659 1668 4739; x_wconf 86' lang='lat' dir='ltr'><strong>societatem</strong></span> 
     </span>
     <span class='ocr_line' id='line_1_34' title="bbox 253 4791 1670 4883; baseline -0.004 -8"><span class='ocrx_word' id='word_1_310' title='bbox 253 4795 410 4883; x_wconf 88' lang='lat' dir='ltr'><strong>ordinis,</strong></span> <span class='ocrx_word' id='word_1_311' title='bbox 434 4811 472 4873; x_wconf 86' lang='lat' dir='ltr'><strong>et</strong></span> <span class='ocrx_word' id='word_1_312' title='bbox 491 4793 688 4872; x_wconf 84' lang='lat' dir='ltr'><strong>obtulisset</strong></span> <span class='ocrx_word' id='word_1_313' title='bbox 707 4821 746 4871; x_wconf 90' lang='lat' dir='ltr'><strong>se</strong></span> <span class='ocrx_word' id='word_1_314' title='bbox 764 4792 860 4872; x_wconf 90' lang='lat' dir='ltr'><strong>velle</strong></span> <span class='ocrx_word' id='word_1_315' title='bbox 880 4792 961 4871; x_wconf 87' lang='lat' dir='ltr'><strong>lieri</strong></span> <span class='ocrx_word' id='word_1_316' title='bbox 982 4822 1129 4872; x_wconf 87' lang='lat' dir='ltr'><strong>servum</strong></span> <span class='ocrx_word' id='word_1_317' title='bbox 1146 4793 1331 4872; x_wconf 88' lang='lat' dir='ltr'><strong>esclavum</strong></span> <span class='ocrx_word' id='word_1_318' title='bbox 1346 4796 1462 4870; x_wconf 89' lang='lat' dir='ltr'><strong>Terre</strong></span> <span class='ocrx_word' id='word_1_319' title='bbox 1482 4791 1617 4869; x_wconf 84' lang='lat' dir='ltr'><strong>Sancte</strong></span> <span class='ocrx_word' id='word_1_320' title='bbox 1632 4808 1670 4869; x_wconf 86' lang='lat' dir='ltr'><strong>et</strong></span> 
     </span>
    </p>
   </div>
   <div class='ocr_carea' id='block_1_4' title="bbox 359 4952 1519 5016">
    <p class='ocr_par' dir='ltr' id='par_1_4' title="bbox 359 4952 1519 5016">
     <span class='ocr_line' id='line_1_35' title="bbox 359 4952 1519 5016; baseline 0.002 -4"><span class='ocrx_word' id='word_1_321' title='bbox 359 4952 466 5013; x_wconf 75' lang='lat' dir='ltr'><strong>esocis</strong></span> <span class='ocrx_word' id='word_1_322' title='bbox 488 4971 540 5016; x_wconf 74' lang='lat' dir='ltr'><strong>nus</strong></span> <span class='ocrx_word' id='word_1_323' title='bbox 560 4971 729 5014; x_wconf 74' lang='lat' dir='ltr'><strong>nunnitus.</strong></span> <span class='ocrx_word' id='word_1_324' title='bbox 747 4987 788 4998; x_wconf 90' lang='lat'>-</span> <span class='ocrx_word' id='word_1_325' title='bbox 805 4973 837 5014; x_wconf 87' lang='lat' dir='ltr'><strong>u.</strong></span> <span class='ocrx_word' id='word_1_326' title='bbox 1488 4970 1519 5014; x_wconf 82' lang='lat'><strong>12</strong></span> 
     </span>
    </p>
   </div>
   <div class='ocr_carea' id='block_1_5' title="bbox 0 0 2123 5956">
    <p class='ocr_par' dir='ltr' id='par_1_5' title="bbox 0 0 2123 5956">
     <span class='ocr_line' id='line_1_36' title="bbox 0 0 2123 5956; baseline 0 0"><span class='ocrx_word' id='word_1_327' title='bbox 0 0 2123 5956; x_wconf 95' lang='lat' dir='ltr'><strong> </strong></span> 
     </span>
    </p>
   </div>
  </div>
 </body>
</html>
