4230 5956
655 469 852 561 mouns
879 487 973 560 ons
1001 422 1304 559 restitimus.
1670 488 1692 559 5

266 647 394 736 etque
415 630 705 735 imponerentur
724 659 792 736 per
812 628 1024 735 superiores
1044 628 1084 704 in
1105 627 1256 713 ordine,
1280 653 1349 701 nec
1372 643 1470 703 esset
1484 627 1524 702 in
1544 626 1627 704 loco
1652 626 1692 703 in

263 790 339 867 quo
367 760 504 867 aliquis
534 762 827 843 exheredaretur
854 761 1010 868 injuste,
1039 759 1099 836 vei
1129 759 1168 834 in
1193 787 1269 865 quo
1294 756 1421 835 studio
1454 786 1523 834 suo
1556 757 1692 842 salsum

258 891 449 999 judicium
469 892 707 970 redderetur.
734 894 996 972 Postmodum·
1007 891 1192 998 imposuit
1216 890 1286 967 sibi
1313 888 1538 967 mantellum
1560 900 1692 967 ettam

263 1022 347 1129 ipse
376 1053 490 1130 quam
525 1023 639 1101 frater
667 1023 890 1131 Gregorius,
924 1022 1036 1099 miles
1067 1021 1279 1127 quondam,
1309 1020 1463 1097 nacione
1495 1021 1689 1112 Picardus,

264 1153 372 1257 cujus
388 1184 597 1262 cognomen
616 1156 780 1264 ignorat,
802 1155 869 1262 qui
885 1183 952 1233 sue
971 1152 1185 1261 recepcioni
1200 1149 1386 1240 interfuit,
1403 1169 1441 1229 et
1456 1152 1517 1229 alii
1532 1170 1693 1231 astantes

263 1287 391 1395 ipsum
408 1305 545 1365 testem
569 1287 726 1365 osculati
753 1285 911 1364 fuerunt
930 1287 969 1363 in
990 1314 1067 1364 ore.
1085 1284 1232 1364 Deinde
1259 1312 1390 1363 omnes
1414 1301 1575 1363 astantes
1595 1285 1693 1363 exie·

262 1434 351 1494 runt
365 1418 503 1496 dictam
517 1417 715 1525 capellam,
733 1435 932 1525 receptore
950 1418 1119 1526 predicto
1138 1434 1176 1493 et
1187 1417 1268 1523 ipso
1281 1433 1377 1495 teste
1390 1415 1479 1493 solis
1493 1446 1692 1496 remanen-

261 1547 364 1625 tibus
383 1549 422 1624 in
444 1549 600 1637 eadem,
619 1567 657 1626 et
675 1548 801 1627 clauso
826 1550 922 1627 ostio
945 1550 1045 1626 dicte
1058 1547 1201 1656 capelle
1217 1577 1285 1654 per
1300 1549 1424 1654 ipsum
1439 1568 1688 1656 receptorem.

262 1678 370 1756 duxit
388 1709 482 1764 ,eum
506 1709 624 1787 prope
650 1681 786 1770 altare,
810 1698 850 1758 et
879 1698 1027 1759 ostensa
1051 1681 1121 1759 sibi
1148 1680 1312 1788 quadam
1333 1710 1443 1757 cruce
1469 1680 1590 1788 lignea
1616 1683 1690 1758 exi-

261 1827 382 1887 stente
398 1810 649 1901 mussitare,
672 1811 711 1887 in
732 1842 807 1919 qua
824 1811 929 1889 nulla
950 1830 1029 1889 erat
1047 1840 1198 1920 ymago,
1223 1840 1337 1918 quam
1357 1809 1437 1917 ipse
1457 1812 1688 1902 recordatur,

260 1941 428 2048 precepit
447 1943 481 2018 ei
502 1945 607 2048 quod
627 1943 832 2049 abnegaret
851 1946 999 2034 Deum3
1023 1961 1168 2020 etcum
1194 1944 1274 2048 ipse
1299 1943 1405 2019 testis
1431 1942 1574 2019 diceret
1601 1973 1689 2021 con·

259 2090 400 2149 stanter
416 2072 521 2178 quod
542 2072 621 2178 ipse
637 2077 841 2179 ¹nunquam
861 2074 1064 2180 abnegaret
1075 2089 1293 2162 >creatorem
1318 2100 1450 2161 suum,
1482 2071 1603 2150 dictus
1629 2104 1689 2151 re-

260 2220 389 2306 ceptor
415 2201 509 2277 dixit
533 2202 568 2287 ei
592 2204 717 2309 quod,
745 2220 946 2309 postquam
968 2202 1158 2308 juraverat
1182 2199 1460 2294 obedienciam,
1492 2205 1690 2309 oportebat

261 2362 349 2409 eum
369 2332 422 2409 sic
438 2333 741 2541 sacere’fflunc
761 2333 843 2438 ipse
860 2333 968 2409 testis
988 2332 1138 2423 dolens,
1156 2349 1201 2410 ut
1216 2331 1325 2419 dixit,
1347 2333 1543 2442 abnegavit
1561 2336 1687 2447 Deum

259 2492 324 2541 ore
354 2492 432 2540 non
467 2464 593 2541 corde.
620 2520 626 2529 -
650 2479 761 2543 -ostea
801 2463 970 2571 precepit
1007 2463 1042 2540 ei
1075 2463 1179 2570 quod
1216 2479 1369 2569 spueret
1400 2492 1514 2569 super
1549 2465 1687 2544 dictam

259 2623 421 2672 crucem.
443 2593 546 2692 Dixit
567 2593 685 2683 eciam
702 2593 811 2701 quod
833 2595 955 2672 dictus
970 2612 1155 2701 receptor,
1172 2594 1247 2672 hiis
1262 2593 1384 2685 sactis,
1407 2595 1595 2674 osculatus
1615 2589 1689 2675 fuit

258 2726 382 2832 ipsum
398 2742 534 2802 testem
552 2724 592 2800 in
605 2742 756 2831 pectore
776 2752 888 2835 supra
907 2741 1038 2803 vestes.
1060 2724 1140 2801 Alia
1160 2725 1359 2802 inhonesta
1380 2753 1457 2802 non
1477 2727 1686 2806 intervene-

256 2873 347 2934 runt
362 2856 402 2933 in
414 2856 719 2963 recepcionesua
732 2854 913 2963 predicta.
932 2856 1033 2932 Dixit
1047 2856 1162 2933 eciam
1177 2855 1281 2962 quod
1297 2854 1390 2932 vidit
1404 2856 1519 2963 recipi
1532 2856 1684 2936 fratrem

141 3012 144 3019 ’
256 2989 456 3095 Hugonem
487 2987 533 3065 de
566 2987 740 3066 Nantolio
780 2987 1063 3066 Suessionensis
1103 2986 1282 3098 diocesis,
1325 2987 1420 3064 circa
1457 2988 1685 3095 principium

151 3172 161 3179 -
255 3118 370 3227 hujus
389 3119 702 3227 Quadragessime
723 3118 879 3196 suerunt
898 3137 982 3196 octo
1003 3118 1091 3195 anni
1111 3116 1172 3195 vel
1186 3117 1296 3209 circa,
1314 3118 1360 3222 ⁴in
1381 3118 1522 3225 capella
1547 3121 1685 3199 domus
1787 3156 1793 3166 ·

255 3252 418 3359 Templi·
433 3252 480 3329 de
505 3251 704 3356 Cheuruto
731 3252 961 3340 Senonensis
991 3251 1168 3339 diocesis,
1197 3278 1312 3356 quem
1332 3252 1475 3358 recepit
1488 3252 1684 3358 predictus

254 3383 368 3460 frater
387 3383 578 3462 Gerardus
594 3382 642 3460 d'e
662 3384 824 3472 Pruino,
846 3401 937 3461 tunc
954 3399 1152 3489 preceptor
1170 3380 1268 3458 dicte
1284 3381 1420 3459 domus
1436 3381 1483 3459 de
1495 3383 1681 3475 Cheruto,

253 3515 493 3621 presentibus
517 3513 694 3593 fratribus
723 3517 896 3622 Drocone
933 3533 1025 3610 tunc
1059 3530 1281 3621 preceptore
1312 3513 1449 3591 domus
1476 3515 1524 3592 de
1554 3517 1683 3595 Seiubi

255 3645 353 3722 dicte
372 3645 530 3724 diocesis
548 3647 749 3724 Trecensis
769 3663 808 3723 et
825 3646 995 3725 Jobanne
1016 3645 1190 3724 Monachi
1211 3645 1492 3724 Suessionensis
1510 3646 1680 3740 diocesis,

254 3777 519 3866 servientibus,
543 3778 590 3854 de
611 3807 776 3885 quorum
796 3778 869 3855 vita
889 3777 949 3856 vel
964 3795 1088 3855 morte
1111 3776 1318 3854 nonhabet
1338 3777 1624 3871 certitudinem
1642 3782 1681 3855 in

254 3909 360 4016 cujus
375 3908 595 4015 recepcione
618 3908 718 3986 licita
736 3927 774 3986 et
788 3910 947 3988 honesta
961 3938 1038 4021 que
1058 3908 1214 3985 fuerunt
1232 3908 1330 4017 dicta
1349 3924 1387 3986 et
1406 3907 1499 3986 facta
1520 3910 1559 3984 in
1579 3936 1682 3984 rece·
1772 3992 1781 4022 Ι,

251 4039 387 4144 pcione
403 4039 521 4146 ipsius
534 4041 640 4119 testis
653 4041 977 4132 servatasuerunt3
995 4040 1125 4118 illicita
1142 4058 1269 4117 tamen
1286 4038 1491 4120 consessata
1504 4066 1573 4143 per
1590 4067 1680 4117 eum
1764 4028 1768 4033 ¹

252 4170 309 4245 vel
330 4168 401 4245 alia
427 4199 504 4247 non
524 4172 617 4260 vidit
634 4173 717 4250 fieri
740 4201 810 4249 nec
834 4173 994 4280 injungi.
1016 4171 1233 4276 Requisitus
1251 4169 1281 4242 si
1301 4166 1420 4244 credit
1437 4167 1543 4276 quod
1563 4168 1604 4246 in
1622 4146 1681 4247 ress

254 4298 497 4404 capcionibus
511 4301 673 4379 aliorum
689 4301 828 4403 fierent
838 4320 876 4379 et
893 4315 1131 4379 servarentur
1147 4298 1313 4405 predicta
1331 4297 1459 4378 illicita
1476 4301 1680 4379 consessata

251 4458 320 4535 per
340 4457 446 4519 eum,
468 4430 664 4537 respondit
686 4458 725 4509 se
746 4431 901 4508 credere
921 4430 1027 4539 quod
1046 4456 1135 4508 non.
1153 4430 1286 4509 Credit
1304 4431 1403 4507 bene
1422 4431 1679 4509 ecelesiasticis

252 4561 510 4652 sacramentis,
533 4580 571 4640 et
591 4561 712 4640 credit
727 4561 834 4670 quod
853 4562 916 4639 alii
936 4560 1070 4640 [ratres
1090 4562 1305 4655 crederent,
1326 4579 1371 4639 ut
1390 4561 1498 4655 dixit,
1518 4578 1555 4638 et
1571 4564 1677 4670 quod

252 4719 385 4777 eorum
414 4692 629 4772 sacerdotes
652 4682 783 4772 debite
807 4692 1051 4772 celebrarent.
1088 4694 1224 4771 Statim
1257 4722 1326 4800 pro
1356 4691 1532 4799 professis
1562 4688 1677 4772 habe-

251 4823 399 4917 bantur,
421 4843 466 4903 ut
478 4825 551 4904 fuit
569 4824 642 4905 sibi
658 4825 818 4905 dictum.
837 4826 943 4908 Clam
967 4825 1109 4917 fiebant
1129 4825 1366 4933 recepciones
1387 4855 1538 4915 eorum,
1560 4826 1675 4903 nullis
