4230 5956
385 490 454 561 us
766 463 963 555 ruocns
989 478 1084 552 nas
1111 476 1410 549 rnurnrnas.

380 643 523 716 exortat
538 624 643 732 cujus
662 622 839 699 iratribus
864 621 985 699 credit
1005 636 1093 696 nota
1110 618 1224 695 luisse
1241 615 1445 695 consessura
1464 641 1532 722 per
1545 643 1651 705 eum,
1666 633 1708 695 et
1722 645 1802 697 ma·

378 785 496 867 gnum
514 755 735 863 Magistrum
753 770 790 829 et
805 752 898 829 alios
915 752 1047 828 eadem
1061 749 1176 826 luisse
1193 747 1394 824 confessos.
1612 740 1616 751 ¹

435 885 651 993 Reqnisitus
667 885 696 959 si
712 884 764 961 sic
778 884 1005 990 deposuerat
1020 908 1146 986 prece,
1164 895 1355 985 precepto,
1371 877 1521 964 timore,
1538 905 1677 968 amore,
1694 878 1797 965 odio,

378 1016 436 1093 vel
450 1014 650 1120 temporali
671 1013 831 1090 comodo
848 1012 977 1089 habito
993 1011 1051 1087 vel
1071 1008 1265 1099 habendo,
1286 1007 1482 1114 respondit
1495 1007 1601 1115 quod
1615 1037 1711 1097 nou,
1732 1010 1800 1087 sed

377 1173 447 1252 pro
465 1144 618 1222 veritate
640 1142 820 1233 dicenda3
849 1142 909 1218 cui
937 1140 1008 1218 fuit
1033 1140 1246 1246 injunctum
1275 1138 1380 1245 quod
1399 1167 1475 1216 non
1501 1137 1687 1217 revelaret
1705 1141 1802 1218 banc

378 1254 486 1354 suam
511 1273 806 1379 deposicionem,
840 1300 1036 1378 quousque
1065 1269 1323 1347 attestaciones
1348 1268 1489 1345 suerint
1521 1268 1732 1375 publicate3
1763 1288 1800 1347 et

378 1434 455 1483 non
477 1404 665 1483 obtulerat
682 1431 720 1478 se
736 1403 784 1478 ad
800 1401 1074 1479 deffensionem
1096 1401 1238 1477 ordinis
1258 1401 1475 1505 supradicti.

434 1534 523 1612 Ama
558 1534 714 1611 fuerunt
745 1534 815 1611 bec
846 1534 1023 1639 predictis
1055 1532 1117 1608 die
1143 1550 1181 1608 et
1208 1530 1315 1619 loco,
1350 1530 1589 1636 presentibus
1622 1531 1798 1637 magistro

379 1662 541 1755 Amisio,
573 1693 634 1741 me
659 1664 915 1741 Floriamonte
939 1661 1141 1742 Dondedei
1168 1678 1206 1738 et
1233 1660 1315 1738 aliis
1343 1662 1498 1739 notariis
1525 1689 1638 1769 supra
1663 1660 1799 1739 ultimo

380 1810 592 1871 nominatis.

433 2059 522 2134 Post
541 2057 626 2147 bec,
650 2056 710 2133 die
725 2056 899 2134 Mercurii
917 2055 1104 2162 sequenti,
1125 2083 1198 2160 que
1220 2053 1290 2130 fuit
1306 2054 1440 2130 ultima
1457 2052 1538 2132 dies
1553 2053 1646 2133 dicti
1659 2056 1799 2132 mensis

378 2184 524 2275 Marcii,
539 2183 613 2262 fuit
628 2187 812 2263 adductus
837 2188 884 2263 ad
904 2187 1137 2292 presenciam
1159 2184 1346 2263 dictorum
1368 2186 1611 2263 dominorum
1628 2185 1800 2262 commis·

378 2313 563 2390 sariorum
585 2334 623 2389 et
647 2315 790 2390 domini
817 2316 973 2403 Mathei,
999 2316 1039 2390 in
1063 2316 1177 2391 domo
1198 2314 1364 2421 predicta
1383 2314 1529 2392 domini
1549 2316 1647 2393 Petri
1671 2316 1718 2393 de
1735 2317 1801 2394 Sa·

378 2442 535 2532 baudia,
553 2443 667 2520 irater
680 2444 868 2520 lohannes
884 2444 1048 2521 Senandi
1070 2445 1248 2534 serviens,
1276 2461 1472 2552 preceptor
1490 2446 1627 2523 domus
1648 2444 1798 2550 Templi

379 2572 426 2650 de
435 2573 596 2652 Folbosa
605 2574 921 2653 Claramontensis
936 2574 1106 2662 diocesis,
1118 2575 1224 2650 testis
1235 2603 1346 2681 supra
1356 2576 1519 2682 juratus;
1533 2590 1577 2651 ut
1590 2574 1799 2680 deponeret

378 2701 521 2781 dictum
531 2733 655 2797 suum,
668 2704 1012 2810 quinquagenarius
1020 2703 1078 2780 vel
1090 2705 1197 2795 circa,
1206 2704 1431 2782 mantellum
1440 2704 1587 2781 ordinis
1596 2721 1634 2781 et
1644 2703 1799 2783 barbam

377 2833 581 2924 defferens,
601 2863 689 2911 cum
709 2862 786 2940 quo
804 2834 1025 2940 inquisitum
1040 2833 1177 2926 fuerat,
1195 2834 1389 2912 absolutus
1403 2851 1440 2911 et
1451 2833 1713 2911 reconciliatus
1732 2862 1801 2939 per

378 2962 579 3040 dominum
601 2964 818 3069 episcopum
834 2963 1190 3042 Claramontensem.
1214 2965 1307 3058 Qui,
1327 2962 1599 3070 protestacione
1618 2963 1799 3068 premissa

378 3092 580 3198 quod-non
595 3093 759 3169 intendit
779 3093 954 3170 recedere
976 3123 996 3169 a
1017 3095 1257 3199 deposicione
1277 3122 1451 3198 pereum
1470 3092 1708 3170 lactacoram
1730 3093 1799 3170 do-

377 3221 484 3299 mino
494 3221 792 3300 Claramontensi
809 3224 983 3328 episcopo
999 3243 1220 3313 memorato,
1234 3224 1339 3302 lectis
1353 3241 1391 3301 et
1409 3223 1610 3331 diligenter
1624 3223 1799 3329 expositis

377 3350 448 3427 sibi
467 3351 645 3429 omnibus
666 3371 703 3428 ct
719 3353 874 3460 singulis
890 3353 1071 3446 articulis,
1093 3355 1289 3458 respondit
1303 3383 1342 3431 se
1356 3355 1518 3442 nescire,
1541 3353 1797 3443 neccredere,

378 3508 448 3558 nec
459 3481 643 3559 audivisse
665 3483 737 3558 dici
759 3483 806 3559 de
822 3485 1006 3560 contentis
1026 3484 1138 3561 ineis
1158 3485 1229 3561 nisi
1247 3484 1352 3589 quod
1368 3485 1548 3590 sequitur.
1573 3483 1675 3561 Dixit
1696 3484 1797 3560 enirn

376 3639 416 3689 se
436 3612 551 3691 luisse
571 3631 765 3719 receptum
793 3615 832 3688 in
855 3615 1016 3720 quadam
1048 3644 1191 3692 camera
1215 3615 1352 3692 domus
1377 3612 1527 3719 Templi
1551 3613 1692 3690 Montis
1710 3614 1739 3688 F
1741 3641 1799 3689 er·

375 3744 483 3820 randi
504 3743 819 3823 Claramontensis
839 3744 1014 3833 diocesis,
1036 3746 1154 3851 prima
1178 3746 1366 3823 dominica
1387 3762 1473 3850 post
1497 3745 1636 3821 instans
1660 3743 1797 3821 festum
1911 3756 1914 3763 ’

375 3874 613 3952 Pentecostes
634 3891 745 3951 erunt
762 3875 914 3981 triginta
935 3876 1012 3952 duo
1035 3876 1120 3952 anni
1141 3874 1201 3951 vel
1222 3877 1332 3962 circa,
1361 3902 1428 3979 per
1447 3873 1598 3952 fratrem
1617 3874 1797 3980 Raymon·

377 4004 469 4081 dum
484 3983 532 4081 de
545 4005 671 4082 Dumo
685 4005 845 4082 militem
859 4006 1068 4111 quondam,
1082 4006 1320 4112 presentibus
1332 4004 1509 4082 iratribus
1521 4006 1630 4082 Petro
1642 4001 1793 4092 Nicolai,

375 4132 486 4209 Petro
502 4134 625 4211 Vinha
650 4136 915 4226 servientibus,
939 4153 976 4212 et
998 4137 1168 4213 lobanne
1193 4136 1308 4213 Blanc
1328 4132 1794 4240 presbitero,·deffunctis‚

374 4262 414 4338 in
436 4263 538 4340 bunc
554 4265 732 4344 modum:
756 4297 843 4344 nam
860 4297 947 4345 cum
966 4268 1140 4374 periisset
1159 4296 1296 4374 panem
1312 4283 1350 4342 et
1368 4294 1503 4373 aquam
1524 4281 1563 4343 et
1580 4266 1797 4342 societatem

374 4393 535 4483 ordinis,
553 4412 593 4472 et
614 4397 811 4475 obtulisset
838 4428 877 4475 se
897 4398 992 4475 velle
1016 4398 1098 4475 fieri
1125 4426 1273 4475 servum
1298 4395 1484 4477 esclavum
1506 4398 1623 4474 Terre
1644 4396 1794 4482 Sancte,

373 4519 537 4602 finaliter
564 4524 650 4602 fecit
677 4554 765 4602 eum
791 4555 923 4603 vovere
948 4544 986 4602 et
1006 4528 1134 4632 jurare
1160 4527 1265 4635 quod
1292 4544 1386 4604 esset
1409 4525 1592 4604 obediens
1618 4524 1796 4603 omnibus

373 4654 656 4760 preceptoribus
670 4656 736 4761 qui
750 4673 1053 4760 proponerentur
1065 4658 1208 4746 eidem,
1227 4674 1265 4734 et
1279 4657 1382 4764 quod
1397 4673 1560 4735 servaret
1571 4655 1791 4743 castitatem,

375 4778 649 4873 obedienciam,
667 4803 705 4861 et
721 4785 860 4888 vireret
875 4785 955 4863 sine
970 4787 1138 4893 proprio,
1157 4805 1195 4864 et
1210 4790 1316 4893 qnod
1330 4806 1492 4866 servaret
1511 4788 1631 4879 bonos
1649 4813 1741 4864 usus
1755 4799 1796 4862 et
