4230 5956
440 493 510 566 ll10
822 480 1020 566 PROCES
1046 491 1141 563 DES
1168 489 1464 563 TEMPLIERS.

435 635 529 710 sime
562 633 649 739 quia
676 632 856 709 nolebant
875 661 944 709 nec
972 631 1162 708 audebant
1195 630 1352 707 modum
1383 659 1449 706 sue
1480 629 1708 734 recepcionis
1733 632 1851 710 eciam

435 763 563 839 amicis
591 763 667 839 suis
691 762 913 867 specialibus
936 762 1121 848 revelare;
1156 760 1290 866 etipse
1311 759 1384 836 luit
1409 758 1624 865 frequenter
1649 763 1851 868 requisitus

435 920 547 996 super
571 892 643 968 lroc
670 921 689 967 a
715 891 844 967 multis
872 890 999 967 amicis
1028 890 1126 974 suis,
1151 887 1291 994 quibus
1321 887 1443 965 noluit
1471 887 1646 964 revelare.
1675 889 1851 968 Cordulis

436 1022 538 1097 unde
553 1021 729 1098 volebant
751 1019 949 1126 assumptis
970 1019 1217 1126 cingebantur
1230 1046 1343 1123 super
1358 1017 1525 1094 camisias
1541 1046 1626 1094 curn
1643 1020 1780 1124 quibus
1797 1022 1852 1127 ja·

355 1203 360 1207 -
436 1149 589 1240 cebant,
625 1168 852 1227 nontamen
881 1150 986 1227 scivit
1013 1176 1083 1224 nec
1109 1147 1249 1224 audivit
1274 1147 1348 1223 dici
1376 1146 1480 1255 quod
1506 1164 1705 1254 tangerent
1733 1150 1851 1256 capita

434 1280 650 1388 ydolorum,
668 1309 737 1356 nec
754 1279 857 1385 quod
874 1279 984 1386 ydola
1000 1279 1209 1355 adorarent.
1227 1279 1273 1355 Et
1289 1277 1376 1384 quia
1391 1277 1484 1354 dixit
1500 1276 1604 1382 quod
1618 1277 1741 1354 suerat
1757 1308 1853 1356 com·

434 1427 598 1485 moratus
624 1410 779 1485 indicta
802 1409 947 1485 civitate
973 1408 1136 1516 Sydonis
1158 1435 1226 1514 per
1247 1406 1416 1512 quinque
1443 1433 1574 1494 annos,
1600 1404 1671 1483 fuit
1697 1409 1852 1487 interro·

436 1554 542 1645 gatus
552 1537 759 1642 specialiter
774 1537 951 1642 decapite
966 1537 1013 1612 de
1027 1565 1103 1642 quo
1115 1565 1225 1642 supra
1240 1536 1465 1641 deposuerat
1477 1535 1652 1643 magister
1666 1537 1850 1616 Antonius

435 1666 529 1744 Sicci
551 1666 598 1741 de
613 1666 807 1756 Vercellis,
831 1683 867 1742 et
887 1666 935 1741 de
953 1665 1034 1742 aliis
1051 1664 1236 1741 contentis
1258 1665 1298 1739 in
1314 1663 1555 1770 deposicioue
1578 1662 1667 1740 dicu
1685 1668 1848 1773 magistri

435 1797 605 1888 Antonin
629 1797 823 1902 respondit
849 1825 887 1872 se
910 1794 1005 1870 nibil
1029 1794 1122 1870 scire
1142 1794 1189 1871 de
1209 1793 1328 1899 capite
1347 1793 1559 1899 supradicto
1579 1823 1647 1871 nec
1666 1797 1849 1875 audivisse

436 1928 535 2018 dici,
577 1927 668 2004 dixit
700 1945 825 2002 tamen
857 1925 962 2031 quod
995 1925 1094 2000 dicta
1125 1924 1249 2000 civitas
1280 1923 1442 2032 Sydonis
1475 1922 1596 2001 luerat
1629 1944 1753 2031 empta
1782 1957 1849 2034 per

434 2058 685 2162 Templarios,
704 2074 742 2134 et
761 2056 864 2162 quod
883 2055 1069 2142 lulianus,
1093 2054 1159 2160 qui
1178 2052 1299 2130 fuerat
1313 2052 1361 2130 de
1380 2054 1542 2131 dominis
1561 2055 1660 2132 dicte
1675 2057 1846 2146 civitatis,

434 2187 632 2262 intraverat
652 2188 824 2264 ordinem
846 2215 977 2262 eorum
1002 2203 1039 2262 et
1053 2185 1297 2291 postmodum
1323 2184 1631 2291 aposthataverat‚
1649 2204 1687 2263 et
1702 2188 1748 2263 ad
1775 2217 1851 2264 ma·

436 2341 547 2420 gnam
568 2314 768 2392 devenerat
788 2332 1063 2420 paupertatem,
1077 2331 1113 2390 et
1131 2314 1321 2391 audiverat
1334 2313 1407 2391 dici
1423 2313 1463 2390 in
1482 2315 1654 2420 partibus
1673 2314 1761 2408 illis,
1778 2319 1847 2393 ‘sed

434 2471 513 2519 non
534 2443 753 2520 recordatur
768 2474 788 2520 a
803 2443 958 2548 quibus,
982 2443 1087 2548 quod
1106 2443 1259 2547 quidam
1281 2472 1325 2521 ex
1343 2443 1651 2551 progenitoribus
1673 2445 1760 2521 dicti
1776 2447 1848 2522 du-

434 2572 523 2649 liani
539 2573 770 2650 adamaverat
782 2573 984 2680 quamdam
1001 2573 1236 2650 domicellam
1253 2573 1291 2648 in
1308 2573 1476 2679 partibus
1491 2573 1580 2662 illis,
1596 2590 1635 2651 et
1647 2574 1752 2680 quod
1763 2594 1847 2680 post

435 2703 517 2808 ejus
532 2722 692 2781 mortem
707 2732 787 2780 earn
806 2703 984 2779 exhimari
998 2701 1134 2778 lecerat
1149 2719 1186 2778 et
1201 2703 1453 2780 concubuerat
1466 2732 1552 2780 cum
1570 2703 1715 2781 eadem.
1737 2706 1845 2796 ltem,

434 2833 526 2910 dixit
544 2835 650 2941 quod
669 2833 848 2939 jurabant
869 2860 945 2910 non
963 2831 1124 2909 revelare
1145 2849 1282 2909 secreta
1308 2833 1572 2941 capitulorum,
1593 2834 1642 2910 de
1658 2834 1774 2911 modo
1796 2864 1848 2909 re-

433 2965 619 3068 cepcionis
640 2965 677 3038 in
695 2963 842 3068 speciali
860 2991 936 3039 non
957 2964 1081 3039 habita
1102 2963 1311 3039 mencione.
1327 2963 1403 3057 Qui
1424 2963 1665 3050 revelassent,
1686 2962 1846 3041 domum

432 3093 695 3197 perdidissent.
726 3094 941 3169 Secundum
965 3110 1101 3169 statuta
1121 3092 1265 3169 ordinis
1284 3120 1415 3170 eorum
1438 3092 1627 3171 debebant
1646 3120 1777 3170 eorum
1797 3124 1846 3170 sa-
1975 3084 1978 3089 ¹

432 3223 647 3299 cerdotibus
665 3220 849 3309 confiteri,
873 3240 910 3297 et
930 3225 1009 3297 sine
1027 3250 1158 3299 eorum
1177 3221 1331 3299 licencia
1348 3247 1425 3299 non
1441 3239 1615 3328 poterant
1630 3222 1711 3299 aliis
1730 3224 1846 3299 conli-

431 3351 514 3426 teri.
536 3354 682 3437 Fratres
705 3352 863 3428 scientes
884 3379 1029 3428 errores
1049 3351 1201 3428 fuerunt
1223 3351 1453 3459 negligentes
1476 3352 1563 3458 quia
1588 3378 1666 3429 non
1687 3379 1848 3429 correxe-

431 3499 520 3557 runt
541 3509 606 3557 eos
627 3510 696 3557 nec
712 3481 1030 3557 denunciaverunt
1050 3481 1225 3557 Ecclesia.
1246 3481 1477 3559 Elemosinas
1499 3499 1538 3558 et
1553 3481 1843 3587 hospitalitatem

430 3611 522 3688 vidit
533 3613 798 3689 convenienter
812 3611 892 3687 fieri
908 3629 945 3688 et
959 3612 1092 3687 servari
1106 3611 1144 3687 in
1158 3611 1334 3688 domibus
1349 3612 1494 3688 ordinis
1506 3613 1544 3687 in
1556 3611 1696 3718 quibus
1709 3613 1845 3688 exstitit

432 3760 693 3821 commoratus.
731 3743 911 3820 lurabant
950 3770 1092 3817 servare
1128 3741 1229 3817 bona
1261 3742 1405 3818 ordinis
1433 3759 1470 3819 et
1495 3742 1687 3848 acquirere
1716 3741 1845 3819 debito

430 3873 564 3962 modo,
586 3891 622 3951 et
643 3873 929 3950 deffendebatur
948 3872 1002 3947 eis
1017 3871 1120 3977 quod
1142 3900 1219 3947 non
1236 3873 1506 3949 exheredarent
1524 3871 1675 3948 vicinias
1693 3901 1842 3961 eorum;

429 4003 540 4079 multi
555 4021 681 4080 tamen
700 4032 743 4079 ex
756 4003 865 4080 dictis
877 4002 1054 4078 fratribus
1068 4000 1210 4078 ordinis
1222 4001 1473 4078 abutebantur
1489 4002 1622 4079 litteris
1631 4000 1843 4107 apostolicis

430 4148 467 4206 et
491 4132 631 4209 multos
658 4134 835 4209 vexabant
862 4162 949 4209 curn
979 4132 1049 4220 eis,
1079 4130 1182 4236 quod
1212 4131 1281 4207 luit
1311 4131 1617 4237 frequenter'per
1641 4130 1765 4235 ipsum
1788 4148 1846 4206 te·

428 4279 523 4339 stem
536 4263 826 4368 reprehensum,
845 4282 882 4340 et
896 4263 1019 4340 luitin
1035 4261 1203 4368 periculo
1220 4262 1336 4338 eciam
1349 4262 1437 4367 quia
1456 4260 1757 4367 reprehendebat
1768 4290 1847 4367 pre·

428 4391 537 4468 dicta.
572 4394 714 4469 Eorum
744 4393 922 4499 capitulia
952 4392 1046 4469 clam
1075 4392 1321 4480 tenebantur,
1356 4379 1473 4469 nullis
1501 4391 1741 4499 presentibus
1774 4391 1844 4467 nisi

426 4522 603 4601 fratribus
619 4525 779 4610 ordinis,
798 4540 835 4599 et
847 4522 1112 4625 providebatur
1126 4551 1173 4598 ne
1187 4522 1384 4599 audiretur
1396 4523 1558 4599 exterius
1569 4523 1674 4628 quod
1688 4521 1844 4599 interius

426 4649 615 4754 agebatur,
642 4670 681 4728 et
706 4650 908 4758 aliquando
937 4651 1164 4726 tenebantur
1187 4669 1272 4728 ante
1303 4653 1415 4729 diem.
1437 4653 1617 4731 Ordinata
1642 4680 1709 4758 per
1726 4650 1843 4756 Magi·

427 4792 546 4854 strum
561 4807 645 4855 cum
664 4796 846 4855 conventu
867 4795 1043 4854 servasset
1055 4794 1156 4854 totus
1175 4780 1284 4873 ordo,
1303 4799 1430 4857 contra
1445 4809 1559 4887 quem
1576 4779 1727 4889 grandia
1740 4800 1843 4853 scan-
