4230 5956
610 474 1256 569 reocrsnnsrnmnrns.
1456 457 1457 460 ‘
1593 501 1636 573 er

222 633 373 713 instanti
390 650 560 740 tempore
589 633 771 723 Paschali,
792 633 1030 738 presentibus
1052 633 1230 712 fratribus
1253 633 1461 712 Guillelmo
1483 634 1530 711 de
1554 638 1643 713 Ter-

221 764 328 842 rellis
349 763 488 854 milite,
513 763 683 839 iohanne
702 762 858 869 Anglico
880 765 1071 851 Remensi,
1095 763 1253 840 testibus
1276 792 1386 870 supra
1407 765 1640 854 examinatis,

221 896 392 972 iohanne
413 893 460 970 de
482 893 648 973 Chemco
672 893 866 998 quondam
890 893 1085 970 serviente.
1107 893 1276 973 Plurium
1301 894 1585 999 recepcionibus
1604 923 1643 972 se

222 1053 299 1102 non
315 1023 448 1100 recolit
463 1021 644 1111 adfuisse,
669 1051 739 1099 nec
762 1024 846 1109 scit,
872 1052 942 1099 nec
967 1024 1104 1113 credit,
1129 1053 1198 1100 nec
1219 1024 1361 1101 audivit
1383 1024 1455 1101 dici
1479 1027 1581 1131 quod
1603 1027 1642 1102 in
1712 1093 1715 1098 .

222 1155 278 1230 eis
294 1153 353 1230 vel
372 1170 457 1258 post
475 1152 879 1259 interveniretaliquid
900 1154 1157 1232 inhonestum.
1451 1154 1457 1162 ’

279 1284 494 1390 Requisitus
508 1284 539 1362 si
553 1284 606 1361 sic
618 1285 846 1390 deposuerat
859 1314 988 1390 prece,
1001 1286 1358 1392 precept0‚·timore,
1371 1313 1514 1374 amore,
1532 1286 1641 1375 odio,

222 1414 281 1493 vel
302 1415 464 1491 comodo
480 1415 677 1520 temporali
690 1415 827 1507 habito
848 1415 907 1493 vel
927 1416 1121 1506 habendo,
1138 1416 1333 1523 respondit
1345 1418 1450 1523 quod
1465 1444 1559 1505 non,
1576 1418 1643 1493 sed

221 1573 291 1651 pro
328 1544 480 1623 veritate
510 1547 687 1633 dicenda;
718 1548 778 1623 cni
801 1545 874 1626 tuit
892 1547 1105 1655 injunctum
1125 1549 1230 1656 quod
1249 1576 1326 1624 non
1346 1547 1527 1624 revelaret
1546 1548 1642 1623 hanc

222 1704 329 1753 suam
357 1675 659 1779 deposicionem,
692 1704 891 1782 quousque
925 1680 1186 1756 attestaciones
1210 1677 1351 1754 luerint
1371 1676 1579 1784 publicate;
1599 1695 1638 1752 et

223 1833 298 1882 non
321 1806 510 1884 obtulerat
530 1834 569 1883 se
589 1807 636 1884 ad
659 1806 933 1886 deffensionem
956 1808 1047 1885 dicti
1069 1808 1233 1898 ordinis,
1266 1824 1307 1884 et
1334 1805 1566 1912 intelligebat
1589 1807 1640 1882 la-

222 1954 357 2013 turum.
456 1968 478 1985 »·

279 2197 408 2274 Frater
421 2196 610 2272 lohannes
623 2194 791 2271 Durandi
805 2197 1079 2273 Lemovieensis
1102 2195 1277 2285 diocesis,
1293 2213 1490 2301 preceptor
1508 2197 1643 2281 domus

223 2322 373 2428 Templi
391 2324 437 2399 de
450 2323 589 2401 Codrie
604 2323 825 2400 Pictuvensis
840 2324 1017 2414 diocesis,
1027 2325 1139 2400 testis
1152 2352 1262 2431 supra
1272 2324 1436 2430 juratus,
1459 2323 1644 2401 defferens

222 2451 443 2529 mantellum
461 2453 603 2529 ordinis
624 2467 665 2528 et
679 2451 851 2540 barbam,
879 2453 1221 2560 quinquagenarius
1241 2453 1300 2530 vel
1321 2453 1431 2539 circa,
1453 2481 1539 2530 cum
1566 2480 1643 2559 quo

223 2581 445 2688 inquisitum
473 2580 610 2670 suerat,
637 2579 832 2659 absolutus
860 2597 898 2656 et
922 2582 1184 2659 reconciliatus
1210 2610 1278 2687 per
1305 2582 1502 2661 officialem
1527 2583 1644 2659 Picta-

223 2739 396 2797 vensem;
418 2711 524 2787 lectis
542 2727 580 2787 et
602 2710 805 2814 diligenter
822 2711 1007 2815 expositis
1032 2712 1104 2788 sibi
1125 2697 1303 2788 omnibus
1323 2729 1360 2788 et
1378 2710 1536 2816 singulis
1555 2711 1643 2786 arti-

223 2840 334 2934 culis,
351 2840 550 2947 respondit
569 2867 609 2916 se
630 2839 789 2931 nescire,
808 2867 882 2916 -ncc
901 2841 1075 2931 credere,
1098 2832 1169 2917 nec
1191 2842 1375 2918 audivisse
1396 2841 1469 2916 dici
1491 2842 1536 2917 de
1557 2869 1645 2917 con-

222 2970 337 3048 tmtis
360 2971 400 3046 in
421 2970 475 3046 eis
495 2969 566 3045 nisi
587 2969 693 3074 quod
712 2970 895 3075 sequitur.
917 2970 1019 3046 Dixit
1038 2969 1141 3046 enim
1168 2967 1273 3077 quod
1293 2970 1332 3046 in
1358 2968 1642 3076 recepcionibus

222 3130 289 3179 soa
309 3118 348 3178 et
366 3100 529 3178 aliorum
547 3127 645 3206 quos
662 3100 756 3176 ridit
773 3099 890 3205 recipi
910 3127 987 3176 nnn
1007 3099 1289 3176 intervenerunt
1303 3100 1556 3207 necjojuncta
1567 3098 1642 3176 fue-

222 3248 312 3308 runt
331 3230 601 3336 abnegaciones
622 3247 660 3307 et
684 3229 1035 3334 dogmatizaciones,
1056 3228 1243 3335 vituperia
1267 3231 1405 3318 crucis,
1431 3229 1559 3307 oscula
1586 3230 1661 3304 in-¹

222 3361 405 3450 honesta,
422 3362 564 3437 crimen
582 3361 866 3451 sodomiticum,
888 3389 958 3438 nec
976 3359 1071 3437 vidit
1090 3388 1160 3437 nec
1176 3360 1319 3437 audivit
1338 3359 1412 3438 dici
1432 3360 1538 3466 quod
1556 3359 1643 3435 ado·

223 3492 392 3570 raciones
416 3491 487 3570 cati
514 3507 552 3567 et
576 3489 778 3598 ydolorum
800 3489 938 3567 fierent
961 3491 1000 3566 in
1025 3490 1175 3581 ordine,
1199 3517 1268 3567 nec
1287 3489 1550 3568 absoluciones
1575 3518 1643 3594 per

221 3621 336 3699 laicos
355 3649 506 3710 eormn,
529 3649 598 3699 nec
614 3620 720 3728 quod
740 3619 871 3698 boues
888 3621 1035 3698 ordinis
1049 3638 1172 3699 essent
1186 3620 1373 3698 increduli
1387 3620 1642 3699 ecclesiasticis

222 3753 481 3844 sacrementis,
506 3752 645 3858 quibus
670 3752 748 3859 ipse
769 3753 963 3843 credebat,
985 3779 1056 3829 nec
1074 3752 1179 3858 quod
1204 3780 1336 3830 eorum
1356 3751 1567 3829 sacerdotes
1586 3750 1642 3825 in-

224 3882 358 3961 debite
371 3900 416 3960 et'
429 3899 557 3960 contra
577 3881 737 3960 mrmem
760 3882 925 3960 Ecclesia
948 3881 1197 3971 celebrarent,
1221 3911 1290 3960 nec
1309 3882 1414 3988 quod
1433 3873 1506 3956 hoc
1524 3881 1643 3985 preci-

221 4030 376 4118 peretur
393 4014 459 4089 eis.
478 4011 656 4089 durabant
667 4012 853 4089 ordinem
869 4040 946 4088 non
964 4012 1074 4090 exire.
1095 4012 1227 4090 Statim
1248 4040 1318 4117 pro
1337 4007 1513 4115 professis
1525 4007 1641 4085 habe-

222 4142 370 4218 bantur.
389 4141 635 4220 ·Clnndestine
665 4142 951 4247 recipiebantur,
977 4140 1092 4218 nullis
1114 4139 1352 4246 presentibus
1375 4138 1446 4216 uisi
1466 4136 1643 4217 tratribus

224 4270 379 4347 ordinis.
406 4270 585 4348 Cordulis
610 4271 856 4379 cingebantur
888 4272 927 4347 in
956 4271 1106 4376 signum
1135 4270 1312 4348 castitatis
1338 4299 1451 4378 super
1473 4271 1642 4347 camisias

223 4428 312 4479 cum
332 4400 471 4507 quibus
483 4400 674 4508 jacebant,
697 4417 735 4477 et
756 4401 856 4506 ipsas
877 4400 1051 4477 cordulae
1070 4398 1310 4478 assumebant
1328 4401 1432 4479 uude
1451 4400 1638 4478 volebant.

223 4530 438 4637 Requisitus
464 4532 496 4607 si
520 4530 638 4607 credit
661 4529 777 4636 quod*
791 4529 923 4607 fratres
950 4529 1096 4608 ordinis
1121 4531 1379 4636 reciperentur
1401 4528 1642 4608 uniformiter

223 4661 264 4737 in
280 4659 431 4749 ordine,
446 4660 760 4768 respondit-quod
778 4678 866 4740 ante
876 4661 1102 4768 ‘captionem
1119 4660 1294 4743 credebat
1310 4660 1415 4769 quod
1435 4686 1567 4739 omnes
1583 4688 1642 4736 re·

224 4791 696 4898 ciperenturuniformiter
716 4811 753 4870 et
775 4792 892 4885 bene,
918 4792 1128 4871 secundum
1148 4792 1253 4902 qnod
1271 4791 1444 4900 ipseiuit
1460 4808 1634 4898 receptus

1466 4950 1513 4991 12.
