4268 5946
464 448 537 522 aaa
847 423 1042 517 rnocts
1068 441 1164 514 nus
1190 441 1490 513 murmuras.

462 589 580 666 Mansi
604 585 691 674 Dei,
715 584 754 659 in
774 584 915 690 capella
938 584 1056 690 ipsius
1077 584 1230 672 domus,
1257 582 1497 688 presentibus
1513 597 1551 658 et
1569 578 1713 657 ibidem
1733 583 1885 659 astanti·

464 720 535 797 bus
549 719 611 796 Ar.
629 717 677 793 de
697 716 821 793 llocha
836 716 1060 804 cambrerio,
1076 712 1343 792 bartholomeo
1359 713 1407 789 de
1421 714 1542 789 Turre
1563 710 1774 817 capellano,
1790 715 1885 820 Ray·

463 849 609 926 mundo
629 848 740 952 Sapte
761 845 972 949 capellano,
994 844 1216 952 Raymundo
1233 843 1281 920 de
1295 844 1430 921 Sancto
1449 844 1557 919 lusto
1573 841 1712 930 milita,
1739 860 1777 920 et
1798 844 1885 949 plu·

463 979 567 1057 ribus
577 978 658 1055 aliis
667 976 846 1053 tratribus
860 975 1005 1052 ordinis
1015 975 1230 1080 supradicti.
1243 975 1298 1050 De
1315 973 1431 1051 modo
1440 990 1568 1050 antem
1578 1001 1647 1051 sue
1656 973 1884 1080 recepcionis

463 1126 501 1185 et
531 1107 771 1214 tangentibus
794 1106 929 1211 ipsam,
956 1121 993 1180 et
1022 1104 1104 1181 aliis
1128 1104 1306 1181 omnibus
1332 1100 1634 1209 dependentibus
1657 1129 1703 1178 ex
1729 1103 1883 1191 eadem,

462 1242 556 1317 dixit
571 1241 609 1315 in
626 1236 804 1317 omnibus
819 1254 858 1314 et
866 1266 934 1342 per
945 1237 1071 1314 omnia
1087 1255 1130 1314 ut
1142 1237 1288 1343 primns
1300 1236 1405 1313 testis
1420 1234 1739 1340 deponenssuper
1748 1236 1885 1315 eodem

464 1370 639 1455 articulo,
669 1386 706 1446 et
726 1387 769 1445 ut
792 1369 1008 1445 continetur
1026 1369 1065 1443 iu
1087 1368 1187 1444 dicto
1207 1366 1307 1445 libro
1334 1366 1538 1471 peripsum
1553 1365 1722 1469 primum
1751 1383 1885 1445 testem

464 1499 645 1590 exhibito,
669 1499 885 1575 continente
904 1514 1041 1574 statuta
1059 1516 1097 1574 et
1111 1497 1280 1604 regulam
1300 1495 1444 1573 ordinis
1464 1495 1680 1602 supradicti.
1728 1544 1731 1549 >

519 1629 578 1705 ad
588 1629 721 1706 lxxxvii
733 1645 770 1705 et
783 1628 976 1705 lxxxvuret
989 1627 1169 1704 ultimum
1183 1627 1359 1704 articulos
1374 1626 1608 1730 respondens
1618 1626 1882 1732 interrogatus,

433 1746 436 1751 ¹
466 1760 558 1836 dixit
570 1788 609 1836 se
630 1787 698 1837 uec
718 1759 811 1837 scire
829 1786 899 1835 nec
914 1759 1066 1839 credere
1085 1757 1229 1863 aliquid
1244 1757 1302 1833 vel
1319 1755 1444 1862 aliqua
1464 1757 1512 1832 de
1528 1757 1712 1835 contentis
1727 1757 1766 1833 in
1782 1759 1882 1862 ipsis.

521 1892 643 1996 Super
664 1890 746 1968 aliis
768 1918 855 1968 vero
885 1891 932 1967 de
962 1890 1102 1993 quibus
1125 1888 1332 1995 precipitur
1355 1886 1438 1963 lieri
1467 1887 1662 1994 inquisitio
1685 1890 1884 1995 generalis,

465 2008 578 2125 prout
590 2021 712 2098 visum
726 2019 798 2097 luit
818 2020 920 2097 dicto
941 2020 1096 2096 domino
1115 2019 1292 2125 episcopo
1312 2034 1350 2096 et
1365 2017 1542 2124 predictis
1556 2017 1639 2095 aliis
1655 2018 1820 2095 dominis
1830 2049 1889 2097 ca-

323 2156 327 2165 '
464 2152 609 2228 nonicis
624 2169 663 2228 et
677 2151 860 2259 religiosis
874 2151 961 2227 viris
975 2150 1256 2256 inquirentibus
1271 2150 1502 2255 paritercum
1517 2149 1670 2236 codem,
1684 2150 1888 2254 requisitus

465 2280 559 2357 dixit
577 2309 616 2358 se
628 2281 789 2387 amplius
805 2279 922 2358 nichil
938 2281 1045 2358 scire.

520 2411 629 2487 Anno
645 2438 722 2517 quo
737 2439 868 2516 supra,
891 2436 949 2488 xvt
964 2410 1141 2486 kalendas
1159 2409 1350 2486 februarii.

519 2673 560 2750 V.
583 2671 712 2746 Frater
727 2671 972 2777 Berengarius
993 2624 1052 2746 de*
1062 2670 1171 2748 Collo
1189 2671 1313 2757 miles,
1337 2671 1482 2747 ordinis
1513 2671 1654 2747 milicie
1675 2671 1826 2777 Templi
1851 2688 1890 2748 et

465 2802 564 2880 diota
580 2801 717 2878 domus
733 2800 851 2881 Mansi
866 2800 954 2890 Dei,
971 2801 1118 2907 juratus
1136 2800 1193 2877 ad.
1203 2817 1329 2879 sancta
1346 2801 1417 2878 Dei
1437 2801 1657 2907 Evangelia,
1685 2819 1729 2879 ut
1747 2803 1888 2908 princi·

464 2933 558 3037 palis
573 2932 621 3009 de
636 2962 675 3010 se
691 2932 789 3038 ipso,
807 2949 845 3009 et
862 2949 905 3008 ut
919 2932 1026 3009 testis
1041 2932 1088 3008 de
1109 2931 1208 3020 aliis,
1230 2960 1344 3038 super
1362 2931 1529 3009 articulis
1542 2932 1812 3037 supradictiset
1824 2961 1889 3011 eo·

464 3089 551 3138 rum
561 3061 733 3167 quolibet
743 3062 813 3138 sibi
823 3062 999 3167 expositis
1012 3063 1050 3137 in
1060 3061 1220 3168 vulgari,
1234 3079 1273 3139 et
1286 3061 1488 3170 diligenter
1500 3063 1764 3169 interrogatus,

522 3192 644 3294 Super
657 3190 795 3294 primo,
814 3218 949 3268 u-rv
962 3191 1127 3268 articulis
1141 3192 1320 3270 inclusive
1335 3193 1583 3299 respondens,
1600 3193 1747 3299 negavit
1761 3196 1890 3271 omnia

466 3334 503 3392 et
522 3318 667 3424 singula
683 3335 855 3396 contenta
874 3321 913 3394 in
934 3321 1003 3409 eis3
1025 3320 1189 3398 adiciens
1203 3323 1307 3427 quod
1323 3324 1362 3398 in
1379 3324 1522 3400 honore
1536 3323 1657 3401 crucis
1672 3341 1711 3400 et
1724 3323 1889 3400 crucifixi

464 3447 581 3524 lhesn
590 3447 722 3527 fratres
734 3448 851 3554 ipsius
861 3449 1005 3526 ordinis
1014 3450 1170 3527 adorant
1185 3479 1335 3529 crucem
1347 3469 1406 3529 ter
1417 3453 1455 3528 in
1465 3479 1565 3530 anno
1577 3452 1839 3558 sollempniter
1852 3474 1891 3532 et

465 3596 689 3670 reverenter,
705 3578 861 3657 infestis
876 3579 1009 3669 Sancte
1024 3580 1155 3658 Crucis
1174 3581 1314 3660 mensis
1329 3582 1553 3689 septembris
1569 3599 1608 3660 at
1625 3584 1765 3661 mensis
1780 3585 1888 3676 maii,

451 3724 502 3813 'et
516 3708 578 3787 die
597 3709 753 3788 Veneris
772 3725 914 3801 sancta3
936 3727 973 3786 et
991 3711 1174 3816 quociens
1193 3711 1350 3790 adorant
1369 3713 1488 3819 ipsam
1504 3740 1653 3789 crucem
1667 3714 1735 3819 ipsi
1756 3713 1889 3793 fratres

465 3838 505 3915 in
520 3839 581 3916 die
595 3840 753 3923 Veneris
767 3856 907 3929 sancta,
925 3841 1124 3947 deponunt
1143 3843 1327 3921 sotulares
1345 3872 1442 3949 quos
1460 3861 1612 3949 portant
1634 3860 1674 3920 et
1690 3842 1836 3951 gladios
1851 3865 1890 3922 et

465 3967 564 4045 colas
576 3967 693 4046 lineas
703 3988 742 4048 et
754 3969 1100 4076 quicquid-portant
1114 3970 1219 4049 aliud
1231 3989 1333 4050 extra
1348 3990 1474 4079 caput;
1492 3972 1620 4050 dicens
1637 3973 1754 4051 eciam
1764 3976 1887 4081 quod,

467 4095 517 4174 ob
536 4099 786 4179 reverenciam
811 4098 974 4176 crucifixi
992 4099 1149 4178 Domini
1171 4101 1306 4190 lbera,
1328 4131 1461 4182 omnes
1479 4103 1611 4181 fratres
1630 4101 1723 4180 dicti
1744 4104 1890 4183 ordinis

465 4243 614 4334 portant
624 4229 663 4303 in
674 4229 842 4337 clamyde
853 4232 1174 4310 crucem.Etsicut
1187 4232 1357 4313 Christus
1367 4236 1504 4313 lhesus
1516 4232 1653 4313 effudit
1666 4235 1889 4344 sauguinem

465 4358 658 4464 proprium
672 4359 711 4435 in
722 4389 831 4439 cruce
840 4388 909 4466 pro
925 4361 1050 4449 nobis,
1072 4361 1112 4438 in
1129 4361 1192 4440 illa
1210 4362 1481 4472 significatione
1494 4363 1625 4445 fratres
1639 4366 1729 4446 dicti
1743 4366 1891 4446 ordinis

466 4506 618 4593 portant
635 4518 785 4568 crucem
807 4492 920 4597 panni
942 4491 1049 4568 rubei
1074 4493 1114 4569 in
1133 4493 1308 4584 clamide,
1329 4513 1373 4574 ut
1393 4496 1590 4575 effundant
1608 4524 1723 4575 suum
1740 4499 1890 4606 saugui-

467 4643 554 4695 nem
569 4621 765 4725 proprinm
781 4639 908 4699 oontra
927 4621 1054 4701 hostes
1066 4622 1207 4703 Christi
1224 4625 1447 4706 Sarracenos
1460 4627 1499 4704 in
1511 4644 1613 4708 terra
1625 4629 1884 4715 transmarina,

467 4761 506 4823 et
522 4746 611 4825 alibi
630 4767 761 4829 contra
780 4750 909 4829 hostes
924 4749 1012 4829 fidei
1032 4752 1256 4835 Christiane.
1339 4830 1343 4835 .
1439 4792 1445 4797 ·
