4230 5956
487 425 562 499 rao
873 403 1517 498 rnocrsnrsrcrrrcruns

484 567 626 654 stricte,
643 565 846 672 diligenter
858 565 1124 671 interrogatus,
1140 561 1233 638 dixit
1246 579 1285 637 et
1301 560 1450 666 negarit
1468 559 1808 666 omniaetn’ngula
1823 587 1927 640 con·

484 715 587 775 tenta
606 699 645 773 in
668 697 758 802 ipsis
776 695 942 772 articulis
961 711 1000 770 et
1025 722 1160 770 eorum
1178 690 1353 797 singulis,
1383 689 1484 766 salro
1511 689 1619 796 quod
1639 688 1838 768 confessus
1857 710 1925 769 est

484 828 589 908 idern
607 829 723 906 frater
739 827 927 903 Jordanus
944 824 1051 932 quod
1064 822 1249 929 recipiens
1267 840 1307 898 et
1324 839 1500 926 receptus
1512 821 1553 897 in
1573 821 1719 897 dictum
1735 820 1920 899 ordinem

485 988 526 1037 se
539 960 589 1036 ad
607 958 763 1037 invicem
783 955 998 1034 osculantur
1016 957 1055 1031 in
1069 983 1137 1032 ore
1154 969 1321 1041 tantum3
1341 970 1382 1028 et
1399 951 1475 1029 lroc
1488 951 1626 1028 serrari
1640 951 1736 1027 vidit
1751 952 1792 1028 in
1805 981 1922 1030 rece·

484 1091 618 1194 pcioue
643 1088 852 1166 multorum
875 1085 1051 1172 fratrum.
1072 1113 1168 1191 quos
1186 1084 1303 1190 recipi
1322 1083 1417 1160 vidit
1435 1083 1476 1161 iu
1496 1081 1613 1159 domo
1633 1083 1751 1161 ttansi
1770 1083 1845 1163 Dei
1864 1085 1923 1161 ad

484 1221 658 1299 ordinem
671 1220 940 1326 supradictum.

541 1353 600 1430 Ad
617 1376 906 1430 mim-mn
926 1350 1102 1427 articulos
1119 1349 1297 1427 inclusive
1321 1348 1557 1454 respondens
1579 1347 1821 1455 singulariter
1838 1351 1926 1427 sin·

483 1483 597 1589 gulis,
619 1501 657 1560 et
673 1481 866 1560 confessus
890 1499 946 1557 est
965 1482 1070 1588 quod
1091 1481 1224 1557 iratres
1254 1481 1393 1584 recepti
1417 1481 1454 1556 in
1480 1478 1583 1558 dicto
1606 1480 1742 1559 ordine
1758 1480 1923 1586 Tanpli

484 1616 726 1719 promittunt,
749 1643 817 1720 per
830 1614 1085 1720 juramentum
1105 1641 1126 1687 a
1145 1640 1185 1689 se
1199 1611 1416 1717 prestitum,
1437 1639 1478 1686 se
1497 1638 1575 1688 non
1591 1611 1691 1687 exire
1710 1639 1783 1688 nec
1795 1612 1924 1688 relin-

483 1774 604 1851 quere
623 1747 748 1851 ipsum
768 1744 941 1822 ordinem
955 1772 1025 1850 pro
1038 1743 1173 1849 quotis
1190 1742 1267 1819 alio
1280 1742 1417 1819 ordine
1431 1742 1566 1848 majori
1576 1743 1636 1818 vel
1648 1743 1803 1820 minori.
1818 1745 1921 1820 ltem

483 1875 674 1954 confessam
691 1893 750 1953 est
762 1875 866 1981 quod
882 1876 953 1982 ipsi
972 1873 1104 1951 iratres
1122 1874 1261 1981 recepti
1281 1873 1529 1950 incontinenti
1546 1889 1634 1979 post
1649 1875 1921 1980 recepcionern

484 2007 671 2084 habentur
683 2036 753 2113 pro
767 2006 955 2112 professis.
972 2008 1067 2083 Item
1079 2004 1272 2082 confessus
1285 2021 1343 2081 cst
1351 2003 1457 2110 quod
1469 2004 1641 2110 receptio
1655 2004 1828 2110 ipsorum
1839 2004 1922 2082 [ra-

483 2154 585 2213 trum
596 2166 693 2243 quos
707 2138 822 2242 recipi
834 2136 927 2212 vidit
941 2137 980 2211 in
994 2136 1126 2212 ordine
1137 2135 1351 2240 supradicto
1363 2130 1459 2211 lacta
1471 2132 1559 2221 licit,
1575 2151 1615 2212 et
1623 2163 1708 2211 earn
1721 2133 1808 2212 lieri
1818 2137 1920 2215 vidit

484 2267 533 2343 de
552 2267 684 2343 multis
698 2267 883 2344 -iratribus
904 2267 942 2342 in
965 2267 1064 2343 dicta
1082 2266 1235 2344 ecclesia
1258 2266 1378 2342 llansi
1391 2265 1481 2353 Dei,
1502 2265 1638 2342 clausis
1650 2267 1780 2373 januis
1792 2267 1919 2372 ipsius

486 2395 658 2483 ecclesie,
680 2414 719 2473 et
735 2397 896 2503 expulsis
914 2397 1090 2475 omnibus
1107 2414 1234 2504 preter
1250 2395 1384 2474 fratres
1396 2397 1542 2474 ordinis
1559 2396 1776 2503 supradicti,
1788 2397 1849 2475 td
1869 2400 1918 2476 id

483 2555 572 2606 vero
591 2527 697 2634 quod
716 2527 763 2604 de
782 2527 995 2603 vehementi
1018 2527 1230 2631 suspicione
1257 2527 1297 2602 in
1320 2526 1478 2605 articulo
1499 2527 1731 2632 exprimitur,
1749 2556 1918 2636 reqion-

483 2659 594 2736 ditet
608 2658 701 2735 dixit
719 2686 893 2735 murmur
905 2655 988 2734 lieri
1003 2658 1100 2734 inter
1114 2673 1259 2763 gentes,
1280 2675 1319 2733 ct
1332 2658 1440 2763 quod
1457 2655 1567 2737 multi
1586 2659 1917 2766 inter-rogaverunt

484 2791 606 2895 ipsum
624 2791 692 2897 qui
710 2789 880 2896 loquitur
891 2816 1008 2896 quare
1022 2790 1074 2865 ita
1087 2805 1228 2866 secrete
1244 2786 1359 2865 fiebat
1370 2789 1542 2894 recepcio
1551 2789 1721 2894 ipsorum
1738 2788 1913 2870 fratrum

482 2920 629 3013 Quibus
650 2922 730 3028 ipse
749 2921 944 3025 respondit
955 2920 1062 3026 quod
1078 2920 1131 2996 sic
1146 2938 1225 2996 erat
1237 2935 1417 2997 statutum
1431 2947 1501 3025 per
1521 2947 1588 2998 eos
1607 2921 1675 3027 qui
1698 2937 1915 3001 stamenrnt

483 3050 658 3127 ordinem
680 3051 949 3156 supradictum.
1278 3094 1281 3099 ·
2072 3130 2081 3145 ,

537 3179 598 3255 Ad
611 3180 765 3258 rl-xlv
779 3181 955 3259 articulos
968 3183 1146 3259 inclusive
1162 3184 1393 3289 respondens
1404 3184 1642 3291 singulariter
1651 3186 1829 3294 singulis,
1843 3215 1914 3263 ne-

481 3311 578 3416 gavit
595 3312 697 3416 ipsos
713 3312 892 3388 articulos
911 3331 949 3389 et
967 3315 1095 3389 omnia
1115 3333 1153 3390 et
1170 3315 1314 3421 singula
1335 3335 1508 3394 contenta
1527 3319 1651 3395 ineis.

537 3440 594 3517 Ad
611 3441 844 3519 rlrr—lnrrrr
859 3444 1034 3520 articulos
1054 3444 1230 3522 inclusive
1250 3450 1486 3552 respondens
1501 3450 1740 3556 singulariter
1754 3466 1794 3526 et
1807 3451 1913 3556 sigil-

481 3573 583 3649 latim
605 3574 778 3681 singulis‚
802 3576 949 3681 negarit
967 3578 1093 3652 omnia
1110 3595 1146 3653 ct
1161 3579 1303 3684 singula
1326 3598 1498 3656 contenta
1521 3582 1652 3665 ineis,
1677 3580 1777 3659 salvo
1801 3583 1911 3686 quod

481 3703 671 3781 confessus
687 3706 854 3812 estquod
868 3707 905 3781 in
916 3707 995 3812 ipsa
1006 3709 1223 3813 recepcionc
1239 3711 1449 3817 injungitur
1458 3712 1548 3815 ipsis
1559 3710 1736 3787 fratribus
1746 3713 1912 3816 receptis

480 3854 662 3939 perpetuo
671 3853 709 3913 et
718 3837 799 3911 sine
812 3838 1090 3914 intermissione
1102 3839 1211 3916 dictis
1220 3841 1470 3916 cordulissire
1478 3842 1636 3948 cingulis
1644 3843 1913 3949 cingantursu-

480 3967 764 4069 peccaminum,
787 3967 834 4043 ad
850 3968 1121 4073 designandum
1136 3969 1360 4049 castitatem:
1378 3973 1521 4077 negarit
1536 3991 1662 4049 tamen
1676 3973 1783 4079 quod
1795 3972 1911 4049 dictis

480 4094 643 4173 cordulis
655 4098 729 4173 sive
744 4097 899 4204 cingulis
910 4100 1104 4204 cingantur
1116 4099 1172 4175 vel
1184 4117 1383 4205 tangantur
1388 4102 1544 4207 ydolum
1553 4104 1612 4180 vel
1624 4103 1750 4209 ydola,
1762 4131 1835 4179 nec
1845 4104 1912 4180 ali-

478 4255 553 4332 qua
569 4229 703 4332 capita,
715 4229 809 4305 sicut
822 4231 861 4304 in
875 4229 1039 4305 articulis
1049 4232 1272 4319 continetur,
1287 4233 1417 4308 dicens
1429 4261 1470 4309 se
1484 4262 1677 4340 nunquam
1686 4233 1825 4311 uidisse
1838 4234 1911 4311 ali·

477 4358 580 4463 quod
591 4359 763 4464 ydolum,
776 4388 845 4436 nec
859 4361 926 4436 scit
940 4361 1043 4467 quod
1056 4364 1121 4447 sit,
1134 4362 1201 4437 sed
1216 4363 1333 4438 credit
1346 4363 1449 4468 quod
1461 4364 1588 4440 niclril.
1605 4367 1698 4441 ltem
1711 4364 1910 4443 consessus

478 4505 534 4564 est
543 4489 648 4594 quod
659 4491 697 4565 iu
708 4492 927 4595 recepcione
938 4490 1093 4566 fratrum
1106 4493 1195 4568 dicti
1203 4493 1345 4569 ordinis
1359 4495 1568 4601 injungitur
1578 4496 1776 4572 eisvirtutc
1787 4523 1910 4573 sacra-

478 4620 591 4694 menti
603 4649 673 4698 ase
684 4622 827 4727 prestiti
839 4622 1403 4730 quodsccretateneautillaque
1414 4626 1453 4701 in
1468 4626 1640 4732 capitulis
1648 4654 1780 4702 eorum
1790 4655 1909 4733 agun-

476 4763 583 4823 turet
594 4750 706 4834 liunt,
718 4769 755 4827 et
768 4753 820 4826 sic
834 4780 878 4828 ex
886 4754 1130 4858 consequenti
1142 4782 1274 4831 eorum
1282 4759 1452 4861 recepcio
1464 4757 1625 4833 tenenda
1634 4758 1734 4833 estin
1743 4775 1903 4835 secreto.
