4230 5956
466 462 535 539 ros
852 435 1044 535 anoctis
1070 453 1164 524 nus
1191 451 1489 531 t‘nurttnas.

460 597 687 704 presbitero,
720 613 815 673 teste
846 596 900 672 eri
926 565 1151 684 examinato,
1182 594 1292 675 Petro
1322 590 1488 675 Gotandi
1515 588 1629 673 bodie
1649 589 1877 675 examinato,

461 746 504 804 ut
532 727 666 819 credit,
699 725 906 804 Guillelmo
941 724 1102 805 Calador
1127 722 1356 830 presbitero,
1382 739 1421 803 et
1454 718 1676 829 berengario
1705 719 1877 808 Geraldi,

463 859 626 939 detentis
654 857 753 962 apud
778 857 887 932 Naiac
903 853 1170 931 ‚Rutbenensis
1201 851 1377 938 diocesim
1398 869 1436 929 et
1460 850 1613 956 insuper
1638 847 1790 928 fratrem
1811 851 1879 931 Pe-

460 1005 561 1065 trum
584 987 730 1065 Bastida
752 985 973 1062 servientem
1006 981 1216 1088 quondam,
1243 981 1496 1062 Rutlteuensis
1516 979 1694 1067 diocesis,
1722 980 1791 1085 qui
1808 978 1881 1059 luit

463 1134 635 1222 receptus
655 1118 693 1194 in
713 1116 811 1193 dicte
837 1113 993 1220 capella,
1011 1131 1100 1190 sunt
1125 1112 1272 1188 circiter
1292 1137 1338 1188 xv
1357 1111 1461 1200 anni,
1474 1139 1547 1216 -per
1566 1109 1708 1189 dictum
1728 1107 1878 1187 fratrem

462 1249 662 1354 Hugonem
692 1247 740 1323 de
770 1247 922 1332 Sances,
943 1241 1180 1352 presentibus
1200 1241 1310 1320 dictis
1336 1240 1516 1323 fratribus
1548 1240 1772 1348 Raymundo
1792 1242 1883 1346 Pey-

461 1379 582 1455 roneti
608 1395 646 1452 et
679 1376 869 1453 Bemardo
901 1375 949 1451 de
981 1375 1116 1452 Sancto
1145 1373 1309 1457 Vesano,
1337 1370 1552 1460 deffunctis,
1583 1385 1623 1449 et
1650 1369 1750 1449 dicto
1771 1372 1879 1459 Petro

463 1506 642 1594 Gotandi,
664 1524 707 1583 ut
726 1505 864 1592 credin
885 1504 1052 1609 plurium
1074 1501 1357 1609 recepcionibus
1384 1531 1426 1581 se
1454 1529 1531 1583 non
1559 1499 1691 1580 recolit
1704 1500 1877 1584 adfuisse.

462 1638 575 1725 ltem,
599 1637 691 1713 dixit
710 1635 815 1746 quod
839 1635 937 1712 bene
962 1633 1139 1712 credebat
1163 1616 1420 1711 ecclesiasticis
1447 1632 1705 1722 sacmmentis,
1725 1634 1882 1711 credens

464 1768 567 1871 quod
583 1766 643 1841 alii
665 1765 795 1843 iratres
816 1765 951 1843 eodem
971 1763 1087 1841 modo
1107 1762 1320 1850 crederent,
1338 1780 1375 1839 et
1393 1761 1649 1868 quodieorum
1669 1764 1879 1843 sacerdotes

464 1894 591 1973 debite
617 1895 857 1974 celebrarent.
886 1895 1018 1972 Statim
1047 1921 1116 2001 pro
1146 1889 1321 2001 professis
1346 1891 1595 1975 habebantur.
1615 1891 1796 1975 elatabant
1820 1922 1880 1970 or-

465 2025 591 2102 dinem
615 2055 691 2105 non
712 2027 823 2103 exire.
846 2025 1089 2104 Clandestine
1109 2022 1397 2128 recipiebantur,
1419 2021 1538 2101 nullis
1554 2022 1792 2130 presentibus
1807 2026 1878 2103 uisi

462 2153 639 2232 fratribus
654 2154 815 2243 ordinis,
833 2183 876 2231 ex
891 2182 968 2259 quo
990 2153 1109 2231 credit
1126 2152 1233 2260 quod
1251 2170 1348 2232 esset
1364 2154 1528 2259 suspicio
1543 2170 1670 2233 eontra
1689 2180 1766 2232 eos.
1788 2155 1881 2233 Cor-

464 2282 563 2359 dulis
598 2284 700 2358 unde
734 2284 907 2361 volebant
941 2285 1139 2389 assumptis
1174 2282 1419 2390 cingebantur
1448 2310 1564 2389 super
1594 2283 1879 2369 remisissem

463 2413 604 2518 quibus
624 2411 808 2518 jacebant.
835 2413 1104 2521 injungebatur
1131 2414 1184 2492 eis
1212 2441 1280 2520 per
1305 2424 1579 2495 sacramentum
1600 2441 1648 2493 ne
1673 2413 1880 2493 revelarent

465 2561 604 2623 secreta
625 2543 891 2649 capitulorum,
913 2543 960 2620 de
982 2543 1096 2621 modo
1117 2544 1347 2649 recepcionis
1365 2542 1514 2653 speciali
1535 2570 1612 2623 non
1632 2543 1754 2624 habita
1775 2571 1879 2621 men·

465 2675 584 2752 cione.
612 2675 687 2768 Qui
708 2673 933 2752 revelassent
951 2673 1110 2780 graviter
1127 2672 1248 2781 puniti
1265 2671 1435 2753 luissent.
1456 2671 1609 2779 Absque
1628 2671 1782 2755 licencia
1802 2700 1878 2752 non

464 2823 635 2911 poterant
652 2805 733 2889 aliis
752 2833 865 2911 quam
889 2803 1146 2882 sacerdotibus
1164 2803 1311 2881 ordinis
1326 2802 1509 2889 confiteri.
1532 2801 1661 2883 tllicita
1675 2801 1879 2883 confessata

465 2962 531 3038 per
551 2963 638 3011 eum
658 2934 779 3012 credit
807 2932 911 3040 quod
932 2951 1055 3014 essent
1085 2950 1173 3011 nota
1200 2931 1377 3013 fratribus
1400 2931 1558 3023 ordinis,
1582 2949 1621 3013 st
1638 2931 1744 3038 quod
1762 2933 1881 3036 negli-

464 3082 593 3169 gentes
626 3062 780 3140 fueruut
812 3065 849 3139 in
885 3063 938 3139 eis
971 3063 1214 3171 corrigendis.
1250 3060 1486 3161 Elemosinriq
1518 3078 1556 3144 et
1590 3060 1878 3171 hospitalitatem

466 3193 558 3271 vidit
582 3194 845 3271 convenienter
864 3194 946 3271 lieri
967 3211 1006 3271 et
1032 3193 1165 3269 servari
1184 3194 1223 3273 in
1243 3192 1420 3273 dontibus
1442 3193 1589 3273 ordinis
1604 3194 1644 3271 in
1663 3192 1803 3300 quibus
1818 3220 1880 3271 ex-

465 3321 541 3400 titit
564 3340 826 3399 commoratus.
851 3323 965 3416 Quod
992 3351 1147 3430 magnus
1172 3323 1347 3428 Magister
1372 3352 1456 3400 cum
1483 3339 1670 3402 conventu
1694 3325 1883 3403 statuisset

464 3468 566 3527 totus
586 3453 680 3531 ordo
701 3470 893 3542 servasset,
915 3469 1042 3530 contra
1062 3482 1176 3559 quem
1204 3482 1303 3530 nunc
1331 3454 1484 3561 grandia
1512 3453 1699 3541 scandala,
1721 3456 1881 3561 suspicio

466 3598 501 3658 et
522 3581 672 3659 infamia
692 3600 780 3659 sunt
805 3600 941 3661 exorta.
969 3585 1051 3660 Non
1067 3584 1255 3664 obtulerat
1286 3612 1324 3661 se
1353 3585 1400 3661 ad
1420 3583 1693 3666 deffensionem
1722 3583 1878 3663 ordinis.

520 3713 735 3817 Requisitus
752 3713 780 3789 si
798 3713 849 3788 sic
866 3712 1090 3818 deposuerat
1099 3742 1225 3819 prece,
1243 3732 1436 3820 precepto,
1448 3715 1756 3806 timore‚amore,
1772 3716 1877 3807 odio,

464 3844 519 3919 vel
540 3843 737 3949 temporali
760 3845 920 3923 comodo
940 3844 1068 3922 habito
1085 3845 1141 3921 vel
1157 3844 1350 3932 habendo,
1368 3846 1563 3952 respondit
1581 3847 1684 3953 quod
1701 3873 1793 3934 nou,
1813 3847 1881 3924 sed

466 4001 533 4075 pro
554 3975 704 4052 veritate
731 3973 910 4062 dicenda,
932 3975 992 4052 cui
1020 3972 1092 4051 luit
1117 3973 1330 4080 injunctum
1344 3973 1460 4081 *quod
1479 4001 1565 4057 ,non
1585 3973 1763 4053 revelaret
1784 3973 1880 4054 hauc

465 4130 567 4177 suam
591 4103 888 4212 deposicionem,
910 4133 1110 4215 quousque
1131 4105 1389 4185 attestaciones
1409 4103 1550 4183 luerint
1569 4102 1765 4211 publicate.
1788 4192 1793 4200 ,

522 4363 649 4436 Frater
676 4363 888 4441 bernardus
916 4368 1007 4442 Boni
1050 4367 1221 4442 Hominis
1252 4380 1450 4470 preceptor
1487 4367 1624 4443 domus
1654 4366 1805 4472 Templi
1836 4368 1882 4444 de

465 4489 671 4571 Albinbaco
701 4494 954 4571 Rutlrenensis
973 4496 1149 4584 diocesis,
1170 4498 1351 4587 serviens,
1373 4496 1802 4604 quadragintaquinque
1819 4525 1883 4573 an-

465 4647 600 4697 norum
621 4623 679 4700 vel
707 4622 817 4712 circa,
845 4624 950 4703 testis
972 4653 1083 4729 supra
1103 4626 1269 4729 juratus,
1292 4626 1461 4704 habitum
1490 4624 1636 4702 ordinis
1664 4643 1702 4705 et
1727 4625 1881 4705 barbam

465 4747 666 4838 defferens,
687 4782 773 4832 cum
801 4781 877 4860 quo
909 4754 1129 4861 inquisitum
1161 4753 1299 4841 fuerat,
1328 4755 1523 4837 absolutus
1551 4775 1588 4834 et
1620 4756 1882 4837 reeoueiliatus
2000 4837 2004 4841 ἢ
