4268 5946
706 419 1346 512 rnocnsnnsrnurmnns.
1441 476 1445 481 -
1661 441 1728 517 tm

376 579 434 656 Vl.
465 576 592 652 Frater
602 574 824 655 Guillelmus
845 579 891 655 de
910 580 1075 657 Tamarit
1093 579 1216 668 miles,
1237 579 1377 656 ordinis
1397 580 1483 655 dicti
1503 580 1651 686 Templi
1674 582 1736 660 do·

319 736 400 784 mus
415 706 530 785 Mansi
549 707 638 796 Dei,
659 708 763 784 testis
770 709 914 815 juratus
928 739 1040 816 super
1055 710 1230 815 predictis
1244 709 1405 786 articulis
1425 727 1601 787 eteorum
1614 713 1736 817 quoli-

316 838 380 913 bet
399 837 470 915 sibi
487 838 659 943 expositis
678 838 717 914 in
735 839 873 945 vulgari
888 902 896 929 ‚
914 840 1176 946 utprincipalis
1196 841 1242 915 dc
1263 869 1318 927 se,
1343 858 1379 914 et
1398 839 1445 915 de
1467 839 1547 915 aliis
1566 841 1660 917 sicbt
1683 860 1737 920 tc-

316 968 396 1056 stis‚
412 966 608 1073 diligenter
618 947 1100 1075 etsigillatiminterrogatus
1114 970 1359 1074 respondens,
1378 969 1468 1046 dixit
1477 999 1589 1075 super
1598 971 1734 1075 primo,

318 1126 481 1177 u-xxix
500 1099 664 1175 articulis
683 1098 875 1187 inclusive,
897 1101 1042 1207 negavit
1057 1101 1156 1206 ipsos
1174 1101 1347 1177 articulos
1362 1118 1398 1177 et
1412 1100 1535 1177 omnia
1549 1118 1586 1177 et
1596 1101 1735 1207 singula

318 1246 488 1308 contenta
507 1229 545 1304 in
566 1229 638 1318 eis,
658 1229 822 1306 adiciens
841 1257 880 1305 se
901 1230 1052 1307 credere
1073 1231 1197 1308 omnia
1220 1248 1442 1307 sacramenta
1458 1230 1736 1308 Ecclesia-sicut

316 1377 438 1437 sancta
458 1361 620 1437 Romana
633 1359 795 1437 Ecclesia
814 1377 915 1437 tenet
930 1379 966 1437 et
986 1360 1110 1451 docet;
1133 1361 1259 1438 dicens
1277 1362 1392 1438 eciam
1408 1389 1446 1437 se
1465 1361 1616 1439 credere
1633 1362 1736 1467 quod

318 1489 440 1566 nullus
463 1506 585 1595 potest
603 1490 789 1567 absolvere
809 1519 832 1567 a
849 1492 1027 1594 peccatis,
1052 1491 1122 1568 nisi
1142 1491 1190 1567 sit
1205 1491 1276 1567 rite
1305 1491 1343 1567 in
1367 1491 1612 1595 presbiterum
1636 1490 1737 1568 ordi·

317 1621 547 1698 uetustum
572 1619 665 1695 dixit
685 1621 787 1725 quod
815 1620 894 1727 ipse
914 1639 952 1698 et
969 1621 1031 1699 alii
1057 1621 1185 1699 iratres
1211 1621 1300 1698 dicti
1325 1621 1465 1697 ordinis
1491 1649 1575 1697 cum
1600 1619 1735 1725 quibus

317 1766 549 1827 conversatus
575 1766 628 1825 est
652 1749 790 1827 habent
803 1751 1005 1829 licenciam
1036 1752 1234 1829 confitendi
1258 1780 1322 1828 sua
1350 1768 1494 1856 peccata
1522 1749 1735 1855 presbiteris

317 1879 512 1986 capellanis
526 1880 615 1956 dicti
635 1881 792 1972 ordinis,
813 1881 869 1958 vel
888 1884 942 1959 eis
957 1882 1214 1959 deficientibus
1232 1882 1413 1986 religiosis
1435 1881 1519 1957 viris
1547 1899 1583 1956 et
1608 1881 1735 1959 catbo·

315 2009 395 2085 licis
419 2008 475 2085 vel
493 2009 699 2114 presbitero
721 2010 875 2088 seculari
898 2010 1049 2088 habenti
1069 2012 1260 2088 licenciam
1284 2011 1458 2088 audiendi
1487 2010 1734 2089 confessiones

316 2170 336 2217 a
352 2169 421 2219 suo
436 2140 638 2247 superiore.

371 2272 430 2349 Ad
449 2298 684 2350 xxx-xxxin
704 2272 877 2350 articulos
892 2272 1066 2351 inebrsive
1081 2273 1308 2379 respondens
1324 2270 1509 2377 sigillatim
1530 2300 1643 2378 super
1659 2272 1734 2349 sin-

315 2402 427 2507 gulis,
446 2402 590 2509 negavit
609 2403 707 2509 ipsos
726 2402 899 2481 articulos
914 2422 950 2480 et
971 2404 1094 2481 omnia
1116 2421 1152 2480 et
1171 2402 1313 2509 singula
1339 2420 1507 2479 contenta
1527 2402 1563 2478 in
1586 2403 1656 2489 eis,
1673 2431 1734 2483 ex-

317 2552 429 2639 cepto,
438 2534 541 2639 quod
554 2532 741 2610 consessus
762 2534 935 2639 estquod
955 2534 1065 2638 isqui
1083 2533 1259 2639 recipitur
1274 2534 1311 2609 in
1327 2532 1475 2610 fratrem
1492 2533 1579 2609 dicti
1595 2532 1735 2610 ordinis

317 2664 486 2741 osculum
503 2664 603 2770 pacis
621 2664 752 2769 recipit
765 2692 787 2741 a
800 2664 1000 2770 recipiente
1016 2692 1105 2741 eum
1121 2663 1158 2738 in
1176 2692 1241 2741 ore
1257 2681 1416 2750 tantum,
1431 2679 1468 2738 et
1481 2661 1581 2738 idem
1597 2662 1734 2737 faciunt

317 2794 423 2872 multi
441 2794 571 2872 fratres
586 2796 632 2872 de
651 2794 732 2871 aliis
751 2794 892 2872 ibidem
911 2791 1122 2869 astantibus.

371 2924 430 3002 Ad
461 2952 585 3003 xxxuu
617 2943 654 3001 et
685 2950 774 3003 xxxv
807 2923 980 3000 articulos
1010 2921 1184 3000 inclusive
1220 2923 1446 3028 respondens
1476 2923 1733 3028 interrogatus,

318 3057 408 3131 dixit
433 3074 469 3131 et
488 3055 677 3169 confessus
697 3073 752 3132 est
773 3070 943 3133 contenta
962 3053 1000 3130 in
1029 3053 1118 3160 ipsis
1145 3051 1307 3129 articulis
1336 3080 1415 3129 esse
1444 3080 1544 3140 vera,
1573 3052 1736 3128 adiciens

316 3185 420 3292 quod
433 3204 604 3293 receptus
622 3188 719 3263 inter
734 3184 805 3263 alia
823 3214 897 3292 que
911 3186 1012 3292 jurat
1024 3201 1192 3290 tempore
1207 3212 1273 3262 sue
1287 3181 1530 3289 recepcionis‚
1547 3183 1648 3289 jurat
1661 3209 1735 3260 non

316 3316 525 3422 relinquere
550 3316 686 3393 dictam
705 3315 922 3422 religionem
943 3341 1011 3421 pro
1034 3314 1165 3421 majori
1185 3313 1241 3391 vel
1265 3314 1400 3391 minori
1425 3313 1556 3391 ordine
1581 3294 1645 3390 aut
1662 3313 1738 3391 sor·

317 3447 407 3524 ciori
424 3446 483 3525 vel
503 3446 676 3525 debiliori
690 3447 829 3552 absque
843 3445 995 3523 licencia
1009 3444 1225 3549 superioris,
1243 3445 1307 3550 qui
1326 3473 1407 3521 eam
1425 3443 1540 3548 possit
1557 3441 1644 3518 dare
1665 3442 1736 3547 ipsi

317 3595 483 3684 recepto;
503 3578 643 3654 addens
662 3578 812 3681 insuper
825 3574 930 3681 quod
948 3574 1035 3650 ideo
1055 3573 1240 3649 habentur
1253 3601 1321 3676 pro
1335 3572 1511 3676 professis
1526 3572 1563 3646 in
1579 3571 1659 3677 ipso
1674 3598 1736 3647 or-

317 3709 403 3785 dine
431 3706 671 3784 incontinenti
693 3722 784 3809 ·post
811 3704 1084 3809 recepcionem,
1105 3718 1148 3777 ut
1164 3701 1305 3805 possint
1328 3701 1521 3778 intendere
1550 3717 1587 3777 et
1610 3726 1734 3776 vacare

318 3837 496 3914 exercicio
515 3864 702 3913 armorum
723 3850 847 3911 contra
867 3835 1095 3911 Sarracenos.

375 3966 433 4044 Ad
458 3992 727 4047 xuvr-xrxrx
752 3964 928 4041 articulos
953 3962 1130 4041 inclusive
1161 3961 1649 4069 diligenterinterrogatus,
1677 3986 1736 4037 re·

317 4096 507 4202 spondens
522 4096 712 4174 consessus
729 4113 786 4174 est
804 4094 910 4201 quod
929 4094 1166 4201 recepciones
1187 4092 1345 4169 fratrum
1366 4090 1457 4171 dicti
1481 4089 1626 4169 ordinis
1639 4087 1737 4168 fiunt

319 4227 358 4303 in
376 4227 547 4332 capitulis
560 4228 620 4305 vel
638 4229 678 4303 in
694 4226 859 4305 ecclesiis
873 4225 1008 4304 clausis
1019 4224 1146 4332 januis
1165 4240 1203 4300 et
1220 4223 1333 4301 nullis
1347 4222 1585 4330 presentibus
1598 4221 1669 4297 nisi
1681 4248 1737 4299 so-

320 4355 365 4435 lis
389 4356 567 4436 fratribus
594 4358 713 4465 ipsius
739 4357 902 4447 ordinis3
927 4356 1021 4433 dixit
1048 4356 1164 4432 eciam
1192 4383 1231 4430 se
1262 4354 1414 4432 credere
1441 4353 1546 4460 quod
1583 4367 1738 4458 propter

319 4487 457 4566 dictam
475 4488 735 4594 recepcionem
750 4486 864 4564 talem
877 4502 958 4564 orta
969 4503 1025 4562 est
1037 4484 1197 4591 suspicio
1207 4502 1334 4563 contra
1349 4512 1431 4573 eos,
1448 4483 1515 4561 sed
1529 4510 1608 4560 non
1615 4481 1734 4589 juste,

320 4646 409 4696 cum
437 4618 477 4696 in
500 4619 579 4725 ipsa
602 4618 820 4724 recepcione
846 4615 964 4693 nichil
984 4616 1227 4694 inhonestum
1248 4615 1392 4692 dicatur
1415 4642 1484 4692 nec
1503 4610 1579 4690 liat.
1604 4610 1736 4689 Cetera

320 4765 494 4827 contenta
512 4748 554 4827 in
568 4749 658 4856 ipsis
671 4747 839 4826 articulis
854 4747 1019 4855 negavit,
1039 4763 1083 4825 ut
1101 4746 1195 4824 dixit
1213 4773 1253 4823 se
1272 4774 1350 4825 non
1370 4744 1524 4823 credere
1543 4770 1624 4823 esse
1637 4768 1734 4820 vera.

1517 4891 1567 4971 57.
