4230 5956
752 447 949 539 raocns
973 465 1069 538 nns
1094 463 1396 538 rnurnrnns.
1714 470 1789 542 aas

365 611 522 698 sicione,
545 608 638 685 dixit
653 635 723 715 per
735 607 993 714 juramentum
1008 635 1120 685 suum
1131 605 1236 714 quod
1249 633 1344 694 non,
1360 603 1477 683 immo
1496 634 1630 711 puram
1646 623 1685 685 et
1699 608 1789 688 inte-

363 770 465 848 gram
485 768 554 847 pro
574 740 693 818 salute
714 740 836 816 anime
856 766 924 817 sue
944 737 1087 816 dixerat
1104 738 1309 816 veritatem.

419 1007 514 1082 Item
538 1030 653 1093 anno,
678 1002 885 1093 indicione,
913 1029 1059 1091 mense,
1087 999 1167 1090 die,
1188 998 1410 1107 pontificatu
1432 1016 1470 1077 et
1488 1000 1573 1079 loco
1592 1001 1786 1106 predictis,

363 1135 509 1215 indicti
528 1134 775 1242 inquisitoris,
790 1149 962 1212 nostrum
976 1133 1209 1210 notariorum
1232 1148 1270 1208 et
1293 1129 1612 1238 infrascriptorum
1635 1133 1790 1213 testium

362 1267 555 1373 presencia
586 1264 834 1373 personaliter
868 1265 1094 1343 constitutus
1131 1262 1246 1342 frater
1282 1261 1487 1343 Gauiridus
1519 1263 1566 1342 de
1599 1264 1788 1347 Charueio
1893 1320 1901 1332 ·

364 1399 472 1475 miles
500 1397 588 1474 dicti
609 1397 772 1487 ordinis,
794 1412 831 1473 et
847 1413 1045 1503 preceptor
1062 1394 1180 1473 totius
1198 1395 1442 1482 Normannie,
1473 1396 1580 1474 etatis
1603 1397 1789 1505 quinqua-

363 1529 464 1635 ginta
477 1556 542 1606 sex
560 1556 746 1605 annorum
764 1526 824 1603 vel
846 1527 959 1616 circa,
981 1544 1024 1604 ut
1041 1525 1205 1614 dicebat,
1228 1527 1334 1604 testis
1355 1526 1490 1604 eodem
1509 1526 1624 1606 modo
1639 1529 1788 1638 juratus
1844 1545 1846 1549 ’

364 1658 412 1736 de
430 1687 470 1736 se
495 1676 533 1736 et
552 1657 633 1735 aliis
656 1659 696 1735 in
716 1684 826 1735 causa
844 1655 934 1734 fidei
954 1686 1103 1763 puram,
1126 1684 1270 1734 meram
1290 1676 1329 1735 et
1346 1656 1531 1764 integram
1551 1657 1675 1736 dicere
1693 1662 1789 1737 veri-

362 1806 492 1880 tatem,
518 1806 556 1866 et
581 1789 830 1895 interrogatus
855 1788 903 1865 de
926 1805 1099 1894 tempore
1126 1804 1164 1865 et
1192 1788 1309 1866 modo
1339 1815 1405 1865 sue
1428 1788 1675 1894 recepcionis,
1696 1789 1789 1868 dixit

361 1951 430 2027 per
440 1923 697 2029 juramentum
725 1947 836 1997 suum
865 1919 970 2025 quod
989 1934 1078 1997 sunt
1099 1919 1196 1995 bene
1220 1918 1373 2025 triginta
1397 1934 1541 2023 septem
1559 1917 1617 1997 vel
1636 1920 1789 2028 triginta

363 2068 449 2129 octo
470 2052 556 2129 anni
572 2050 686 2155 elapsi
700 2049 759 2126 vel
772 2050 866 2126 circa
880 2049 986 2155 quod
1000 2047 1073 2125 suit
1092 2065 1264 2155 receptus
1277 2049 1317 2125 in
1331 2048 1466 2126 ordine
1483 2050 1785 2157 Templariorum

364 2182 463 2289 apud
482 2182 665 2287 Stampas,
687 2208 757 2287 per
774 2179 926 2258 fratrem
944 2178 1173 2257 amalricum
1195 2179 1242 2258 de
1260 2179 1403 2270 Rocba,
1425 2181 1662 2288 presentibus
1676 2181 1788 2262 fratre

362 2312 534 2390 Johanne
543 2312 737 2390 Francisco
747 2326 966 2418 preceptore
980 2311 1177 2389 Parisieusi
1189 2329 1226 2390 et
1235 2310 1462 2419 quibusdam
1478 2313 1561 2392 aliis
1570 2315 1636 2421 qui
1647 2320 1787 2395 mortui

364 2439 462 2521 suntss
480 2445 582 2522 Dixit
602 2443 718 2521 eciam
736 2470 805 2548 per
819 2442 1077 2549 juramentum
1092 2469 1203 2521 suum
1217 2444 1339 2551 quod,
1352 2444 1435 2551 ipso
1454 2463 1606 2554 recepto
1624 2464 1663 2525 et
1681 2476 1789 2528 man·

362 2574 455 2654 tello
470 2575 519 2651 ad
538 2575 676 2654 collurn
696 2573 837 2680 posito,
864 2588 1029 2678 aportata
1058 2572 1131 2650 fuit
1152 2573 1222 2651 sibi
1248 2575 1412 2681 quedam
1438 2605 1528 2653 crux
1551 2578 1591 2653 in
1616 2606 1691 2686 qua
1710 2598 1788 2659 erat

362 2734 495 2814 ymago
514 2706 631 2785 Jhesu
651 2705 804 2795 Christi,
828 2721 866 2782 et
886 2702 979 2780 dixit
994 2704 1065 2781 sibi
1086 2704 1189 2783 idem
1207 2725 1379 2813 receptor
1398 2707 1502 2814 quod
1520 2736 1598 2786 non
1618 2710 1789 2789 crederet

364 2837 402 2913 in
416 2836 527 2914 illum
547 2838 653 2945 cujus
671 2864 805 2945 ymago
826 2852 905 2913 erat
923 2834 977 2912 ibi
999 2835 1159 2940 depicta,
1178 2837 1267 2942 quia
1280 2836 1394 2915 salsus
1411 2840 1695 2945 propbetaerat,
1707 2867 1777 2918 nec

365 2986 443 3046 erat
463 2969 576 3048 Deus.
601 2970 649 3045 Et
671 2985 763 3046 tunc
786 2967 875 3045 secit
905 2967 1028 3044 dictus
1055 2966 1240 3073 recipiens
1269 2969 1393 3075 ipsum
1419 2969 1603 3077 abnegare
1630 2971 1786 3050 Jhesum

363 3100 555 3178 Christum
576 3117 645 3189 ter,
673 3125 737 3178 ore
759 3117 798 3177 et
815 3126 890 3177 non
910 3099 1040 3188 corde,
1068 3115 1112 3177 ut
1135 3099 1239 3177 dixit.
1261 3100 1477 3207 Requisitus
1495 3117 1623 3179 utrum
1643 3104 1787 3209 spuerit

363 3259 474 3337 supra
493 3233 611 3337 ipsam
631 3230 859 3338 ymaginem,
891 3228 984 3308 dixit
1007 3257 1076 3335 per
1094 3229 1353 3336 juramentum
1372 3260 1483 3310 suurn
1504 3233 1610 3338 quod
1628 3260 1706 3312 non
1728 3262 1787 3312 re·

364 3362 549 3452 cordatur,
576 3380 613 3441 et
631 3362 750 3441 credit
773 3361 879 3469 quod
897 3361 970 3439 hoc
988 3358 1061 3438 fuit
1085 3360 1155 3440 ista
1174 3362 1223 3438 de
1249 3391 1355 3440 eausa
1375 3364 1464 3472 quia
1489 3363 1715 3444 festinabant
1734 3394 1785 3444 se.

362 3497 612 3602 Interrogatus
634 3495 682 3572 de
701 3494 846 3582 osculo,
868 3492 962 3569 dixit
980 3520 1048 3598 per
1062 3494 1320 3601 juramentum
1339 3525 1452 3573 suum
1471 3496 1576 3602 quod
1599 3495 1786 3574 osculatus

361 3625 434 3703 fuit
453 3626 672 3733 magistrum
687 3626 932 3731 recipientem
947 3624 1072 3729 ipsum
1085 3624 1125 3700 in
1136 3623 1333 3716 umbilic03
1351 3643 1388 3704 et
1403 3625 1543 3702 audivit
1557 3626 1631 3704 dici
1642 3654 1663 3702 a
1674 3624 1787 3702 fratre

363 3755 532 3836 Gerardo
549 3756 597 3833 de
613 3758 770 3837 Sauzeto
793 3771 1012 3863 preceptore
1028 3755 1224 3844 Arvernie,
1241 3756 1307 3863 qui
1324 3755 1416 3832 dixit
1435 3755 1612 3832 fratribus
1629 3756 1787 3834 existen·

362 3888 464 3968 tibus
478 3891 518 3966 in
536 3888 696 3996 capitulo
712 3888 817 3995 quod
832 3885 1002 3976 tenebat,
1018 3887 1124 3993 quod
1140 3886 1278 3966 melius
1292 3905 1372 3967 erat
1383 3916 1424 3965 se
1443 3888 1684 3965 commiscere
1700 3917 1787 3966 cum

363 4016 539 4096 fratribus
558 4020 701 4098 ordinis
718 4047 831 4126 quam
845 4017 1044 4106 libidinem
1063 4045 1236 4097 exercere
1252 4047 1338 4097 curn
1352 4018 1588 4108 mulieribus3
1611 4020 1679 4097 sed
1690 4047 1788 4097 nun·-

362 4175 476 4253 quam
496 4148 600 4239 secit,
622 4177 692 4227 nec
710 4148 782 4226 suit
795 4149 1014 4256 requisitus,
1037 4166 1078 4225 ut
1093 4149 1197 4225 dixit.

419 4279 636 4386 Requisitus
648 4308 717 4386 per
725 4281 986 4388 juramentum
1006 4306 1119 4357 suum
1137 4295 1266 4356 utrum
1285 4280 1471 4386 receperit
1490 4282 1547 4359 vel
1567 4282 1698 4362 iecerit
1716 4284 1786 4361 ali-

362 4410 598 4517 quosfratres
612 4412 651 4487 in
667 4411 799 4488 ordine
812 4409 1000 4517 predicto,
1019 4409 1110 4489 dixit
1128 4438 1196 4518 per
1205 4411 1462 4518 juramentum
1478 4442 1591 4491 suurn
1600 4414 1706 4522 quod
1720 4416 1784 4494 sie.

361 4542 462 4619 Dixit
485 4543 601 4620 eciam
625 4571 694 4649 per
713 4543 972 4650 juramentum
998 4570 1110 4619 suurn
1134 4542 1239 4649 quod
1259 4543 1427 4648 primum
1447 4573 1562 4653 quem
1586 4547 1787 4653 recepicin

362 4673 512 4767 ordine,
529 4675 671 4783 recepit
683 4702 753 4784 per
771 4674 879 4752 illum
899 4675 1057 4753 modum
1073 4704 1142 4783 per
1160 4704 1277 4784 quem
1298 4675 1370 4755 fuit
1387 4695 1577 4785 receptus;
1599 4696 1638 4756 et
1656 4698 1788 4758 omnes

362 4804 453 4885 alios
473 4834 568 4914 quos
587 4807 742 4914 recepit,
773 4807 853 4886 sine
875 4806 1000 4915 aliqua
1020 4807 1270 4917 abnegacione
1290 4808 1349 4887 vel
1369 4810 1563 4917 spuicione
1582 4811 1640 4889 vel
1660 4811 1786 4919 aliquo
