4230 5956
478 484 525 555 ss
864 459 1060 551 esoces
1087 478 1180 549 nus
1204 474 1509 548 rennuens.

478 622 572 698 dens
591 620 696 727 quod
713 618 775 695 alii
794 617 991 723 presbiteri
1012 617 1156 694 ordinis
1175 617 1311 693 eodem
1332 616 1448 692 modo
1466 613 1719 699 celebrarent3
1741 642 1809 689 nec
1829 613 1899 690 luit

477 752 549 830 sibi
575 750 780 829 inhibitum
807 777 877 824 nec
900 748 1043 824 audivit
1066 747 1148 822 aliis
1171 745 1334 822 inhiberi
1361 747 1467 851 quod
1493 772 1569 821 uon
1595 745 1764 820 dicerent
1786 748 1898 823 verba

478 883 642 959 canonis.
660 880 795 958 Statim
816 907 883 984 pro
900 878 1076 984 professis
1090 877 1340 954 habebantur.
1354 876 1595 954 Clandestine
1608 874 1897 981 recipiebantur,

479 1042 521 1089 ex
540 1041 618 1118 quo
632 1011 753 1087 credit
767 1010 873 1116 quod
890 1027 988 1086 esset
1001 1010 1164 1115 suspicio
1179 1026 1306 1084 contra
1322 1034 1398 1085 eos.
1415 1006 1593 1084 Cordulis
1608 1005 1711 1083 unde
1726 1007 1900 1084 volebant

477 1142 675 1247 assumptis
690 1139 934 1246 cingebantur
953 1167 1065 1244 supra
1082 1139 1250 1214 camisias
1270 1167 1357 1214 cum
1372 1137 1513 1243 quibus
1522 1136 1709 1241 jacebant.
1732 1137 1901 1246 lujuuge

476 1273 589 1348 batur
605 1273 660 1348 eis
677 1270 782 1377 quod
802 1295 880 1347 non
897 1269 1106 1346 revelarent
1125 1286 1268 1345 secreta
1287 1266 1555 1374 capitulorum,
1578 1266 1627 1342 de
1644 1267 1762 1343 modo
1779 1296 1900 1374 recep

477 1404 597 1479 rionis
615 1400 763 1507 speciali
784 1429 861 1476 uon
882 1399 1009 1476 habita
1028 1402 1238 1476 mencione.
1261 1399 1465 1476 Dicebatur
1490 1398 1544 1473 eis
1563 1399 1669 1504 quod
1689 1400 1899 1475 sacerdotes

479 1532 622 1609 ordinis
640 1531 830 1606 habebant
848 1557 962 1636 super
981 1558 1046 1607 eos
1061 1530 1241 1636 majorem
1258 1546 1479 1635 potestatem
1503 1556 1617 1634 quam
1632 1527 1710 1615 alii,
1739 1544 1777 1604 et
1796 1531 1897 1635 quod

479 1661 567 1737 ideo
582 1661 772 1737 debebant
788 1661 841 1736 eis
860 1660 1050 1750 confiteri;
1071 1662 1201 1766 etipse
1218 1660 1324 1736 testis
1338 1658 1410 1736 fuit
1425 1659 1608 1765 receptori
1625 1687 1693 1735 suo
1709 1660 1898 1737 consessus

479 1793 526 1868 de
537 1791 761 1898 illicitisque
772 1792 1047 1868 intervenerant
1059 1794 1097 1866 in
1113 1792 1208 1868 dicta
1216 1821 1282 1867 sua
1296 1792 1532 1897 recepcione,
1544 1792 1608 1896 qui
1620 1791 1778 1868 absolvit
1791 1821 1895 1879 eum,

477 1922 651 2028 imposita
670 1922 742 1998 sibi
761 1921 972 2026 penitencia
990 1922 1097 2025 quod
1115 1949 1192 1997 non
1208 1922 1405 1998 interesset
1420 1921 1598 2027 deinceps
1617 1923 1655 1997 iu
1671 1920 1754 1998 loco
1770 1921 1808 1996 in
1823 1950 1897 2027 quo

476 2053 565 2129 talia
585 2052 736 2141 sierent;
754 2068 793 2126 et
811 2050 905 2126 dixit
919 2053 952 2128 ei
969 2052 1089 2159 quod,
1112 2081 1155 2127 ex
1172 2080 1247 2156 quo
1264 2051 1429 2157 predicta
1447 2051 1584 2129 lecerat
1601 2079 1666 2128 ore
1677 2079 1753 2129 non
1768 2053 1895 2140 corde,

478 2211 556 2259 non
576 2183 740 2258 multum
759 2199 985 2286 peccaverat.
1010 2184 1159 2256 Fratres
1176 2182 1334 2257 scientes
1355 2209 1500 2259 errores
1520 2182 1641 2259 dictos
1659 2181 1813 2259 luerunt
1834 2209 1898 2256 ne-

478 2312 663 2420 gligentes
691 2311 779 2416 quia
805 2338 883 2387 non
909 2328 1150 2388 correxemnt
1179 2339 1244 2388 eos
1273 2339 1342 2387 uec
1371 2313 1693 2389 denunciaverunt
1721 2310 1895 2387 Ecclesie.

478 2442 713 2520 Elemosinas
737 2457 776 2516 et
802 2441 1090 2548 hospitalitatem
1120 2442 1212 2518 vidit
1240 2442 1504 2520 convenienter
1532 2442 1613 2519 fieri
1644 2460 1682 2518 et
1708 2442 1840 2518 servari
1859 2443 1897 2515 in

480 2571 657 2649 domibus
671 2574 816 2651 ordinis
830 2574 870 2649 iu
885 2572 1033 2678 quibus·
1044 2573 1181 2649 exstitit
1196 2592 1463 2660 commoratum
1485 2592 1523 2650 et
1541 2573 1613 2651 luit
1627 2575 1661 2649 ei
1680 2590 1896 2679 preceptum

478 2730 545 2808 per
558 2722 791 2810 receptorem
804 2704 909 2811 quod
925 2704 1054 2780 debite
1066 2705 1275 2811 acquireret
1290 2705 1415 2782 ordini
1427 2705 1569 2812 absque
1584 2705 1737 2781 alterius
1749 2703 1895 2809 injuria.

477 2833 628 2911 Audivit
655 2835 728 2911 dici
753 2835 858 2941 quod
882 2834 977 2910 clam
1003 2863 1136 2911 eorum
1157 2835 1330 2941 capitulis
1350 2837 1587 2922 tenebantur,
1616 2835 1730 2911 nullis
1748 2861 1898 2940 presen-

477 2965 580 3040 tibus
598 2965 862 3043 nisilratribus
880 2965 1037 3041 ordinis.
1061 2967 1176 3041 Licita
1191 2984 1230 3041 et
1244 2967 1398 3044 honesta
1414 2967 1584 3043 ordinata
1598 2993 1664 3072 per
1678 2965 1897 3076 Magistrum

478 3123 564 3170 curn
593 3113 780 3173 conventu
809 3094 969 3172 luissent
994 3115 1132 3172 servata
1160 3098 1198 3173 in
1227 3115 1308 3174 toto
1338 3098 1488 3188 ordine,
1511 3115 1638 3175 contra
1660 3124 1775 3203 quern
1796 3121 1898 3171 nunc

479 3224 633 3332 grandia
653 3219 841 3313 scandala,
863 3226 1026 3331 suspicio
1046 3245 1085 3303 et
1104 3227 1253 3304 infamia
1276 3245 1363 3304 sunt
1380 3245 1516 3304 exorta.
1535 3228 1669 3306 Credit
1685 3228 1791 3337 quod
1811 3254 1896 3302 con-

479 3354 610 3430 fessata
631 3383 698 3460 per
715 3385 801 3432 eum
824 3375 948 3433 esseut
966 3375 1054 3434 nota
1074 3358 1252 3435 [ratribus
1273 3360 1433 3448 ordinis,
1461 3378 1499 3435 et
1518 3360 1622 3466 qnod
1644 3387 1799 3466 magnus
1821 3360 1897 3432 bla-

478 3486 595 3599 gister
624 3503 661 3562 et
690 3488 750 3563 alii
775 3487 934 3565 confessi
963 3489 1103 3565 luerint
1130 3489 1292 3597 illaque
1322 3490 1675 3596 littereapostolice
1707 3491 1898 3566 continent

478 3644 544 3691 eos
560 3615 748 3695 confessos
763 3618 876 3695 luisse
896 3638 1022 3696 contra
1042 3621 1234 3709 ordinem,
1253 3621 1302 3697 ad
1317 3618 1425 3729 cujus
1441 3621 1712 3698 deffensionem
1732 3649 1785 3706 se,
1808 3639 1900 3695 tam·

477 3774 591 3852 quam
608 3747 733 3826 latuus
751 3766 789 3824 et
806 3750 981 3855 simplex,
1002 3780 1076 3828 una
1094 3780 1179 3828 cum
1199 3752 1280 3827 aliis
1298 3750 1501 3839 obtulerat,
1523 3751 1618 3827 sicut
1633 3752 1736 3826 dixit.

535 3879 749 3984 Requisitus
765 3880 794 3955 si
809 3882 1096 3988 sicdeposuerat
1111 3910 1238 3989 prece,
1254 3899 1448 3987 precepto,
1464 3882 1616 3969 timore,
1633 3908 1777 3969 amore,
1796 3882 1897 3969 odio,

477 4008 534 4082 vel
548 4011 748 4116 temporali
770 4014 932 4089 comodo
952 4015 1082 4091 habito
1095 4014 1153 4090 vel
1174 4012 1365 4097 habendo,
1387 4013 1583 4117 respondit
1601 4011 1703 4116 quod
1721 4040 1813 4096 non,
1832 4015 1898 4087 sed

478 4167 547 4243 pro
572 4142 723 4218 veritate
749 4144 925 4236 dicends;
947 4147 1006 4223 cui
1034 4144 1106 4222 snit
1127 4143 1336 4251 injunctum
1366 4143 1471 4249 quod
1498 4168 1574 4219 non
1598 4143 1777 4219 revelaret
1805 4144 1900 4219 banc

477 4297 581 4345 suam
603 4270 900 4378 deposiciouem,
916 4302 1117 4383 quousque
1137 4275 1396 4353 attestaciones
1415 4273 1555 4350 fuerint
1575 4271 1774 4380 publicate.

533 4400 867 4483 Acta-lixeruntbec
877 4407 939 4482 die
956 4425 992 4483 et
1004 4408 1087 4484 looo
1099 4408 1289 4513 predictis,
1307 4406 1545 4513 presentibus
1555 4407 1730 4514 magistro
1742 4405 1896 4491 Amisio,

477 4556 538 4603 me
558 4531 814 4610 Floriarnonte
830 4534 1046 4624 Dondedei,
1071 4553 1108 4609 et
1127 4536 1209 4612 aliis
1229 4538 1385 4613 notariis
1402 4563 1511 4644 supra
1528 4536 1665 4614 ultimo
1684 4535 1895 4611 nominatis.

534 4786 620 4860 Post
641 4787 725 4878 hec,
755 4793 816 4868 die
841 4792 1016 4866 Mercurii
1038 4793 1227 4897 sequenti,
1258 4822 1333 4900 que
1358 4793 1429 4870 luit
1449 4820 1520 4872 nvn
1546 4795 1627 4872 dies
1645 4795 1734 4872 dicti
1760 4795 1898 4871 mensis
