4230 5956
642 481 838 573 ruocas
864 503 959 572 nus
986 501 1288 572 1111111115.
1604 511 1671 582 111

255 646 495 724 emissionem
522 660 713 729 votorum,
738 641 905 746 precepit
931 640 1057 718 eidem
1073 640 1179 716 lratri
1201 640 1408 720 Guillelmo
1442 644 1489 721 de
1516 647 1674 726 Mazaies

244 777 358 883 ¹quod
376 775 580 883 abnegaret
597 773 773 860 llre'sunr,
799 788 838 847 et
864 770 968 878 quod
988 789 1142 877 spueret
1169 799 1281 879 super
1300 774 1501 880 qrramdam
1522 805 1671 855 crucem
1783 856 1788 871 ,

253 934 367 1014 quam
387 905 506 984 credit
522 931 604 982 esse
622 899 728 978 illam
744 901 850 1009 juxta
874 929 989 1006 quarn
1018 902 1097 1006 ipse
1117 903 1224 979 testis
1255 921 1424 1008 spueret,
1449 923 1673 985 nontamen

254 1037 473 1114 recordatur
506 1034 536 1112 si
558 1033 680 1110 dictus
711 1031 824 1109 frater
843 1030 1073 1109 Guillelmus
1100 1031 1294 1141 abnegavit
1317 1033 1473 1110 Jhesum
1505 1052 1544 1111 et
1572 1036 1674 1140 spuit

257 1194 371 1272 super
388 1165 446 1242 vel
463 1166 568 1273 justa
591 1162 728 1239 dictam
745 1190 912 1248 crucem3
933 1161 1065 1267 pocius
1081 1179 1207 1238 tamen
1225 1164 1347 1240 credit
1364 1165 1470 1270 quod
1490 1167 1542 1242 sic
1559 1197 1671 1272 quarn

256 1296 495 1373 contrarium.
537 1290 707 1370 Plurium
746 1289 1030 1397 recepcionibus
1074 1319 1150 1367 non
1188 1291 1388 1381 adfuerat,
1428 1295 1524 1371 sicut
1568 1296 1672 1374 dirit.

255 1426 365 1515 Item,
387 1421 603 1529 dicitquod
626 1422 665 1497 in
686 1421 819 1499 ordine
838 1420 1049 1498 celebrabat
1067 1421 1277 1498 secundum
1303 1420 1464 1499 formam
1493 1425 1674 1511 Ecclesia,

254 1572 292 1632 et
304 1554 424 1632 credit
443 1553 548 1660 quod
570 1551 632 1628 alii
648 1551 860 1629 sacerdotes
885 1551 1029 1628 ordinis
1049 1550 1184 1628 eodem
1200 1551 1316 1629 modo
1337 1551 1585 1643 celebrarent,
1608 1583 1676 1630 nec

254 1686 357 1762 scivit
372 1713 442 1761 nec
457 1683 600 1761 audivit
620 1682 847 1761 contrarium
872 1682 1027 1789 precipi.
1056 1681 1189 1760 Credit
1208 1683 1325 1759 eciam
1346 1683 1449 1788 quod
1466 1683 1529 1759 alii
1546 1683 1676 1760 fratres

253 1814 397 1892 ordinis
425 1816 522 1893 bene
543 1814 740 1891 crederent
769 1812 1024 1889 ecclesiasticis
1051 1813 1301 1888 sacramentis.
1332 1813 1466 1888 Statim
1487 1841 1555 1918 pro
1587 1842 1675 1918 pro·

252 1943 358 2022 lessis
378 1943 623 2021 habebantur.
643 1942 883 2021 Clandestine
900 1940 1187 2046 recipiebantur,
1210 1940 1326 2017 nullis
1340 1941 1578 2046 presentibus
1602 1944 1671 2019 uisi

251 2071 429 2149 fratribus
448 2072 609 2161 ordinis,
635 2092 772 2176 ex'quo
792 2069 912 2146 credit
931 2086 1028 2146 esset
1056 2070 1218 2175 suspicio
1237 2085 1366 2145 contra
1396 2097 1471 2147 eos.
1494 2071 1673 2150 Cordulis
1764 2150 1767 2156 ,

252 2201 357 2278 unde
390 2201 567 2279 volebant
602 2200 801 2306 assumptis
829 2200 1087 2305 cingebantur,
1126 2202 1172 2276 de
1205 2201 1382 2278 mandato
1417 2203 1670 2307 superiorum,

252 2359 367 2438 super
389 2331 557 2409 camisias
583 2359 669 2409 cum
688 2328 828 2436 quibus
843 2329 1029 2436 jacebant.
1058 2331 1328 2436 Injungebatur
1360 2360 1429 2436 per
1463 2336 1672 2409 sacramcnss

250 2478 334 2538 tum
360 2490 408 2537 ne
439 2460 647 2538 revelarent
678 2477 818 2536 secreta
848 2459 1098 2566 capitulorum
1130 2489 1201 2536 nec
1233 2463 1392 2538 modum
1420 2463 1669 2567 recepcionis,

252 2592 369 2668 eciam
389 2591 464 2668 illis
483 2589 742 2695 fratribusqui
769 2616 845 2667 non
871 2587 1087 2676 adsuerant,
1113 2606 1151 2665 et
1175 2591 1206 2667 si
1226 2591 1456 2668 contrarium
1477 2591 1667 2681 lecissent,

251 2721 374 2826 puniti
394 2720 566 2814 luissent,
588 2719 657 2798 sed
676 2721 795 2798 nescit
812 2718 986 2827 qualiter.
1017 2721 1128 2806 ltem,
1151 2720 1245 2796 dixit
1273 2718 1380 2826 quod
1414 2722 1460 2796 de
1491 2722 1669 2826 predictis

251 2850 502 2958 abnegacione
521 2867 561 2929 et
579 2849 773 2956 spuicione
792 2878 861 2956 per
877 2877 966 2926 eum
993 2848 1097 2927 lactis
1119 2848 1206 2939 luit,
1235 2847 1331 2925 infra
1360 2865 1445 2926 octo
1465 2849 1545 2927 dies
1569 2880 1588 2927 a
1609 2880 1665 2926 re-

159 2994 163 3001 ‘
249 2982 426 3086 capcione
446 3009 513 3058 sua
540 2998 582 3058 et·
607 2997 808 3087 antequam
837 2978 1060 3067 celebraret,
1086 2979 1276 3057 confessus
1296 2980 1479 3057 Durando
1509 2978 1668 3058 Ancomi

249 3111 463 3217 presbitero
479 3109 636 3188 seculari
654 3109 874 3218 quondam-3
893 3127 986 3188 tunc
1003 3111 1250 3186 commoranti
1271 3110 1310 3187 in
1331 3110 1504 3216 parocbia
1522 3110 1569 3187 de
1589 3111 1669 3187 Sel-

248 3241 313 3330 lis,
343 3242 408 3348 qui
433 3240 556 3318 noluit
580 3269 668 3319 eum
697 3239 888 3319 absolvere
917 3257 1072 3347 propter
1102 3240 1376 3318 immanitatem
1402 3241 1587 3331 criminis,
1610 3270 1665 3318 re-

161 3389 164 3393 “
248 3373 403 3448 mittens
424 3400 510 3448 eum
540 3371 588 3448 ad
612 3370 807 3479 judicium
826 3370 1077 3459 discrecioris;
1102 3389 1257 3477 propter
1289 3371 1395 3478 quod
1429 3372 1531 3448 idern
1565 3375 1669 3449 testis

249 3499 341 3590 fuit,
363 3500 459 3577 infra
492 3502 585 3578 alios
617 3517 703 3578 octo
735 3500 831 3593 dies,
860 3501 909 3579 de
937 3501 1117 3608 predictis
1145 3501 1336 3579 consessus
1369 3503 1469 3608 apud
1490 3503 1666 3581 Sanctum

246 3630 406 3708 Elorum
431 3633 581 3709 cuidam
608 3631 712 3709 lratri
732 3631 890 3723 Minori,
918 3631 1026 3738 cujus
1047 3660 1187 3710 nomen
1213 3647 1252 3709 et
1267 3659 1477 3738 cognomen
1506 3631 1667 3740 ignorat,

252 3778 290 3836 et
306 3778 639 3866 quemmortuum
659 3790 739 3838 esse
754 3761 914 3854 audivit,
929 3790 1042 3868 aquo
1063 3760 1258 3839 absolutus
1278 3761 1413 3848 extitit,
1437 3778 1474 3837 et
1487 3759 1671 3867 jejunavit

250 3891 406 3998 inpane
428 3909 466 3968 et
485 3920 580 3999 aqua
599 3908 720 3969 sertas
746 3892 859 3970 serias
882 3920 950 3998 per
974 3920 1094 3968 unum
1120 3920 1279 3983 annum,
1306 3891 1403 3968 sicut
1422 3887 1604 3993 imposuit
1621 3890 1668 3965 ei.

250 4020 400 4097 Fratres
415 4021 578 4099 scientes
600 4050 746 4100 errores
776 4022 933 4099 luerunt
952 4021 1183 4131 negligentes
1205 4021 1294 4127 quia
1320 4047 1398 4098 nou
1429 4035 1670 4095 correxerunt

250 4176 405 4224 cosnec
435 4151 757 4228 denunciaverunt
781 4151 956 4230 Ecclesia.
976 4152 1211 4230 Elemosinas
1243 4166 1282 4226 et
1307 4147 1597 4255 hospitalitatem
1618 4151 1670 4225 vi-

247 4278 308 4355 dit
335 4281 599 4356 convenienter
627 4280 709 4358 lieri
736 4298 775 4358 et
798 4282 933 4358 servari
957 4282 996 4357 in
1016 4282 1115 4357 dicta
1135 4281 1251 4357 domo
1271 4278 1310 4355 in
1329 4306 1406 4386 qua
1430 4279 1550 4356 extitit
1567 4307 1670 4358 rom-

248 4423 433 4494 moratus,
457 4424 495 4484 et
522 4409 799 4516 precipiebatur
827 4409 881 4487 eis
909 4410 1014 4516 quod
1038 4411 1140 4519 juste
1172 4409 1406 4516 acquirerent
1430 4407 1567 4486 ordini.
1600 4407 1670 4486 Or-

247 4537 377 4614 dinata
397 4562 465 4640 per
489 4537 710 4645 Magistrum
728 4567 814 4616 curn
827 4555 1014 4617 conventu
1031 4557 1210 4617 servasset
1221 4557 1325 4619 totus
1345 4538 1456 4629 ordo,
1473 4555 1510 4615 et
1527 4537 1670 4641 audivit

250 4666 324 4743 dici
356 4663 575 4770 frequenter
602 4667 834 4747 alratribus
867 4669 1030 4759 ordinis,
1050 4670 1100 4747 de
1128 4668 1268 4776 quibus
1300 4696 1376 4747 non
1395 4665 1545 4755 recolit,
1565 4666 1672 4774 quod

247 4821 394 4873 errores
419 4796 622 4877 ,contemti
648 4827 717 4903 per
733 4827 826 4878 oum
847 4799 1000 4877 luerunt
1019 4800 1224 4877 introducti
1245 4800 1286 4876 in
1304 4797 1438 4877 ordine
1473 4812 1559 4903 post
1587 4797 1671 4877 obi·

1475 4957 1523 5018 ¹7·
