<?xml version="1.0" encoding="UTF-8"?>
<!DOCTYPE html PUBLIC "-//W3C//DTD XHTML 1.0 Transitional//EN"
    "http://www.w3.org/TR/xhtml1/DTD/xhtml1-transitional.dtd">
<html xmlns="http://www.w3.org/1999/xhtml" xml:lang="en" lang="en">
 <head>
  <title>
</title>
<meta http-equiv="Content-Type" content="text/html;charset=utf-8" />
  <meta name='ocr-system' content='tesseract 3.04.00' />
  <meta name='ocr-capabilities' content='ocr_page ocr_carea ocr_par ocr_line ocrx_word'/>
</head>
<body>
  <div class='ocr_page' id='page_1' title='image "./procsdestemplie01defegoog/procsdestemplie01defegoog_0066.png"; bbox 0 0 4230 5956; ppageno 0'>
   <div class='ocr_carea' id='block_1_1' title="bbox 340 453 1375 550">
    <p class='ocr_par' dir='ltr' id='par_1_1' title="bbox 340 453 1375 550">
     <span class='ocr_line' id='line_1_1' title="bbox 340 453 1375 550; baseline -0.004 0"><span class='ocrx_word' id='word_1_1' title='bbox 340 476 387 550; x_wconf 83' lang='lat' dir='ltr'>ao</span> <span class='ocrx_word' id='word_1_2' title='bbox 726 453 922 549; x_wconf 71' lang='lat' dir='ltr'>raucas</span> <span class='ocrx_word' id='word_1_3' title='bbox 948 477 1043 548; x_wconf 81' lang='lat' dir='ltr'>nus</span> <span class='ocrx_word' id='word_1_4' title='bbox 1070 475 1375 548; x_wconf 81' lang='lat' dir='ltr'>rnuemnas.</span> 
     </span>
    </p>
   </div>
   <div class='ocr_carea' id='block_1_2' title="bbox 266 615 1849 4804">
    <p class='ocr_par' dir='ltr' id='par_1_2' title="bbox 266 615 1849 4804">
     <span class='ocr_line' id='line_1_2' title="bbox 336 615 1769 724; baseline 0.001 -31"><span class='ocrx_word' id='word_1_5' title='bbox 336 615 566 723; x_wconf 84' lang='lat' dir='ltr'>presbitero,</span> <span class='ocrx_word' id='word_1_6' title='bbox 588 615 741 693; x_wconf 79' lang='lat' dir='ltr'>Matheo</span> <span class='ocrx_word' id='word_1_7' title='bbox 763 616 809 694; x_wconf 89' lang='lat' dir='ltr'>de</span> <span class='ocrx_word' id='word_1_8' title='bbox 826 616 978 693; x_wconf 89' lang='lat' dir='ltr'>Tilheio</span> <span class='ocrx_word' id='word_1_9' title='bbox 998 618 1163 695; x_wconf 82' lang='lat' dir='ltr'>et-Petro</span> <span class='ocrx_word' id='word_1_10' title='bbox 1182 618 1230 695; x_wconf 89' lang='lat' dir='ltr'>de</span> <span class='ocrx_word' id='word_1_11' title='bbox 1250 618 1420 724; x_wconf 83' lang='lat' dir='ltr'>Loyson,</span> <span class='ocrx_word' id='word_1_12' title='bbox 1447 615 1513 721; x_wconf 92' lang='lat' dir='ltr'>qui</span> <span class='ocrx_word' id='word_1_13' title='bbox 1534 616 1707 696; x_wconf 87' lang='lat' dir='ltr'>Matbeus</span> <span class='ocrx_word' id='word_1_14' title='bbox 1730 636 1769 696; x_wconf 87' lang='lat' dir='ltr'>et</span> 
     </span>
     <span class='ocr_line' id='line_1_3' title="bbox 336 744 1768 855; baseline 0.003 -30"><span class='ocrx_word' id='word_1_15' title='bbox 336 747 470 825; x_wconf 90' lang='lat' dir='ltr'>Petrus</span> <span class='ocrx_word' id='word_1_16' title='bbox 480 744 756 853; x_wconf 87' lang='lat' dir='ltr'>fueruntsupra</span> <span class='ocrx_word' id='word_1_17' title='bbox 767 747 974 824; x_wconf 84' lang='lat' dir='ltr'>examinati.</span> <span class='ocrx_word' id='word_1_18' title='bbox 996 746 1029 824; x_wconf 85' lang='lat' dir='ltr'>A</span> <span class='ocrx_word' id='word_1_19' title='bbox 1043 778 1119 855; x_wconf 95' lang='lat' dir='ltr'>quo</span> <span class='ocrx_word' id='word_1_20' title='bbox 1129 766 1325 855; x_wconf 87' lang='lat' dir='ltr'>receptore</span> <span class='ocrx_word' id='word_1_21' title='bbox 1339 777 1426 840; x_wconf 84' lang='lat' dir='ltr'>cum</span> <span class='ocrx_word' id='word_1_22' title='bbox 1442 747 1618 853; x_wconf 90' lang='lat' dir='ltr'>peciisset</span> <span class='ocrx_word' id='word_1_23' title='bbox 1632 774 1768 854; x_wconf 80' lang='lat' dir='ltr'>panem</span> 
     </span>
     <span class='ocr_line' id='line_1_4' title="bbox 339 878 1768 987; baseline 0.001 -29"><span class='ocrx_word' id='word_1_24' title='bbox 339 897 377 959; x_wconf 89' lang='lat' dir='ltr'>et</span> <span class='ocrx_word' id='word_1_25' title='bbox 388 907 524 986; x_wconf 90' lang='lat' dir='ltr'>aquam</span> <span class='ocrx_word' id='word_1_26' title='bbox 539 895 577 954; x_wconf 91' lang='lat' dir='ltr'>et</span> <span class='ocrx_word' id='word_1_27' title='bbox 591 878 807 955; x_wconf 88' lang='lat' dir='ltr'>societatem</span> <span class='ocrx_word' id='word_1_28' title='bbox 825 878 985 967; x_wconf 85' lang='lat' dir='ltr'>ordinis,</span> <span class='ocrx_word' id='word_1_29' title='bbox 1003 897 1040 956; x_wconf 93' lang='lat' dir='ltr'>et</span> <span class='ocrx_word' id='word_1_30' title='bbox 1058 880 1228 986; x_wconf 90' lang='lat' dir='ltr'>predicto</span> <span class='ocrx_word' id='word_1_31' title='bbox 1244 880 1278 956; x_wconf 94' lang='lat' dir='ltr'>ei</span> <span class='ocrx_word' id='word_1_32' title='bbox 1293 880 1398 987; x_wconf 91' lang='lat' dir='ltr'>quod</span> <span class='ocrx_word' id='word_1_33' title='bbox 1410 879 1508 957; x_wconf 91' lang='lat' dir='ltr'>bene</span> <span class='ocrx_word' id='word_1_34' title='bbox 1525 879 1768 974; x_wconf 81' lang='lat' dir='ltr'>deliberaret,</span> 
     </span>
     <span class='ocr_line' id='line_1_5' title="bbox 266 991 1768 1120; baseline 0 -29"><span class='ocrx_word' id='word_1_35' title='bbox 266 1086 269 1091; x_wconf 88' lang='lat'>.</span> <span class='ocrx_word' id='word_1_36' title='bbox 337 1013 427 1120; x_wconf 89' lang='lat' dir='ltr'>quia</span> <span class='ocrx_word' id='word_1_37' title='bbox 443 1027 635 1117; x_wconf 85' lang='lat' dir='ltr'>oporteret</span> <span class='ocrx_word' id='word_1_38' title='bbox 650 1040 738 1087; x_wconf 91' lang='lat' dir='ltr'>eum</span> <span class='ocrx_word' id='word_1_39' title='bbox 757 1010 938 1088; x_wconf 87' lang='lat' dir='ltr'>voluntati</span> <span class='ocrx_word' id='word_1_40' title='bbox 959 1011 1094 1119; x_wconf 85' lang='lat' dir='ltr'>subjici</span> <span class='ocrx_word' id='word_1_41' title='bbox 1114 1011 1255 1105; x_wconf 86' lang='lat' dir='ltr'>aliene,</span> <span class='ocrx_word' id='word_1_42' title='bbox 1277 1029 1316 1090; x_wconf 89' lang='lat' dir='ltr'>et</span> <span class='ocrx_word' id='word_1_43' title='bbox 1334 1011 1452 1095; x_wconf 89' lang='lat' dir='ltr'>multa</span> <span class='ocrx_word' id='word_1_44' title='bbox 1475 1012 1570 1089; x_wconf 91' lang='lat' dir='ltr'>dura</span> <span class='ocrx_word' id='word_1_45' title='bbox 1586 991 1768 1120; x_wconf 77' lang='lat' dir='ltr'>etaspera</span> 
     </span>
     <span class='ocr_line' id='line_1_6' title="bbox 338 1139 1769 1253; baseline 0 -30"><span class='ocrx_word' id='word_1_46' title='bbox 338 1145 538 1234; x_wconf 90' lang='lat' dir='ltr'>sustinere,</span> <span class='ocrx_word' id='word_1_47' title='bbox 568 1143 826 1234; x_wconf 85' lang='lat' dir='ltr'>concessisset,</span> <span class='ocrx_word' id='word_1_48' title='bbox 852 1139 941 1218; x_wconf 88' lang='lat' dir='ltr'>fecit</span> <span class='ocrx_word' id='word_1_49' title='bbox 967 1172 1054 1223; x_wconf 82' lang='lat' dir='ltr'>euni</span> <span class='ocrx_word' id='word_1_50' title='bbox 1075 1173 1208 1222; x_wconf 90' lang='lat' dir='ltr'>vovere</span> <span class='ocrx_word' id='word_1_51' title='bbox 1229 1161 1268 1221; x_wconf 90' lang='lat' dir='ltr'>et</span> <span class='ocrx_word' id='word_1_52' title='bbox 1283 1145 1410 1253; x_wconf 89' lang='lat' dir='ltr'>jurare</span> <span class='ocrx_word' id='word_1_53' title='bbox 1430 1143 1653 1234; x_wconf 84' lang='lat' dir='ltr'>castitatem,</span> <span class='ocrx_word' id='word_1_54' title='bbox 1674 1145 1769 1223; x_wconf 72' lang='lat' dir='ltr'>&#39;obe-</span> 
     </span>
     <span class='ocr_line' id='line_1_7' title="bbox 340 1274 1769 1383; baseline 0 -28"><span class='ocrx_word' id='word_1_55' title='bbox 340 1276 544 1363; x_wconf 88' lang='lat' dir='ltr'>dienciam,</span> <span class='ocrx_word' id='word_1_56' title='bbox 571 1274 691 1351; x_wconf 90' lang='lat' dir='ltr'>vivere</span> <span class='ocrx_word' id='word_1_57' title='bbox 718 1274 797 1350; x_wconf 90' lang='lat' dir='ltr'>sine</span> <span class='ocrx_word' id='word_1_58' title='bbox 823 1274 996 1381; x_wconf 81' lang='lat' dir='ltr'>propri03</span> <span class='ocrx_word' id='word_1_59' title='bbox 1023 1293 1061 1352; x_wconf 92' lang='lat' dir='ltr'>et</span> <span class='ocrx_word' id='word_1_60' title='bbox 1086 1275 1264 1383; x_wconf 89' lang='lat' dir='ltr'>imposito</span> <span class='ocrx_word' id='word_1_61' title='bbox 1297 1276 1369 1354; x_wconf 91' lang='lat' dir='ltr'>sibi</span> <span class='ocrx_word' id='word_1_62' title='bbox 1397 1275 1593 1364; x_wconf 92' lang='lat' dir='ltr'>mantell0,</span> <span class='ocrx_word' id='word_1_63' title='bbox 1623 1277 1702 1383; x_wconf 89' lang='lat' dir='ltr'>ipsc</span> <span class='ocrx_word' id='word_1_64' title='bbox 1730 1295 1769 1355; x_wconf 88' lang='lat' dir='ltr'>et</span> 
     </span>
     <span class='ocr_line' id='line_1_8' title="bbox 337 1405 1770 1514; baseline 0.002 -30"><span class='ocrx_word' id='word_1_65' title='bbox 337 1406 469 1484; x_wconf 85' lang='lat' dir='ltr'>fratres</span> <span class='ocrx_word' id='word_1_66' title='bbox 479 1424 641 1484; x_wconf 87' lang='lat' dir='ltr'>astantes</span> <span class='ocrx_word' id='word_1_67' title='bbox 653 1405 809 1484; x_wconf 83' lang='lat' dir='ltr'>luerunt</span> <span class='ocrx_word' id='word_1_68' title='bbox 821 1436 909 1484; x_wconf 90' lang='lat' dir='ltr'>eum</span> <span class='ocrx_word' id='word_1_69' title='bbox 925 1407 1083 1485; x_wconf 91' lang='lat' dir='ltr'>osculati</span> <span class='ocrx_word' id='word_1_70' title='bbox 1098 1409 1137 1484; x_wconf 93' lang='lat' dir='ltr'>in</span> <span class='ocrx_word' id='word_1_71' title='bbox 1154 1438 1230 1486; x_wconf 90' lang='lat' dir='ltr'>ore.</span> <span class='ocrx_word' id='word_1_72' title='bbox 1250 1408 1338 1502; x_wconf 90' lang='lat' dir='ltr'>Quo</span> <span class='ocrx_word' id='word_1_73' title='bbox 1354 1408 1538 1486; x_wconf 86' lang='lat' dir='ltr'>instructo</span> <span class='ocrx_word' id='word_1_74' title='bbox 1554 1409 1770 1514; x_wconf 85' lang='lat' dir='ltr'>quotPater</span> 
     </span>
     <span class='ocr_line' id='line_1_9' title="bbox 338 1538 1768 1648; baseline 0 -31"><span class='ocrx_word' id='word_1_75' title='bbox 338 1555 453 1617; x_wconf 84' lang='lat' dir='ltr'>noster</span> <span class='ocrx_word' id='word_1_76' title='bbox 469 1568 538 1646; x_wconf 93' lang='lat' dir='ltr'>pro</span> <span class='ocrx_word' id='word_1_77' title='bbox 558 1539 663 1616; x_wconf 90' lang='lat' dir='ltr'>horis</span> <span class='ocrx_word' id='word_1_78' title='bbox 687 1538 765 1616; x_wconf 88' lang='lat' dir='ltr'>suis</span> <span class='ocrx_word' id='word_1_79' title='bbox 785 1538 928 1614; x_wconf 88' lang='lat' dir='ltr'>diceret</span> <span class='ocrx_word' id='word_1_80' title='bbox 948 1555 986 1616; x_wconf 88' lang='lat' dir='ltr'>et</span> <span class='ocrx_word' id='word_1_81' title='bbox 1012 1538 1175 1645; x_wconf 89' lang='lat' dir='ltr'>qualiter</span> <span class='ocrx_word' id='word_1_82' title='bbox 1194 1540 1234 1616; x_wconf 93' lang='lat' dir='ltr'>in</span> <span class='ocrx_word' id='word_1_83' title='bbox 1252 1539 1388 1616; x_wconf 91' lang='lat' dir='ltr'>ordine</span> <span class='ocrx_word' id='word_1_84' title='bbox 1409 1568 1449 1616; x_wconf 89' lang='lat' dir='ltr'>se</span> <span class='ocrx_word' id='word_1_85' title='bbox 1473 1556 1637 1648; x_wconf 89' lang='lat' dir='ltr'>regeret,</span> <span class='ocrx_word' id='word_1_86' title='bbox 1664 1567 1768 1617; x_wconf 87' lang='lat' dir='ltr'>rece-</span> 
     </span>
     <span class='ocr_line' id='line_1_10' title="bbox 338 1668 1767 1778; baseline -0.001 -31"><span class='ocrx_word' id='word_1_87' title='bbox 338 1670 517 1748; x_wconf 90' lang='lat' dir='ltr'>dentibus</span> <span class='ocrx_word' id='word_1_88' title='bbox 543 1669 723 1777; x_wconf 88' lang='lat' dir='ltr'>predictis</span> <span class='ocrx_word' id='word_1_89' title='bbox 747 1668 950 1760; x_wconf 88' lang='lat' dir='ltr'>lratribus,</span> <span class='ocrx_word' id='word_1_90' title='bbox 980 1672 1148 1778; x_wconf 82' lang='lat' dir='ltr'>precepit</span> <span class='ocrx_word' id='word_1_91' title='bbox 1176 1671 1300 1749; x_wconf 91' lang='lat' dir='ltr'>eidem</span> <span class='ocrx_word' id='word_1_92' title='bbox 1323 1672 1431 1763; x_wconf 88' lang='lat' dir='ltr'>testi,</span> <span class='ocrx_word' id='word_1_93' title='bbox 1461 1671 1665 1749; x_wconf 90' lang='lat' dir='ltr'>ostendens</span> <span class='ocrx_word' id='word_1_94' title='bbox 1694 1669 1767 1748; x_wconf 89' lang='lat' dir='ltr'>sibi</span> 
     </span>
     <span class='ocr_line' id='line_1_11' title="bbox 338 1800 1766 1910; baseline -0.001 -31"><span class='ocrx_word' id='word_1_95' title='bbox 338 1802 542 1908; x_wconf 87' lang='lat' dir='ltr'>quamdam</span> <span class='ocrx_word' id='word_1_96' title='bbox 556 1831 707 1879; x_wconf 89' lang='lat' dir='ltr'>crucem</span> <span class='ocrx_word' id='word_1_97' title='bbox 723 1800 909 1909; x_wconf 85' lang='lat' dir='ltr'>ligneam</span> <span class='ocrx_word' id='word_1_98' title='bbox 899 1830 938 1879; x_wconf 88' lang='lat' dir='ltr'>rn</span> <span class='ocrx_word' id='word_1_99' title='bbox 952 1831 1026 1909; x_wconf 92' lang='lat' dir='ltr'>qua</span> <span class='ocrx_word' id='word_1_100' title='bbox 1041 1801 1145 1880; x_wconf 89' lang='lat' dir='ltr'>nulla</span> <span class='ocrx_word' id='word_1_101' title='bbox 1159 1819 1238 1879; x_wconf 91' lang='lat' dir='ltr'>erat</span> <span class='ocrx_word' id='word_1_102' title='bbox 1247 1831 1381 1910; x_wconf 79' lang='lat' dir='ltr'>ymago</span> <span class='ocrx_word' id='word_1_103' title='bbox 1395 1802 1588 1892; x_wconf 79' lang='lat' dir='ltr'>crucifixi,</span> <span class='ocrx_word' id='word_1_104' title='bbox 1605 1801 1652 1879; x_wconf 92' lang='lat' dir='ltr'>de</span> <span class='ocrx_word' id='word_1_105' title='bbox 1664 1818 1766 1878; x_wconf 88' lang='lat' dir='ltr'>retro</span> 
     </span>
     <span class='ocr_line' id='line_1_12' title="bbox 338 1933 1767 2043; baseline -0.002 -31"><span class='ocrx_word' id='word_1_106' title='bbox 338 1933 452 2012; x_wconf 89' lang='lat' dir='ltr'>altare</span> <span class='ocrx_word' id='word_1_107' title='bbox 470 1952 678 2040; x_wconf 89' lang='lat' dir='ltr'>acceptam,</span> <span class='ocrx_word' id='word_1_108' title='bbox 701 1935 807 2041; x_wconf 92' lang='lat' dir='ltr'>quod</span> <span class='ocrx_word' id='word_1_109' title='bbox 819 1934 1022 2042; x_wconf 85' lang='lat' dir='ltr'>abnegaret</span> <span class='ocrx_word' id='word_1_110' title='bbox 1037 1935 1164 2012; x_wconf 88' lang='lat' dir='ltr'>Deum</span> <span class='ocrx_word' id='word_1_111' title='bbox 1180 1951 1219 2012; x_wconf 89' lang='lat' dir='ltr'>et</span> <span class='ocrx_word' id='word_1_112' title='bbox 1233 1951 1387 2043; x_wconf 88' lang='lat' dir='ltr'>spueret</span> <span class='ocrx_word' id='word_1_113' title='bbox 1404 1963 1517 2041; x_wconf 90' lang='lat' dir='ltr'>super</span> <span class='ocrx_word' id='word_1_114' title='bbox 1532 1934 1668 2012; x_wconf 88' lang='lat' dir='ltr'>dictam</span> <span class='ocrx_word' id='word_1_115' title='bbox 1682 1962 1767 2009; x_wconf 91' lang='lat' dir='ltr'>cru-</span> 
     </span>
     <span class='ocr_line' id='line_1_13' title="bbox 339 2065 1766 2174; baseline -0.003 -29"><span class='ocrx_word' id='word_1_116' title='bbox 339 2095 441 2158; x_wconf 79' lang='lat' dir='ltr'>cem3</span> <span class='ocrx_word' id='word_1_117' title='bbox 463 2083 502 2142; x_wconf 92' lang='lat' dir='ltr'>et</span> <span class='ocrx_word' id='word_1_118' title='bbox 520 2066 602 2171; x_wconf 91' lang='lat' dir='ltr'>ipso</span> <span class='ocrx_word' id='word_1_119' title='bbox 622 2082 717 2144; x_wconf 90' lang='lat' dir='ltr'>teste</span> <span class='ocrx_word' id='word_1_120' title='bbox 737 2067 990 2173; x_wconf 87' lang='lat' dir='ltr'>respondente</span> <span class='ocrx_word' id='word_1_121' title='bbox 1015 2067 1118 2174; x_wconf 89' lang='lat' dir='ltr'>quod</span> <span class='ocrx_word' id='word_1_122' title='bbox 1138 2066 1246 2143; x_wconf 91' lang='lat' dir='ltr'>nullo</span> <span class='ocrx_word' id='word_1_123' title='bbox 1267 2067 1383 2144; x_wconf 89' lang='lat' dir='ltr'>modo</span> <span class='ocrx_word' id='word_1_124' title='bbox 1404 2065 1605 2174; x_wconf 86' lang='lat' dir='ltr'>abnegaret</span> <span class='ocrx_word' id='word_1_125' title='bbox 1622 2081 1766 2142; x_wconf 87' lang='lat' dir='ltr'>creato·</span> 
     </span>
     <span class='ocr_line' id='line_1_14' title="bbox 340 2196 1766 2304; baseline -0.002 -31"><span class='ocrx_word' id='word_1_126' title='bbox 340 2225 422 2273; x_wconf 84' lang='lat' dir='ltr'>rein</span> <span class='ocrx_word' id='word_1_127' title='bbox 447 2225 577 2287; x_wconf 88' lang='lat' dir='ltr'>suum,</span> <span class='ocrx_word' id='word_1_128' title='bbox 604 2196 757 2274; x_wconf 79' lang='lat' dir='ltr'>diriter</span> <span class='ocrx_word' id='word_1_129' title='bbox 781 2199 888 2304; x_wconf 86' lang='lat' dir='ltr'>quod</span> <span class='ocrx_word' id='word_1_130' title='bbox 912 2199 985 2276; x_wconf 90' lang='lat' dir='ltr'>boc</span> <span class='ocrx_word' id='word_1_131' title='bbox 1012 2198 1211 2304; x_wconf 87' lang='lat' dir='ltr'>oportebat</span> <span class='ocrx_word' id='word_1_132' title='bbox 1230 2227 1320 2276; x_wconf 91' lang='lat' dir='ltr'>eum</span> <span class='ocrx_word' id='word_1_133' title='bbox 1340 2197 1477 2290; x_wconf 84' lang='lat' dir='ltr'>lacere,</span> <span class='ocrx_word' id='word_1_134' title='bbox 1500 2197 1588 2304; x_wconf 82' lang='lat' dir='ltr'>qnia</span> <span class='ocrx_word' id='word_1_135' title='bbox 1607 2197 1686 2302; x_wconf 94' lang='lat' dir='ltr'>ipse</span> <span class='ocrx_word' id='word_1_136' title='bbox 1706 2222 1766 2271; x_wconf 90' lang='lat' dir='ltr'>re-</span> 
     </span>
     <span class='ocr_line' id='line_1_15' title="bbox 341 2326 1768 2436; baseline -0.002 -31"><span class='ocrx_word' id='word_1_137' title='bbox 341 2344 470 2434; x_wconf 88' lang='lat' dir='ltr'>ceptor</span> <span class='ocrx_word' id='word_1_138' title='bbox 488 2327 562 2404; x_wconf 92' lang='lat' dir='ltr'>boc</span> <span class='ocrx_word' id='word_1_139' title='bbox 585 2326 722 2404; x_wconf 82' lang='lat' dir='ltr'>lecerat</span> <span class='ocrx_word' id='word_1_140' title='bbox 747 2328 786 2403; x_wconf 92' lang='lat' dir='ltr'>in</span> <span class='ocrx_word' id='word_1_141' title='bbox 812 2328 1034 2434; x_wconf 88' lang='lat' dir='ltr'>recepcione</span> <span class='ocrx_word' id='word_1_142' title='bbox 1058 2357 1141 2417; x_wconf 80' lang='lat' dir='ltr'>sua3</span> <span class='ocrx_word' id='word_1_143' title='bbox 1168 2346 1206 2405; x_wconf 88' lang='lat' dir='ltr'>et</span> <span class='ocrx_word' id='word_1_144' title='bbox 1228 2345 1320 2406; x_wconf 90' lang='lat' dir='ltr'>tunc</span> <span class='ocrx_word' id='word_1_145' title='bbox 1344 2328 1423 2436; x_wconf 91' lang='lat' dir='ltr'>ipse</span> <span class='ocrx_word' id='word_1_146' title='bbox 1443 2328 1548 2404; x_wconf 87' lang='lat' dir='ltr'>testis</span> <span class='ocrx_word' id='word_1_147' title='bbox 1569 2326 1768 2433; x_wconf 86' lang='lat' dir='ltr'>abnegavit</span> 
     </span>
     <span class='ocr_line' id='line_1_16' title="bbox 339 2439 1763 2568; baseline -0.004 -31"><span class='ocrx_word' id='word_1_148' title='bbox 339 2459 465 2538; x_wconf 91' lang='lat' dir='ltr'>Deum</span> <span class='ocrx_word' id='word_1_149' title='bbox 486 2488 551 2537; x_wconf 91' lang='lat' dir='ltr'>ore</span> <span class='ocrx_word' id='word_1_150' title='bbox 575 2487 652 2536; x_wconf 92' lang='lat' dir='ltr'>non</span> <span class='ocrx_word' id='word_1_151' title='bbox 672 2459 802 2549; x_wconf 90' lang='lat' dir='ltr'>corde,</span> <span class='ocrx_word' id='word_1_152' title='bbox 826 2478 863 2537; x_wconf 92' lang='lat' dir='ltr'>et</span> <span class='ocrx_word' id='word_1_153' title='bbox 881 2460 983 2566; x_wconf 87' lang='lat' dir='ltr'>spuit</span> <span class='ocrx_word' id='word_1_154' title='bbox 1002 2489 1079 2537; x_wconf 93' lang='lat' dir='ltr'>non</span> <span class='ocrx_word' id='word_1_155' title='bbox 1100 2489 1210 2568; x_wconf 92' lang='lat' dir='ltr'>supra</span> <span class='ocrx_word' id='word_1_156' title='bbox 1234 2458 1302 2537; x_wconf 88' lang='lat' dir='ltr'>sed</span> <span class='ocrx_word' id='word_1_157' title='bbox 1315 2439 1422 2567; x_wconf 81' lang='lat' dir='ltr'>juxta</span> <span class='ocrx_word' id='word_1_158' title='bbox 1442 2457 1580 2533; x_wconf 86' lang='lat' dir='ltr'>dictam</span> <span class='ocrx_word' id='word_1_159' title='bbox 1600 2485 1763 2533; x_wconf 88' lang='lat' dir='ltr'>crucem.</span> 
     </span>
     <span class='ocr_line' id='line_1_17' title="bbox 340 2590 1765 2702; baseline -0.003 -34"><span class='ocrx_word' id='word_1_160' title='bbox 340 2592 523 2698; x_wconf 91' lang='lat' dir='ltr'>Postque</span> <span class='ocrx_word' id='word_1_161' title='bbox 550 2592 715 2698; x_wconf 86' lang='lat' dir='ltr'>precepit</span> <span class='ocrx_word' id='word_1_162' title='bbox 739 2592 864 2702; x_wconf 88' lang='lat' dir='ltr'>eidem</span> <span class='ocrx_word' id='word_1_163' title='bbox 888 2593 974 2669; x_wconf 90' lang='lat' dir='ltr'>testi</span> <span class='ocrx_word' id='word_1_164' title='bbox 996 2592 1102 2699; x_wconf 87' lang='lat' dir='ltr'>quod</span> <span class='ocrx_word' id='word_1_165' title='bbox 1127 2590 1359 2670; x_wconf 89' lang='lat' dir='ltr'>oscularetur</span> <span class='ocrx_word' id='word_1_166' title='bbox 1382 2590 1506 2696; x_wconf 91' lang='lat' dir='ltr'>ipsum</span> <span class='ocrx_word' id='word_1_167' title='bbox 1531 2605 1765 2694; x_wconf 90' lang='lat' dir='ltr'>receptorem</span> 
     </span>
     <span class='ocr_line' id='line_1_18' title="bbox 339 2719 1767 2873; baseline -0.003 -75"><span class='ocrx_word' id='word_1_168' title='bbox 339 2723 379 2799; x_wconf 92' lang='lat' dir='ltr'>in</span> <span class='ocrx_word' id='word_1_169' title='bbox 399 2751 470 2800; x_wconf 90' lang='lat' dir='ltr'>ano</span> <span class='ocrx_word' id='word_1_170' title='bbox 486 2753 495 2799; x_wconf 77' lang='grc' dir='ltr'><strong><em>ε</em></strong></span> <span class='ocrx_word' id='word_1_171' title='bbox 510 2721 584 2800; x_wconf 85' lang='lat' dir='ltr'>fuit</span> <span class='ocrx_word' id='word_1_172' title='bbox 603 2751 692 2799; x_wconf 89' lang='lat' dir='ltr'>eum</span> <span class='ocrx_word' id='word_1_173' title='bbox 713 2722 903 2801; x_wconf 92' lang='lat' dir='ltr'>osculatus</span> <span class='ocrx_word' id='word_1_174' title='bbox 921 2725 1016 2801; x_wconf 91' lang='lat' dir='ltr'>circa</span> <span class='ocrx_word' id='word_1_175' title='bbox 1036 2753 1168 2802; x_wconf 88' lang='lat' dir='ltr'>zonam</span> <span class='ocrx_word' id='word_1_176' title='bbox 1193 2752 1306 2830; x_wconf 92' lang='lat' dir='ltr'>supra</span> <span class='ocrx_word' id='word_1_177' title='bbox 1326 2721 1527 2799; x_wconf 90' lang='lat' dir='ltr'>camisiam.</span> <span class='ocrx_word' id='word_1_178' title='bbox 1557 2719 1638 2799; x_wconf 89' lang='lat' dir='ltr'>Alia</span> <span class='ocrx_word' id='word_1_179' title='bbox 1656 2719 1767 2873; x_wconf 47' lang='grc' dir='ltr'>ψ·</span> 
     </span>
     <span class='ocr_line' id='line_1_19' title="bbox 339 2853 1769 2961; baseline -0.003 -30"><span class='ocrx_word' id='word_1_180' title='bbox 339 2871 444 2931; x_wconf 90' lang='lat' dir='ltr'>nesta</span> <span class='ocrx_word' id='word_1_181' title='bbox 471 2882 556 2932; x_wconf 67' lang='lat' dir='ltr'>non⁴</span> <span class='ocrx_word' id='word_1_182' title='bbox 576 2854 862 2933; x_wconf 90' lang='lat' dir='ltr'>intervenerunt</span> <span class='ocrx_word' id='word_1_183' title='bbox 881 2857 920 2933; x_wconf 95' lang='lat' dir='ltr'>in</span> <span class='ocrx_word' id='word_1_184' title='bbox 941 2857 1039 2933; x_wconf 91' lang='lat' dir='ltr'>dicta</span> <span class='ocrx_word' id='word_1_185' title='bbox 1059 2886 1126 2934; x_wconf 88' lang='lat' dir='ltr'>sua</span> <span class='ocrx_word' id='word_1_186' title='bbox 1151 2855 1372 2961; x_wconf 91' lang='lat' dir='ltr'>recepcione</span> <span class='ocrx_word' id='word_1_187' title='bbox 1393 2882 1462 2929; x_wconf 89' lang='lat' dir='ltr'>nec</span> <span class='ocrx_word' id='word_1_188' title='bbox 1481 2868 1584 2959; x_wconf 69' lang='lat' dir='ltr'>post,</span> <span class='ocrx_word' id='word_1_189' title='bbox 1605 2880 1675 2929; x_wconf 91' lang='lat' dir='ltr'>nec</span> <span class='ocrx_word' id='word_1_190' title='bbox 1698 2853 1769 2928; x_wconf 90' lang='lat' dir='ltr'>scit</span> 
     </span>
     <span class='ocr_line' id='line_1_20' title="bbox 340 2982 1765 3094; baseline -0.004 -32"><span class='ocrx_word' id='word_1_191' title='bbox 340 2986 448 3062; x_wconf 85' lang='lat' dir='ltr'>aliter</span> <span class='ocrx_word' id='word_1_192' title='bbox 464 2985 495 3063; x_wconf 91' lang='lat' dir='ltr'>si</span> <span class='ocrx_word' id='word_1_193' title='bbox 509 2987 781 3063; x_wconf 87' lang='lat' dir='ltr'>intervenirent</span> <span class='ocrx_word' id='word_1_194' title='bbox 795 2988 834 3064; x_wconf 91' lang='lat' dir='ltr'>in</span> <span class='ocrx_word' id='word_1_195' title='bbox 849 2988 1135 3094; x_wconf 90' lang='lat' dir='ltr'>recepcionibus</span> <span class='ocrx_word' id='word_1_196' title='bbox 1148 2986 1326 3078; x_wconf 90' lang='lat' dir='ltr'>aliorum,</span> <span class='ocrx_word' id='word_1_197' title='bbox 1344 3014 1413 3062; x_wconf 90' lang='lat' dir='ltr'>nec</span> <span class='ocrx_word' id='word_1_198' title='bbox 1430 2985 1504 3061; x_wconf 92' lang='lat' dir='ltr'>hoc</span> <span class='ocrx_word' id='word_1_199' title='bbox 1520 2983 1662 3093; x_wconf 81' lang='lat' dir='ltr'>audivit</span> <span class='ocrx_word' id='word_1_200' title='bbox 1674 2982 1765 3073; x_wconf 92' lang='lat' dir='ltr'>dici,</span> 
     </span>
     <span class='ocr_line' id='line_1_21' title="bbox 339 3115 1765 3226; baseline -0.004 -33"><span class='ocrx_word' id='word_1_201' title='bbox 339 3146 411 3194; x_wconf 91' lang='lat' dir='ltr'>nec</span> <span class='ocrx_word' id='word_1_202' title='bbox 434 3117 503 3193; x_wconf 92' lang='lat' dir='ltr'>scit</span> <span class='ocrx_word' id='word_1_203' title='bbox 528 3116 634 3224; x_wconf 91' lang='lat' dir='ltr'>quod</span> <span class='ocrx_word' id='word_1_204' title='bbox 653 3147 768 3223; x_wconf 85' lang='lat' dir='ltr'>super</span> <span class='ocrx_word' id='word_1_205' title='bbox 792 3118 865 3196; x_wconf 93' lang='lat' dir='ltr'>boc</span> <span class='ocrx_word' id='word_1_206' title='bbox 888 3119 1032 3209; x_wconf 90' lang='lat' dir='ltr'>credat,</span> <span class='ocrx_word' id='word_1_207' title='bbox 1057 3120 1145 3226; x_wconf 88' lang='lat' dir='ltr'>quia</span> <span class='ocrx_word' id='word_1_208' title='bbox 1164 3147 1300 3226; x_wconf 91' lang='lat' dir='ltr'>parum</span> <span class='ocrx_word' id='word_1_209' title='bbox 1320 3116 1424 3194; x_wconf 84' lang='lat' dir='ltr'>fuit</span> <span class='ocrx_word' id='word_1_210' title='bbox 1416 3145 1455 3193; x_wconf 90' lang='lat' dir='ltr'>rn</span> <span class='ocrx_word' id='word_1_211' title='bbox 1484 3115 1629 3192; x_wconf 89' lang='lat' dir='ltr'>ordine</span> <span class='ocrx_word' id='word_1_212' title='bbox 1655 3115 1765 3204; x_wconf 87' lang='lat' dir='ltr'>Item,</span> 
     </span>
     <span class='ocr_line' id='line_1_22' title="bbox 341 3244 1769 3373; baseline -0.002 -47"><span class='ocrx_word' id='word_1_213' title='bbox 341 3249 437 3326; x_wconf 82' lang='lat' dir='ltr'>dixit</span> <span class='ocrx_word' id='word_1_214' title='bbox 454 3276 493 3325; x_wconf 91' lang='lat' dir='ltr'>se</span> <span class='ocrx_word' id='word_1_215' title='bbox 513 3250 612 3327; x_wconf 90' lang='lat' dir='ltr'>bene</span> <span class='ocrx_word' id='word_1_216' title='bbox 638 3249 790 3328; x_wconf 89' lang='lat' dir='ltr'>credere</span> <span class='ocrx_word' id='word_1_217' title='bbox 812 3250 1068 3330; x_wconf 90' lang='lat' dir='ltr'>ecclesiasticis</span> <span class='ocrx_word' id='word_1_218' title='bbox 1089 3251 1346 3341; x_wconf 89' lang='lat' dir='ltr'>sacramentis,</span> <span class='ocrx_word' id='word_1_219' title='bbox 1371 3266 1409 3325; x_wconf 93' lang='lat' dir='ltr'>et</span> <span class='ocrx_word' id='word_1_220' title='bbox 1431 3247 1536 3354; x_wconf 93' lang='lat' dir='ltr'>quod</span> <span class='ocrx_word' id='word_1_221' title='bbox 1555 3244 1769 3373; x_wconf 38' lang='lat' dir='ltr'>aliixlratrcs</span> 
     </span>
     <span class='ocr_line' id='line_1_23' title="bbox 341 3342 1849 3490; baseline -0.002 -32"><span class='ocrx_word' id='word_1_222' title='bbox 341 3381 554 3474; x_wconf 90' lang='lat' dir='ltr'>crederent,</span> <span class='ocrx_word' id='word_1_223' title='bbox 578 3400 616 3459; x_wconf 86' lang='lat' dir='ltr'>et</span> <span class='ocrx_word' id='word_1_224' title='bbox 630 3383 737 3490; x_wconf 89' lang='lat' dir='ltr'>quod</span> <span class='ocrx_word' id='word_1_225' title='bbox 752 3411 884 3460; x_wconf 90' lang='lat' dir='ltr'>eorum</span> <span class='ocrx_word' id='word_1_226' title='bbox 906 3386 1118 3463; x_wconf 89' lang='lat' dir='ltr'>sacerdotes</span> <span class='ocrx_word' id='word_1_227' title='bbox 1134 3384 1261 3462; x_wconf 87' lang='lat' dir='ltr'>debite</span> <span class='ocrx_word' id='word_1_228' title='bbox 1278 3380 1525 3460; x_wconf 89' lang='lat' dir='ltr'>celebrarent.</span> <span class='ocrx_word' id='word_1_229' title='bbox 1547 3342 1681 3457; x_wconf 80' lang='lat' dir='ltr'>Statim</span> <span class='ocrx_word' id='word_1_230' title='bbox 1698 3404 1768 3484; x_wconf 90' lang='lat' dir='ltr'>pro</span> <span class='ocrx_word' id='word_1_231' title='bbox 1847 3384 1849 3388; x_wconf 79' lang='grc'><strong>’</strong></span> 
     </span>
     <span class='ocr_line' id='line_1_24' title="bbox 340 3507 1768 3623; baseline -0.002 -35"><span class='ocrx_word' id='word_1_232' title='bbox 340 3513 516 3619; x_wconf 85' lang='lat' dir='ltr'>professis</span> <span class='ocrx_word' id='word_1_233' title='bbox 531 3513 780 3592; x_wconf 87' lang='lat' dir='ltr'>habebantur</span> <span class='ocrx_word' id='word_1_234' title='bbox 803 3514 1045 3595; x_wconf 89' lang='lat' dir='ltr'>Clandestine</span> <span class='ocrx_word' id='word_1_235' title='bbox 1064 3516 1354 3623; x_wconf 89' lang='lat' dir='ltr'>recipiebantur,</span> <span class='ocrx_word' id='word_1_236' title='bbox 1377 3541 1418 3590; x_wconf 79' lang='lat' dir='ltr'>ex</span> <span class='ocrx_word' id='word_1_237' title='bbox 1437 3540 1515 3618; x_wconf 91' lang='lat' dir='ltr'>quo</span> <span class='ocrx_word' id='word_1_238' title='bbox 1531 3509 1650 3586; x_wconf 94' lang='lat' dir='ltr'>credit</span> <span class='ocrx_word' id='word_1_239' title='bbox 1663 3507 1768 3621; x_wconf 84' lang='lat' dir='ltr'>quod</span> 
     </span>
     <span class='ocr_line' id='line_1_25' title="bbox 336 3640 1768 3751; baseline -0.004 -30"><span class='ocrx_word' id='word_1_240' title='bbox 336 3661 438 3729; x_wconf 76' lang='lat' dir='ltr'>‚esset</span> <span class='ocrx_word' id='word_1_241' title='bbox 461 3645 623 3751; x_wconf 89' lang='lat' dir='ltr'>suspicio</span> <span class='ocrx_word' id='word_1_242' title='bbox 649 3663 777 3723; x_wconf 91' lang='lat' dir='ltr'>contra</span> <span class='ocrx_word' id='word_1_243' title='bbox 798 3675 873 3725; x_wconf 91' lang='lat' dir='ltr'>eos.</span> <span class='ocrx_word' id='word_1_244' title='bbox 901 3648 1079 3725; x_wconf 86' lang='lat' dir='ltr'>Cordulis</span> <span class='ocrx_word' id='word_1_245' title='bbox 1099 3647 1202 3725; x_wconf 91' lang='lat' dir='ltr'>unde</span> <span class='ocrx_word' id='word_1_246' title='bbox 1221 3644 1399 3722; x_wconf 89' lang='lat' dir='ltr'>volebant</span> <span class='ocrx_word' id='word_1_247' title='bbox 1424 3640 1624 3747; x_wconf 88' lang='lat' dir='ltr'>assumptis</span> <span class='ocrx_word' id='word_1_248' title='bbox 1644 3641 1768 3749; x_wconf 85' lang='lat' dir='ltr'>cinge-</span> 
     </span>
     <span class='ocr_line' id='line_1_26' title="bbox 338 3771 1769 3887; baseline -0.006 -32"><span class='ocrx_word' id='word_1_249' title='bbox 338 3776 477 3860; x_wconf 80' lang='lat' dir='ltr'>bantur</span> <span class='ocrx_word' id='word_1_250' title='bbox 491 3806 603 3885; x_wconf 91' lang='lat' dir='ltr'>supra</span> <span class='ocrx_word' id='word_1_251' title='bbox 616 3778 783 3856; x_wconf 90' lang='lat' dir='ltr'>camisias</span> <span class='ocrx_word' id='word_1_252' title='bbox 796 3807 882 3855; x_wconf 92' lang='lat' dir='ltr'>cum</span> <span class='ocrx_word' id='word_1_253' title='bbox 896 3780 1035 3886; x_wconf 91' lang='lat' dir='ltr'>quibus</span> <span class='ocrx_word' id='word_1_254' title='bbox 1046 3778 1235 3887; x_wconf 91' lang='lat' dir='ltr'>jacebant,</span> <span class='ocrx_word' id='word_1_255' title='bbox 1258 3805 1327 3852; x_wconf 91' lang='lat' dir='ltr'>nec</span> <span class='ocrx_word' id='word_1_256' title='bbox 1343 3775 1411 3853; x_wconf 87' lang='lat' dir='ltr'>scit</span> <span class='ocrx_word' id='word_1_257' title='bbox 1426 3803 1496 3851; x_wconf 88' lang='lat' dir='ltr'>nec</span> <span class='ocrx_word' id='word_1_258' title='bbox 1508 3771 1650 3852; x_wconf 91' lang='lat' dir='ltr'>audivit</span> <span class='ocrx_word' id='word_1_259' title='bbox 1664 3771 1769 3878; x_wconf 92' lang='lat' dir='ltr'>quod</span> 
     </span>
     <span class='ocr_line' id='line_1_27' title="bbox 339 3889 1769 4016; baseline -0.006 -32"><span class='ocrx_word' id='word_1_260' title='bbox 339 3924 534 4016; x_wconf 89' lang='lat' dir='ltr'>tangerent</span> <span class='ocrx_word' id='word_1_261' title='bbox 554 3908 673 4016; x_wconf 86' lang='lat' dir='ltr'>capita</span> <span class='ocrx_word' id='word_1_262' title='bbox 693 3909 908 4016; x_wconf 84' lang='lat' dir='ltr'>ydolorum.</span> <span class='ocrx_word' id='word_1_263' title='bbox 930 3911 1137 3989; x_wconf 87' lang='lat' dir='ltr'>Dicebatur</span> <span class='ocrx_word' id='word_1_264' title='bbox 1158 3910 1211 3986; x_wconf 89' lang='lat' dir='ltr'>eis</span> <span class='ocrx_word' id='word_1_265' title='bbox 1232 3925 1271 3985; x_wconf 92' lang='lat' dir='ltr'>et</span> <span class='ocrx_word' id='word_1_266' title='bbox 1290 3906 1578 3984; x_wconf 84' lang='lat' dir='ltr'>dellendebatur</span> <span class='ocrx_word' id='word_1_267' title='bbox 1599 3930 1646 3979; x_wconf 91' lang='lat' dir='ltr'>ne</span> <span class='ocrx_word' id='word_1_268' title='bbox 1663 3889 1769 3977; x_wconf 82' lang='lat' dir='ltr'>reve-</span> 
     </span>
     <span class='ocr_line' id='line_1_28' title="bbox 339 4032 1770 4188; baseline -0.006 -75"><span class='ocrx_word' id='word_1_269' title='bbox 339 4036 460 4115; x_wconf 91' lang='lat' dir='ltr'>larent</span> <span class='ocrx_word' id='word_1_270' title='bbox 474 4059 615 4118; x_wconf 89' lang='lat' dir='ltr'>secreta</span> <span class='ocrx_word' id='word_1_271' title='bbox 632 4040 882 4188; x_wconf 78' lang='lat' dir='ltr'>capitulorum</span> <span class='ocrx_word' id='word_1_272' title='bbox 900 4070 970 4119; x_wconf 94' lang='lat' dir='ltr'>nec</span> <span class='ocrx_word' id='word_1_273' title='bbox 984 4042 1145 4119; x_wconf 90' lang='lat' dir='ltr'>modum</span> <span class='ocrx_word' id='word_1_274' title='bbox 1164 4068 1230 4116; x_wconf 91' lang='lat' dir='ltr'>sue</span> <span class='ocrx_word' id='word_1_275' title='bbox 1250 4038 1493 4143; x_wconf 90' lang='lat' dir='ltr'>recepcionis.</span> <span class='ocrx_word' id='word_1_276' title='bbox 1516 4034 1555 4113; x_wconf 89' lang='lat' dir='ltr'>Si</span> <span class='ocrx_word' id='word_1_277' title='bbox 1576 4032 1641 4139; x_wconf 91' lang='lat' dir='ltr'>qui</span> <span class='ocrx_word' id='word_1_278' title='bbox 1662 4050 1770 4107; x_wconf 87' lang='lat' dir='ltr'>erant</span> 
     </span>
     <span class='ocr_line' id='line_1_29' title="bbox 341 4165 1771 4277; baseline -0.002 -34"><span class='ocrx_word' id='word_1_279' title='bbox 341 4165 470 4244; x_wconf 82' lang='lat' dir='ltr'>fratres</span> <span class='ocrx_word' id='word_1_280' title='bbox 486 4171 645 4248; x_wconf 87' lang='lat' dir='ltr'>scientes</span> <span class='ocrx_word' id='word_1_281' title='bbox 665 4200 810 4252; x_wconf 90' lang='lat' dir='ltr'>errores</span> <span class='ocrx_word' id='word_1_282' title='bbox 830 4173 870 4251; x_wconf 93' lang='lat' dir='ltr'>in</span> <span class='ocrx_word' id='word_1_283' title='bbox 889 4174 1039 4264; x_wconf 91' lang='lat' dir='ltr'>ordine,</span> <span class='ocrx_word' id='word_1_284' title='bbox 1062 4171 1218 4250; x_wconf 85' lang='lat' dir='ltr'>suerunt</span> <span class='ocrx_word' id='word_1_285' title='bbox 1236 4168 1470 4277; x_wconf 88' lang='lat' dir='ltr'>negligentes</span> <span class='ocrx_word' id='word_1_286' title='bbox 1489 4165 1669 4273; x_wconf 89' lang='lat' dir='ltr'>quianon</span> <span class='ocrx_word' id='word_1_287' title='bbox 1690 4192 1771 4240; x_wconf 94' lang='lat' dir='ltr'>cor·</span> 
     </span>
     <span class='ocr_line' id='line_1_30' title="bbox 340 4295 1770 4443; baseline -0.002 -68"><span class='ocrx_word' id='word_1_288' title='bbox 340 4318 518 4378; x_wconf 86' lang='lat' dir='ltr'>rexerunt</span> <span class='ocrx_word' id='word_1_289' title='bbox 544 4330 608 4381; x_wconf 92' lang='lat' dir='ltr'>eos</span> <span class='ocrx_word' id='word_1_290' title='bbox 630 4333 699 4381; x_wconf 90' lang='lat' dir='ltr'>nec</span> <span class='ocrx_word' id='word_1_291' title='bbox 719 4305 1041 4385; x_wconf 89' lang='lat' dir='ltr'>denunciaverunt</span> <span class='ocrx_word' id='word_1_292' title='bbox 1060 4303 1237 4423; x_wconf 80' lang='lat' dir='ltr'>Ecclesia.</span> <span class='ocrx_word' id='word_1_293' title='bbox 1258 4300 1495 4391; x_wconf 80' lang='lat' dir='ltr'>Elemosinas</span> <span class='ocrx_word' id='word_1_294' title='bbox 1517 4315 1555 4376; x_wconf 92' lang='lat' dir='ltr'>et</span> <span class='ocrx_word' id='word_1_295' title='bbox 1574 4295 1770 4443; x_wconf 43' lang='lat' dir='ltr'>bospite&amp;-</span> 
     </span>
     <span class='ocr_line' id='line_1_31' title="bbox 339 4424 1772 4563; baseline 0.001 -55"><span class='ocrx_word' id='word_1_296' title='bbox 339 4448 454 4510; x_wconf 87' lang='lat' dir='ltr'>tatem</span> <span class='ocrx_word' id='word_1_297' title='bbox 474 4433 567 4510; x_wconf 89' lang='lat' dir='ltr'>vidit</span> <span class='ocrx_word' id='word_1_298' title='bbox 589 4436 856 4513; x_wconf 87' lang='lat' dir='ltr'>convenienter</span> <span class='ocrx_word' id='word_1_299' title='bbox 875 4437 958 4512; x_wconf 88' lang='lat' dir='ltr'>fieri</span> <span class='ocrx_word' id='word_1_300' title='bbox 984 4455 1023 4515; x_wconf 88' lang='lat' dir='ltr'>ct</span> <span class='ocrx_word' id='word_1_301' title='bbox 1034 4424 1201 4563; x_wconf 74' lang='lat' dir='ltr'>sprvari,</span> <span class='ocrx_word' id='word_1_302' title='bbox 1229 4445 1376 4555; x_wconf 67' lang='lat' dir='ltr'>an&#39;JgJ</span> <span class='ocrx_word' id='word_1_303' title='bbox 1343 4434 1425 4541; x_wconf 85' lang='lat' dir='ltr'>ejus</span> <span class='ocrx_word' id='word_1_304' title='bbox 1448 4429 1746 4535; x_wconf 83' lang='lat' dir='ltr'>recepcioneni</span> <span class='ocrx_word' id='word_1_305' title='bbox 1734 4444 1772 4509; x_wconf 73' lang='lat' dir='ltr'>et</span> 
     </span>
     <span class='ocr_line' id='line_1_32' title="bbox 341 4554 1772 4685; baseline -0.003 -47"><span class='ocrx_word' id='word_1_306' title='bbox 341 4581 440 4666; x_wconf 91' lang='lat' dir='ltr'>post,</span> <span class='ocrx_word' id='word_1_307' title='bbox 457 4565 497 4640; x_wconf 92' lang='lat' dir='ltr'>in</span> <span class='ocrx_word' id='word_1_308' title='bbox 511 4566 689 4642; x_wconf 92' lang='lat' dir='ltr'>domibus</span> <span class='ocrx_word' id='word_1_309' title='bbox 703 4565 868 4641; x_wconf 91' lang='lat' dir='ltr'>ordinis</span> <span class='ocrx_word' id='word_1_310' title='bbox 859 4594 898 4640; x_wconf 88' lang='lat' dir='ltr'>rn</span> <span class='ocrx_word' id='word_1_311' title='bbox 913 4554 1087 4685; x_wconf 88' lang='lat' dir='ltr'>quibus</span> <span class='ocrx_word' id='word_1_312' title='bbox 1062 4568 1202 4653; x_wconf 68' lang='lat' dir='ltr'>castitia</span> <span class='ocrx_word' id='word_1_313' title='bbox 1212 4581 1477 4645; x_wconf 90' lang='lat' dir='ltr'>commoratus</span> <span class='ocrx_word' id='word_1_314' title='bbox 1491 4558 1772 4669; x_wconf 80' lang='lat' dir='ltr'>Pracipiebatur</span> 
     </span>
     <span class='ocr_line' id='line_1_33' title="bbox 342 4686 1773 4804; baseline 0.001 -39"><span class='ocrx_word' id='word_1_315' title='bbox 342 4690 513 4797; x_wconf 90' lang='lat' dir='ltr'>eisquod</span> <span class='ocrx_word' id='word_1_316' title='bbox 523 4695 900 4802; x_wconf 82' lang='lat' dir='ltr'>debiteacquirerent</span> <span class='ocrx_word' id='word_1_317' title='bbox 915 4697 1052 4774; x_wconf 91' lang='lat' dir='ltr'>ordini.</span> <span class='ocrx_word' id='word_1_318' title='bbox 1069 4694 1223 4777; x_wconf 82' lang='lat' dir='ltr'>Audivit</span> <span class='ocrx_word' id='word_1_319' title='bbox 1237 4686 1660 4804; x_wconf 49' lang='lat' dir='ltr'>diciquodc&#39;apl&#39;lulias</span> <span class='ocrx_word' id='word_1_320' title='bbox 1640 4690 1773 4798; x_wconf 91' lang='lat' dir='ltr'>-Januis</span> 
     </span>
    </p>
   </div>
   <div class='ocr_carea' id='block_1_3' title="bbox 343 4819 1771 4935">
    <p class='ocr_par' dir='ltr' id='par_1_3' title="bbox 343 4819 1771 4935">
     <span class='ocr_line' id='line_1_34' title="bbox 343 4819 1771 4935; baseline 0.003 -38"><span class='ocrx_word' id='word_1_321' title='bbox 343 4819 495 4912; x_wconf 88' lang='lat' dir='ltr'>clausis,</span> <span class='ocrx_word' id='word_1_322' title='bbox 510 4822 626 4901; x_wconf 91' lang='lat' dir='ltr'>nullis</span> <span class='ocrx_word' id='word_1_323' title='bbox 640 4826 932 4932; x_wconf 89' lang='lat' dir='ltr'>presentibus</span> <span class='ocrx_word' id='word_1_324' title='bbox 895 4858 967 4907; x_wconf 83' lang='lat' dir='ltr'>nrsr</span> <span class='ocrx_word' id='word_1_325' title='bbox 957 4828 1171 4917; x_wconf 82' lang='lat' dir='ltr'>fratribus,</span> <span class='ocrx_word' id='word_1_326' title='bbox 1189 4827 1393 4935; x_wconf 82' lang='lat' dir='ltr'>aliquando</span> <span class='ocrx_word' id='word_1_327' title='bbox 1405 4824 1646 4910; x_wconf 85' lang='lat' dir='ltr'>tenebantur</span> <span class='ocrx_word' id='word_1_328' title='bbox 1665 4821 1771 4900; x_wconf 86' lang='lat' dir='ltr'>valde</span> 
     </span>
    </p>
   </div>
   <div class='ocr_carea' id='block_1_4' title="bbox 0 0 2129 5956">
    <p class='ocr_par' dir='ltr' id='par_1_4' title="bbox 0 0 2129 5956">
     <span class='ocr_line' id='line_1_35' title="bbox 0 0 2129 5956; baseline 0 0"><span class='ocrx_word' id='word_1_329' title='bbox 0 0 2129 5956; x_wconf 95' lang='lat' dir='ltr'> </span> 
     </span>
    </p>
   </div>
  </div>
 </body>
</html>
