4230 5956
646 457 839 550 PROGES
864 474 959 548 DES
983 475 1280 549 TEMPLIER&
1498 508 1503 519 ·
1597 466 1672 552 390

260 647 449 728 parcerem
464 617 531 696 tibi
552 617 591 691 in
612 616 697 695 hoc.
713 654 725 683 ι
742 617 789 693 Et
804 633 896 693 tnnc
914 615 993 720 ipss
1005 615 1252 722 qni-ioquitnr
1269 615 1438 720 promisit
1454 614 1525 692 sibi
1546 618 1618 695 hoc
1634 636 1676 695 et·

254 750 407 857 jurarit,
433 765 469 823 et
487 763 577 824 tnnc
593 745 762 852 pepercit
778 742 848 820 sibi
869 743 941 821 hoc
964 745 1064 821 salvo
1083 744 1206 852 quod,
1236 761 1409 850 cooperta
1431 772 1540 820 cruce
1559 774 1672 825 manu
1843 752 1846 756 ’

260 878 350 957 dicti
371 876 600 983 recipientis,
622 874 711 953 fecit
733 902 820 952 oum
839 900 973 981 spuere
997 903 1107 982 snpra
1130 902 1293 953 manmn.
1322 873 1535 980 Reqniaitus
1558 904 1671 979 quare

258 1008 376 1085 credit
389 1006 494 1112 quod
511 1005 737 1111 pepercisset
750 1003 838 1093 sibi,
868 1004 959 1081 dixit
971 1004 1075 1111 quod
1098 1006 1178 1110 ipse
1200 1021 1237 1080 et
1256 1002 1446 1110 predictus
1472 1003 1676 1081 avuncrdne

258 1165 364 1227 suns,
380 1136 445 1243 qni
461 1152 539 1212 erat
554 1133 744 1213 familiaris
762 1134 860 1240 regis
879 1131 1026 1241 cinglis,
1047 1133 1164 1211 multa
1177 1133 1328 1210 servicia
1343 1131 1507 1209 fecerant
1526 1133 1596 1238 ipsi
1614 1162 1676 1209 re-
1762 1193 1765 1201 .

259 1268 426 1374 cipienti‚
443 1283 481 1343 ct
490 1266 665 1370 precipue
680 1264 758 1370 ipse
770 1264 835 1369 qni
850 1263 1033 1369 {equitnm
1051 1263 1115 1369 qni
1130 1265 1226 1341 inter
1240 1262 1391 1340 servicia
1406 1261 1547 1368 pluries
1560 1256 1671 1341 intro

259 1398 412 1475 dnxerat
425 1423 512 1472 eum
525 1395 564 1471 in
578 1420 722 1471 camera
736 1392 1098 1499 dicti‘regisdngiie
1114 1393 1264 1498 quando
1278 1390 1438 1469 habebat
1452 1389 1676 1469 facerecum-
1742 1406 1745 1413 '

131 1534 133 1539 ’
259 1553 320 1615 eo,
338 1544 377 1602 st
388 1526 535 1602 racione
548 1522 749 1629 juramenti
763 1520 867 1628 qnod
886 1521 1023 1599 fecerat
1034 1551 1073 1599 sc
1095 1522 1282 1600 dicturum
1301 1521 1405 1627 quod
1420 1520 1584 1625 predicta
1599 1514 1670 1599 sibi

257 1656 419 1762 injrmcta
430 1652 588 1730 fecisset.
602 1652 815 1757 acquisitus
823 1678 938 1757 quare
946 1651 1101 1730 tardavit
1108 1653 1234 1729 dicere
1241 1668 1400 1738 tantum,
1413 1649 1502 1754 quia
1516 1649 1606 1726 olias
1617 1679 1670 1727 re·

256 1785 416 1890 quisitus
426 1783 546 1859 fuerat
560 1782 684 1859 dicere
704 1782 910 1869 veritatem,
927 1781 1018 1859 dixit
1035 1782 1140 1888 quod
1154 1810 1222 1886 pro
1235 1810 1280 1859 eo
1295 1783 1383 1886 qnia
1398 1781 1446 1856 de
1466 1779 1566 1857 dicto
1584 1808 1671 1885 peo-

256 1931 336 1990 cam
350 1914 470 1989 iuerat
486 1906 678 1989 confessus
697 1911 846 1988 cuidam
866 1910 1059 2017 capellano
1078 1910 1168 1987 dicti
1184 1909 1343 1997 ordinis,
1361 1926 1398 1987 et
1417 1908 1536 1985 eciam
1549 1909 1670 1991 fuerat

256 2043 455 2117 contrictus
470 2041 692 2145 dcpeccato‚
711 2056 749 2116 st
763 2039 939 2117 credebat
952 2066 1032 2116 osse
1046 2039 1222 2116 veraciter
1232 2039 1442 2144 etplenmie
1457 2039 1668 2127 absolutus,

224 2166 232 2175 ’
256 2172 342 2276 quia
362 2169 498 2247 dicitnr
517 2185 556 2245 et
572 2185 723 2245 tenetur
735 2168 774 2244 in
789 2168 923 2245 ordine
936 2169 1041 2276 quod
1061 2167 1108 2244 de
1126 2167 1320 2274 privilegio
1336 2167 1444 2246 Sedis
1456 2169 1670 2274 Apostolice,

255 2298 433 2405 capellani
455 2299 543 2376 dicti
563 2297 707 2375 ordinis
721 2296 1096 2404 habentpntestatem.
1106 2296 1322 2375 absolvendi
1338 2296 1468 2374 iratrm
1482 2328 1503 2372 n
1518 2298 1670 2405 quibus·

256 2456 415 2535 cumque
430 2429 604 2534 peccatis,
621 2445 657 2504 et
666 2428 770 2532 quod
781 2427 957 2505 credebat
965 2425 1236 2534 quod-predicti
1253 2454 1398 2504 errores
1410 2418 1672 2527 essentemenrj

256 2558 330 2634 dati
356 2576 394 2635 et
409 2560 524 2635 amoti
549 2557 596 2634 de
616 2556 767 2646 ordine,
792 2557 850 2635 vel
869 2555 1051 2635 deberent
1068 2556 1231 2667 brevitpr
1252 2558 1425 2635 mnovcri.
1455 2559 1674 2663 Reqnisitne

254 2705 380 2764 utrum
402 2686 547 2792 aliquos
562 2686 691 2793 fratrm
710 2686 815 2776 iecit,
832 2687 923 2764 dixit
941 2685 1045 2793 quod
1058 2714 1196 2791 paucos
1215 2685 1301 2762 fecit
1314 2712 1428 2762 manu
1447 2688 1613 2791 propria;
1631 2705 1669 2763 et

255 2817 346 2893 dixit
364 2817 468 2922 quod
481 2842 620 2922 paucos
635 2814 721 2895 tecit
733 2833 886 2921 propter
896 2816 1194 2893 inconveniencia
1208 2804 1373 2921 predicta
1388 2842 1462 2919 que
1472 2817 1668 2919 oportebat
1800 2811 1803 2817 ’

254 2947 336 3022 fieri
352 2948 389 3022 in
406 2947 625 3050 recepcione
645 2973 792 3035 eornm3
807 2963 845 3022 et
857 2962 1009 3051 propter
1027 2945 1117 3032 hoc,
1131 2961 1330 3049 postquam
1357 2964 1587 3021 concesserat
1612 2946 1667 3021 eis

254 3074 440 3163 ordinem,
452 3074 610 3152 faciebat
619 3102 684 3153 eos
692 3074 806 3180 recipi
817 3100 887 3180 per
894 3073 1076 3180 quosdam
1091 3090 1326 3177 preceptores
1338 3072 1481 3149 stadios
1497 3073 1572 3150 sibi·
1583 3074 1675 3149 suh·

253 3204 362 3281 ditos.
383 3204 485 3283 Dixit
501 3220 628 3281 tamen
647 3232 715 3308 por
727 3204 982 3310 juramentum
1001 3228 1113 3278 sunm
1132 3201 1238 3306 quod
1258 3228 1372 3278 manu
1394 3204 1665 3308 propriaquin-

253 3360 325 3439 que
352 3333 490 3411 milites
513 3333 609 3411 fecit.
635 3333 850 3438 Requisitns
866 3348 994 3408 utrum
1010 3330 1139 3409 fecerit
1158 3331 1212 3407 eis
1230 3331 1414 3437 abnegare
1437 3332 1664 3410 crucifixum

253 3481 289 3537 et
304 3492 437 3568 spuere
464 3491 575 3569 supra
590 3490 758 3550 crucem,
780 3462 873 3538 dixit
889 3489 960 3568 per
966 3462 1217 3568 juramentum
1241 3489 1352 3539 suum
1374 3462 1476 3566 quod
1500 3464 1667 3567 pepercit

253 3594 305 3668 eis
326 3621 371 3670 eo
392 3593 507 3670 modo
522 3616 598 3696 qno
622 3591 686 3669 itte
700 3593 764 3698 qui
785 3608 976 3697 receperat
990 3619 1078 3668 enm
1102 3590 1172 3668 sibi
1197 3608 1429 3697 pepercerat,
1452 3608 1489 3666 et
1506 3592 1663 3696 contigit

251 3722 356 3826 qnod
380 3751 464 3799 oum
494 3721 656 3826 quadam
679 3720 743 3797 die
766 3737 863 3796 esset
881 3721 920 3795 in
940 3720 1100 3822 quadam
1128 3719 1266 3824 capella
1285 3737 1328 3795 nt
1350 3720 1497 3795 audiret
1512 3720 1661 3796 missam

251 3877 271 3923 a
290 3850 453 3953 quodam
472 3849 581 3926 fratre
601 3865 728 3926 vocato
741 3849 948 3937 Bernardo‚
964 3849 1143 3925 existente
1158 3849 1207 3925 de
1221 3848 1320 3927 dicto
1336 3848 1485 3935 ordine,
1507 3849 1571 3953 qui
1581 3850 1660 3955 jam

252 3993 329 4052 erat
352 3977 527 4055 inductus
549 3977 648 4067 niba,
675 3994 713 4053 et
735 3977 948 4084 expectabat
971 3976 1086 4056 alium
1105 3976 1274 4066 fratrem,
1301 3995 1342 4054 ut
1362 3977 1496 4066 credit,
1522 3996 1563 4054 ut
1577 4005 1663 4055 con·

252 4104 421 4183 [iteretur
437 4106 524 4194 sibi,
548 4106 649 4184 idem
664 4106 776 4185 frater
788 4108 999 4186 Bernardne
1017 4108 1148 4185 videns
1162 4110 1286 4213 ipsum
1299 4108 1364 4215 qui
1376 4108 1554 4214 loquitur,
1568 4109 1661 4185 dixit

251 4234 320 4311 sibi
335 4266 343 4310 :
359 4236 562 4325 momine,
579 4237 699 4314 sciatis
718 4237 821 4342 quod
840 4238 1002 4345 quedam
1021 4239 1251 4317 machinacio
1268 4238 1312 4314 fit
1330 4256 1455 4317 contra
1470 4267 1550 4329 vos,
1573 4240 1660 4345 qnia

246 4366 322 4470 jam
345 4364 553 4443 estfactum
573 4366 764 4472 quoddam
785 4368 960 4472 scriptam
984 4368 1023 4443 in
1050 4368 1346 4473 quomnndatnr
1370 4387 1408 4445 et
1432 4368 1662 4475 significatur

251 4494 425 4601 Magistro
440 4495 581 4573 ordinis
591 4512 629 4573 et
637 4495 717 4573 aliis
726 4496 830 4602 quod
843 4497 883 4575 in
902 4498 1118 4604 recipiendo
1137 4497 1267 4576 batres
1281 4499 1422 4576 ordinis
1440 4526 1518 4577 non
1538 4498 1662 4576 obser·

251 4624 341 4701 vatis
360 4626 516 4704 modum
530 4654 644 4732 quem
663 4625 855 4704 observare
872 4627 1024 4705 debetis.
1044 4665 1056 4695 ι
1076 4630 1124 4705 Et
1140 4646 1229 4706 tunc
1244 4629 1413 4736 cogitarit
1431 4631 1510 4735 ipse
1527 4630 1595 4736 qni.
1607 4629 1668 4707 lo·-

251 4756 380 4860 quitur
394 4755 497 4862 qnod
511 4774 589 4833 erat
600 4773 752 4862 propter
765 4756 837 4834 hoc
848 4757 950 4864 quod
969 4758 1018 4835 ita
1031 4777 1247 4864 pepercerat
1260 4761 1438 4864 predictis
1452 4789 1546 4866 qnos
1558 4789 1661 4851 rece-
