4230 5956
737 432 937 526 senens
962 451 1058 524 nss
1082 450 1381 524 rennuens.
1693 459 1767 533 scs

352 590 499 697 plenius
519 591 769 680 continentur,
791 618 963 668 unacum
980 589 1234 695 suprascriptis
1245 588 1403 667 testibus
1423 607 1460 667 ct
1477 594 1652 697 magistro
1667 595 1767 677 Gau-

352 719 449 796 frido
462 719 650 826 Enguelor
663 719 764 796 dicto
779 717 940 823 Chalop,
956 720 1102 795 notario
1116 717 1287 824 publico,
1302 746 1455 824 presens
1469 720 1636 811 interlui,
1649 753 1706 814 ac,
1719 727 1766 804 de

353 849 526 928 mandato
551 849 783 957 inquisitoris
801 824 1044 955 predictiJin
1064 848 1307 953 hocipublico
1332 848 1580 928 instrumento
1599 881 1659 930 me
1681 855 1769 933 suh-

352 981 480 1086 scripsi
492 981 531 1056 in
541 980 796 1058 testimonium
806 980 1088 1085 premissorum,
1101 979 1270 1087 illudque
1283 980 1389 1088 signo
1403 1008 1488 1057 meo
1504 981 1615 1059 solito
1630 983 1766 1089 signavi

353 1128 513 1217 rogatus.

411 1374 457 1449 Et
481 1398 549 1474 ego
571 1368 772 1450 Gaulridus
790 1370 979 1477 Enguelor
995 1370 1118 1447 dictus
1137 1371 1299 1477 Chalop‚
1321 1371 1475 1449 clericus
1497 1373 1670 1450 Dolensis
1689 1374 1770 1453 dio·

356 1500 463 1589 cesis,
479 1499 677 1605 apostolica
697 1501 914 1577 auctoritate
933 1500 1099 1576 notarius
1118 1500 1307 1606 publicus,
1330 1501 1517 1607 premissis
1538 1504 1714 1582 omnibus
1733 1522 1770 1583 et

354 1627 512 1736 singulis
532 1629 570 1705 in
588 1628 656 1704 hac
674 1629 779 1733 pecie
799 1629 1001 1717 contentis,
1030 1657 1105 1704 una
1125 1658 1210 1705 curn
1232 1630 1339 1707 dictis
1358 1629 1516 1707 testibus
1535 1660 1577 1706 ac
1593 1633 1768 1738 magistro

354 1756 496 1836 Amisio
521 1759 666 1835 notario
682 1757 850 1865 publico,
871 1787 1024 1863 presens
1044 1758 1210 1847 interlui,
1232 1760 1271 1834 in
1291 1760 1549 1837 testimonium
1571 1765 1770 1866 premisso-

354 1917 437 1966 mm
457 1917 518 1965 me
538 1887 748 1993 subscripsi,
776 1906 812 1965 et
829 1888 975 1993 signum
1002 1915 1127 1964 meum
1147 1888 1301 1992 apposui
1322 1905 1541 1965 consuetum
1560 1907 1707 1967 vocatus
1733 1910 1770 1968 et

355 2035 515 2122 rogatus.

410 2280 452 2354 ln
460 2277 598 2356 Christi
611 2277 761 2354 nomine
777 2305 898 2354 amen.
914 2279 1039 2354 Pateat
1052 2277 1233 2354 universis
1246 2306 1314 2384 per
1326 2279 1399 2354 hoc
1411 2306 1563 2384 presens
1577 2279 1770 2384 publicum

356 2408 648 2485 instrumentum
668 2407 769 2514 quod
794 2435 892 2483 anno
912 2407 1066 2484 Domini
1087 2407 1286 2483 millesimo
1305 2409 1566 2486 trecentesimo
1590 2412 1768 2518 septimo,
1839 2488 1841 2501 ,

356 2537 542 2614 indicione
554 2554 674 2645 sexta
690 2564 818 2614 mense
831 2535 1008 2624 octobris,
1024 2537 1195 2613 vicesima
1208 2554 1338 2644 quarta
1358 2537 1418 2614 die
1434 2537 1602 2644 ejusdem
1617 2541 1770 2629 mensis,

356 2666 593 2772 pontificatus
619 2666 835 2743 sanctissimi
862 2666 974 2772 patris
999 2665 1143 2744 domini
1168 2666 1369 2745 Clementis
1394 2667 1515 2743 divina
1534 2668 1772 2772 providencia

356 2824 450 2900 pape
475 2797 597 2902 quinti
627 2824 725 2873 anno
750 2797 934 2884 secundo,
965 2797 1004 2872 in
1026 2796 1188 2902 religiosi
1208 2797 1276 2872 viri
1297 2813 1334 2871 et
1358 2795 1505 2871 honesti
1525 2794 1646 2872 fratris
1667 2797 1772 2876 Guil-

357 2924 464 3000 lermi
491 2925 537 3001 de
559 2926 719 3003 Parisius
743 2926 883 3003 ordinis
901 2925 1196 3013 Predicatorum,
1224 2925 1454 3030 inquisitoris
1477 2924 1640 3001 heretice
1659 2928 1773 3031 pravi·

357 3056 442 3132 tatis
455 3055 494 3130 in
510 3084 625 3163 regno
642 3058 794 3134 Francie
810 3056 1024 3134 auctoritate
1038 3054 1236 3162 apostolica
1252 3056 1437 3162 deputati,
1454 3056 1492 3131 in
1508 3055 1620 3133 domo
1635 3055 1772 3134 milicie

333 3186 503 3290 ‘Templi
534 3186 694 3263 Parisius
719 3214 788 3292 pro
822 3186 1047 3292 inquirendo
1077 3203 1204 3263 contra
1229 3187 1409 3291 quasdam
1432 3214 1608 3291 personas
1632 3186 1773 3265 ibidem

359 3315 553 3395 existentes
569 3316 692 3392 eidem
712 3315 851 3392 delatas
870 3345 983 3422 snper
1003 3317 1103 3392 dicto
1123 3316 1276 3392 crimine
1292 3316 1495 3405 existentis,
1525 3333 1696 3393 nostrum
1710 3346 1774 3423 pu-

356 3442 540 3522 blicorum
571 3448 801 3523 notariorum
821 3463 859 3523 et
876 3444 1194 3551 infrascriptorum
1211 3446 1401 3551 presencia
1427 3445 1671 3551 personaliter
1692 3473 1775 3523 con-

358 3575 506 3653 stitutus
541 3576 653 3654 frater
688 3578 845 3655 Jacobus
876 3577 922 3652 de
952 3576 1075 3681 Molay
1102 3577 1221 3683 major
1249 3578 1424 3683 Magister
1465 3576 1608 3651 ordinis
1636 3575 1773 3651 milicie

358 3706 521 3812 Templi,
538 3707 683 3810 juratus
700 3682 748 3782 ad
764 3723 887 3784 sancta
905 3707 975 3783 Dei
995 3705 1205 3810 Evangelia,
1226 3704 1351 3781 eidem
1369 3703 1556 3808 preposita
1572 3720 1608 3779 et
1626 3703 1672 3778 ab
1692 3704 1773 3808 ipso

359 3836 598 3940 corporaliter
613 3852 726 3924 tacta,
749 3837 871 3913 dicere
892 3836 940 3912 de
960 3864 999 3912 se
1014 3852 1051 3911 et
1070 3835 1151 3911 aliis
1166 3835 1204 3910 in
1222 3862 1329 3909 causa
1348 3832 1437 3909 [idei
1452 3831 1616 3937 plenam,
1633 3859 1774 3909 meram

359 3981 397 4040 et
415 3965 598 4072 integram
613 3967 822 4055 veritatem,
840 3982 876 4042 et
889 3965 1140 4071 interrogatus
1162 3964 1208 4039 de
1224 3981 1394 4068 tempore
1413 3978 1451 4036 et
1463 3961 1575 4036 modo
1593 3961 1774 4068 recepcio

360 4092 418 4168 nis
437 4121 519 4183 sue,
541 4094 633 4170 dixit
652 4124 719 4200 per
733 4097 986 4202 juramentum
1005 4122 1117 4169 snum
1137 4093 1241 4200 quod
1253 4118 1324 4167 nnn
1339 4091 1423 4166 anni
1437 4106 1525 4167 sunt
1541 4089 1654 4195 elapsi
1670 4093 1775 4198 qnod

360 4217 431 4298 luit
454 4240 623 4327 receptus
652 4224 753 4329 apud
771 4223 926 4300 Belnam
952 4221 1137 4299 Eduensis
1163 4219 1336 4306 diocesiS,
1358 4246 1426 4324 per
1445 4218 1595 4296 fratrem
1619 4220 1774 4298 Ymber·

360 4366 442 4427 tum
471 4349 517 4426 de
543 4351 684 4429 Parado
718 4352 893 4441 militem,
914 4349 1149 4456 presentibus
1176 4348 1350 4425 fratribus
1368 4348 1552 4426 Amalrico
1577 4351 1623 4427 de
1643 4353 1775 4457 Ruppe

362 4499 400 4557 et
421 4481 594 4586 pluribus
616 4481 696 4558 aliis
714 4480 891 4559 tratribus
910 4482 958 4558 de
977 4507 1139 4586 quorum
1161 4478 1377 4557 nominibus
1399 4507 1476 4556 non
1502 4478 1644 4557 recolit.
1676 4481 1777 4571 Dixit

363 4611 479 4688 eciam
502 4640 570 4716 per
584 4614 840 4719 juramentum
858 4640 968 4689 suum
988 4610 1107 4717 quod,
1134 4627 1218 4717 post
1236 4608 1370 4686 multas
1384 4610 1648 4714 promissiones
1665 4611 1713 4690 ab
1730 4641 1775 4692 eo

361 4740 472 4819 lactas
492 4772 604 4850 super
622 4742 870 4820 observanciis
889 4760 927 4820 et
941 4742 1087 4822 statutis
1107 4741 1196 4820 dicti
1217 4739 1375 4828 ordinis,
1398 4757 1606 4845 posuerunt
1624 4744 1776 4822 mantel·

468 4899 572 4959 erosis
588 4918 640 4959 nns
655 4916 827 4959 rsursrsns.
843 4933 884 4944 -
900 4917 933 4957 ιι.
1276 4903 1279 4907 ’
1567 4895 1606 4977 39
