4230 5956
694 454 888 548 moces
913 475 1008 547 nrs
1033 474 1331 547 reuenrrns.
1644 480 1718 551 uo

303 640 483 690 annorum
497 614 556 690 vel
574 615 682 701 circa,
693 616 840 721 juratus
851 615 985 693 eodem
996 615 1110 693 modo
1120 634 1157 693 et
1167 594 1371 722 reduisitus
1385 614 1485 692 dicto
1500 633 1669 720 tempore
1682 637 1721 695 et

304 744 417 820 modo
433 772 498 821 sue
515 745 758 849 recepcionis,
776 746 869 822 dixit
881 774 950 853 per
958 746 1214 852 juramentum
1229 772 1340 823 suum
1351 743 1535 852 quodfuit
1548 766 1720 853 receptus

303 877 341 950 in
353 875 467 953 domo
481 876 610 982 templi
622 876 906 968 Attrebetensis,
919 893 1004 955 octo
1022 879 1107 954 anni
1121 894 1209 954 sunt
1224 876 1354 983 elapsi,
1369 905 1438 982 per
1450 875 1601 953 fratrem
1616 875 1722 957 Guil-

302 1005 464 1082 lermum
482 1009 738 1084 Normannum
764 1025 1021 1114 preceptorem
1048 1007 1212 1097 ballivie,
1235 1006 1471 1113 presentibus
1487 1006 1599 1083 fratre
1610 1008 1721 1084 Petro

308 1136 355 1213 de
376 1137 501 1225 Semo,
524 1137 634 1214 fratre
652 1138 815 1244 Symone
833 1138 931 1216 dicte
942 1136 1093 1229 domus,
1109 1155 1146 1213 et
1165 1136 1390 1244 quibusdam
1403 1135 1485 1213 eliis
1500 1137 1547 1213 de
1558 1164 1720 1244 quorum

307 1267 524 1344 nominibus
535 1268 759 1346 nonrecolit.
770 1267 872 1345 Dixit
884 1268 999 1344 eciem
1008 1297 1075 1373 per
1078 1267 1334 1374 juramentum
1343 1267 1722 1375 suumquodproptsr

308 1396 441 1473 multas
451 1398 704 1474 observancies
720 1396 807 1475 dicti
818 1397 978 1487 ordinis,
992 1415 1028 1474 et
1042 1398 1164 1502 posito
1174 1397 1245 1473 sibi
1260 1396 1436 1474 mantello
1446 1397 1493 1472 ad
1503 1397 1657 1485 collum,
1671 1400 1723 1475 di·

307 1543 386 1601 ctus
395 1526 580 1631 recipiens
588 1526 825 1604 ostenditsibi
833 1527 1033 1634 quamdam
1043 1554 1193 1604 crucem
1206 1526 1365 1633 ligneam
1374 1527 1493 1633 inque
1500 1546 1580 1605 erat
1588 1556 1721 1634 ymago

303 1655 418 1732 Jhesu
434 1654 573 1733 Christi
591 1656 751 1762 depicta,
774 1675 812 1734 et
830 1657 996 1762 precepit
1009 1656 1081 1734 sibi
1103 1657 1141 1734 in
1159 1656 1295 1733 virtute
1309 1656 1530 1734 obediencie
1545 1658 1648 1762 quod
1664 1674 1723 1733 ter

303 1802 454 1890 spueret
463 1814 576 1892 super
585 1814 733 1863 crucem
748 1787 786 1862 in
802 1787 979 1895 despectu
994 1787 1154 1894 ejusqui
1170 1814 1300 1891 passus
1311 1785 1479 1864 suerutin
1492 1813 1549 1876 ca,
1568 1803 1606 1862 et
1618 1788 1720 1893 quod

305 1934 456 2022 negaret
474 1943 579 2005 eum,
602 1916 707 2022 quod
726 1916 847 1994 facere
869 1918 1050 1995 recusavit
1073 1934 1254 2022 quantum
1276 1916 1418 2021 potuit,
1448 1933 1485 1992 et
1504 1931 1630 1992 tamen
1649 1917 1721 1993 boc

304 2046 392 2122 lecit
407 2046 580 2134 finaliter,
602 2046 737 2124 ductus
752 2049 888 2124 timore
904 2073 952 2123 ne
967 2048 1271 2123 incarceraretur.
1292 2046 1393 2123 Dixit
1407 2047 1523 2123 eciem
1537 2073 1605 2151 per
1619 2048 1724 2153 jurn-

304 2192 472 2253 mentum
486 2205 595 2254 suum
616 2176 720 2282 quod
740 2176 928 2255 osculatus
945 2174 1017 2254 fuit
1031 2175 1172 2253 dictum
1193 2193 1425 2282 receptorem
1441 2178 1479 2253 in
1492 2175 1674 2254 umbilico
1684 2195 1722 2253 et

304 2308 342 2383 in
358 2333 423 2383 ore
438 2306 571 2383 solum.
585 2306 687 2383 Dixit
701 2308 817 2383 eciem
833 2333 901 2412 per
909 2307 1166 2414 juramentum
1176 2334 1288 2383 suum
1302 2306 1408 2413 quod
1418 2307 1542 2383 dictus
1550 2325 1722 2413 receptor

303 2437 463 2543 injunxit
480 2437 551 2513 sibi
568 2437 671 2542 quod
686 2436 715 2512 si
730 2436 866 2543 aliquis
880 2437 981 2514 calor
996 2437 1170 2515 naturalis
1191 2454 1357 2515 moveret
1376 2465 1482 2525 eum,
1499 2438 1603 2544 quod
1621 2466 1724 2516 com-

303 2568 477 2643 misceret
495 2594 534 2643 se
555 2594 642 2642 cum
653 2565 828 2643 frutribus
839 2566 931 2656 suis,
944 2584 981 2643 et
990 2566 1094 2674 quod
1110 2567 1184 2645 hoc
1193 2582 1387 2674 peteretur
1396 2566 1444 2643 de
1456 2567 1537 2643 aliis
1548 2568 1723 2646 fratribus

305 2698 393 2773 suis.
407 2696 510 2773 Dixit
523 2713 649 2773 tamen
661 2696 766 2804 quod
778 2708 971 2803 nunqnam
983 2696 1088 2786 fecit,
1110 2725 1178 2773 nec
1198 2696 1269 2773 fuit
1286 2697 1500 2802 requisitus.
1513 2699 1570 2775 De
1584 2699 1719 2804 capite,

306 2827 397 2903 dixit
416 2826 518 2933 quod
536 2827 651 2904 nichil
670 2827 751 2904 scit.
771 2827 986 2933 Requisitus
1005 2843 1133 2904 utrum
1142 2827 1190 2914 vi,
1207 2827 1265 2903 vel
1283 2844 1386 2903 metu
1400 2828 1556 2902 carceris
1573 2827 1631 2903 vel
1650 2844 1722 2905 tor·

306 2973 535 3046 mentorum,
557 2957 719 3063 aliquam
740 2957 874 3036 dixerit
887 2955 1085 3035 sulsitatem
1101 2956 1416 3033 velimmiscuerit
1429 2957 1470 3033 in
1482 2958 1721 3062 deposicione
1796 3030 1813 3061 ἱ

306 3116 387 3171 sue,
411 3087 502 3163 dixit
517 3114 584 3194 per
598 3090 853 3194 juramentum
868 3116 980 3166 suum
992 3088 1096 3196 quod
1116 3114 1209 3175 nom
1232 3088 1349 3165 immo
1371 3087 1462 3164 dixit
1480 3088 1684 3165 veritatem.

271 3414 275 3421 .
362 3352 454 3425 ltem
473 3348 587 3425 freter
605 3348 732 3428 Guido
754 3350 801 3425 de
821 3349 1008 3439 omorio,
1028 3348 1141 3426 frater
1163 3348 1252 3427 dicti
1273 3348 1416 3426 ordinis
1435 3351 1613 3437 serviens,
1640 3370 1724 3455 pre·

305 3498 434 3587 ceptor
453 3479 589 3558 domus
609 3480 656 3556 de
677 3479 958 3570 Sublonnierm,
979 3481 1085 3557 etutis
1105 3480 1292 3586 sexaginte
1311 3479 1443 3557 decem
1463 3506 1646 3556 annorum
1665 3480 1722 3556 vel

308 3612 419 3699 circa,
436 3611 582 3716 juratus
598 3610 732 3687 eodem
751 3610 868 3687 modo
884 3627 922 3688 et
936 3611 1138 3716 requisitus
1154 3608 1203 3685 de
1221 3625 1389 3713 tempore
1402 3626 1441 3684 et
1453 3610 1570 3686 modo
1583 3637 1651 3685 sue
1666 3638 1726 3684 re-

307 3741 513 3847 cepcionis‚
533 3740 625 3817 dixit
636 3767 704 3844 per
714 3741 968 3847 juramentum
988 3767 1100 3816 suum
1116 3739 1221 3843 quod
1236 3738 1308 3814 fuit
1326 3756 1498 3842 receptus
1515 3738 1614 3842 apud
1630 3738 1725 3814 Moi-

309 3870 447 3947 siacum
477 3868 680 3947 Meldensis
705 3868 878 3955 diocesis,
907 3867 975 3946 illo
998 3896 1098 3947 anno
1123 3895 1202 3975 quo
1230 3866 1302 3945 fuit
1329 3868 1505 3945 ultimum
1526 3867 1724 3945 concilium

308 3999 500 4104 Lugduni,
516 4027 585 4105 per
598 3997 751 4076 fratrem
763 4001 914 4076 Petrum
926 4000 1159 4079 Normauum
1179 3996 1354 4086 militem,
1371 3996 1590 4103 magistrum
1603 3996 1651 4073 de
1665 3990 1727 4073 Al·

308 4128 410 4215 neio‚
432 4127 669 4233 presentibus
682 4129 795 4206 fratre
813 4128 967 4206 Alberto
987 4128 1160 4235 Grognay
1178 4127 1313 4215 milite,
1339 4144 1377 4203 et
1398 4125 1624 4232 quibusdem
1644 4128 1726 4205 aliis

308 4258 354 4333 de
374 4284 535 4363 quorum
555 4258 771 4337 nominibus
783 4287 861 4337 non
876 4259 1020 4337 recolit.
1033 4258 1135 4336 Dixit
1148 4255 1265 4333 eciem
1277 4285 1345 4361 per
1351 4259 1606 4365 juramentum
1617 4288 1724 4337 suum

308 4387 427 4493 quod,
444 4407 529 4494 post
542 4389 808 4496 promissiones
823 4390 872 4466 de
882 4386 1114 4466 observando
1130 4403 1265 4465 statuta
1278 4387 1437 4479 ordinis,
1454 4388 1525 4466 fuit
1536 4405 1724 4496 receptus.

310 4535 481 4621 etpostea
489 4519 591 4597 idem
605 4536 774 4624 receptor
786 4518 983 4626 asportavit
994 4517 1066 4597 sibi
1082 4547 1198 4597 uuam
1213 4546 1363 4599 erucem
1372 4521 1412 4597 in
1423 4548 1496 4626 que
1507 4538 1726 4627 eretymego

308 4648 423 4727 Jbesu
431 4650 588 4739 Christi,
606 4666 644 4727 'et
654 4648 740 4728 fecit
754 4678 842 4728 eum
852 4669 986 4756 spuere
997 4669 1057 4728 ter
1068 4654 1338 4758 supercrucem
1353 4650 1393 4728 in
1404 4650 1583 4756 despectu
1592 4649 1725 4729 crucis.

310 4780 523 4885 Requisitus
537 4779 585 4858 de
600 4778 747 4872 osculo,
762 4780 854 4859 dixit
863 4782 1192 4889 perjurumemum
1208 4810 1318 4859 suum
1333 4783 1438 4889 quod
1453 4782 1641 4861 osculatus
1653 4779 1727 4859 fuit
