4230 5956
599 443 793 531 Procas
819 457 914 528 nas
941 456 1245 528 renectere
1362 512 1370 520 ..
1583 461 1629 530 sv

215 617 252 674 et
270 624 402 674 omnes
421 613 579 673 astantes
596 597 751 674 luerunt
770 625 857 675 eum
870 596 1030 674 osculati
1050 597 1089 671 in
1109 625 1185 673 ore.
1207 596 1255 672 Et
1271 623 1340 700 per
1359 597 1536 672 eumdem
1556 628 1633 676 mo

214 728 305 804 dum
324 726 416 808 vidit
434 725 568 832 recipi,
586 755 654 831 per
674 727 818 805 dictum
838 724 990 805 fratrem
1010 725 1259 805 Guillelmum
1282 726 1330 803 de
1350 724 1630 816 Chambonent,

70 861 95 949 ᾗ
213 855 364 935 fratrem
374 856 605 962 Stephanum
625 857 672 934 de
692 857 813 936 Closis
828 857 1070 944 servientem,
1087 855 1362 934 Lemovicensis
1375 855 1549 944 diocesis,
1567 858 1632 962 qui

213 984 404 1086 detinetur
418 986 519 1092 apud
532 987 710 1065 Riomum
726 989 764 1065 in
783 987 972 1074 Alvemia,
989 1015 1056 1092 per
1071 987 1290 1092 quindecim
1312 986 1392 1064 dies
1411 1001 1496 1090 post
1510 1014 1634 1090 recep

213 1117 359 1193 cionem
374 1116 493 1222 ipsius
507 1117 627 1207 testis,
653 1118 692 1194 in
714 1117 847 1195 eadem
868 1116 1026 1224 capella,
1043 1116 1278 1222 presentibus
1297 1115 1474 1222 predictis
1488 1116 1632 1223 presbi-

214 1265 294 1324 tero
304 1307 312 1331 ,
324 1247 527 1327 Guillelmo
545 1247 580 1324 la
593 1248 842 1336 Chastaneda,
857 1247 1055 1354 Aymerico
1070 1247 1117 1324 de
1133 1247 1296 1353 Copiaco
1311 1245 1509 1334 militibus,
1527 1245 1634 1324 Guil-

214 1376 327 1454 lelmo
347 1376 487 1454 Brivata
509 1396 547 1455 et
564 1376 771 1456 Guillelmo
791 1377 839 1454 de
853 1376 972 1456 Podio
991 1375 1281 1459 Vinali..Plures
1296 1404 1373 1453 non
1392 1375 1485 1455 vidit
1500 1376 1629 1481 recipi,

214 1533 283 1583 nec
297 1505 369 1585 alia
384 1505 513 1583 illicita
527 1506 812 1586 intervenerunt
830 1506 869 1583 in
885 1506 994 1585 dictis
1012 1505 1292 1612 receptionibus
1306 1503 1364 1582 vel
1384 1521 1485 1611 post,
1505 1523 1543 1581 et
1560 1534 1633 1583 cre-

214 1636 270 1715 dit
281 1637 383 1743 quod
402 1636 535 1713 eadem
557 1637 827 1721 intervenirent
845 1638 1098 1719 communiter
1116 1639 1156 1715 in
1171 1635 1454 1744 recepcionibus
1473 1636 1631 1712 aliorum

125 1798 129 1806 ⁵
212 1767 269 1844 vel
284 1785 384 1873 post,
408 1785 445 1843 et
462 1766 558 1845 sorte
573 1767 701 1874 plura,
719 1769 808 1875 quia
823 1770 964 1848 audivit
982 1768 1055 1847 diei
1076 1768 1222 1846 edictis
1240 1766 1448 1847 Guillelmo
1465 1767 1632 1843 Bruivata

213 1914 250 1974 et
261 1896 468 1977 Guillelmo
485 1898 532 1976 de
545 1899 663 1977 Podio
677 1899 799 1978 Vinali
816 1900 958 2006 pluries
973 1917 1058 1976 aute
1074 1899 1290 2003 capcionem
1310 1925 1458 1985 eorum,
1478 1897 1517 1975 in
1532 1898 1632 1973 dicto

212 2025 295 2104 loeo
317 2026 364 2103 de
383 2026 599 2115 Blandesio,
622 2027 725 2131 quod
746 2028 862 2133 magis
882 2026 1087 2104 voluissent
1108 2043 1190 2104 toto
1210 2043 1380 2131 tempore
1404 2025 1478 2104 vite
1500 2053 1630 2101 eorum

212 2156 356 2231 stetisse
372 2155 420 2230 ad
435 2182 571 2259 panem
587 2173 624 2231 et
642 2183 777 2261 aquam
796 2184 909 2262 quam
925 2156 1014 2262 quia
1030 2174 1134 2233 erant
1148 2155 1371 2262 Templarii‚
1389 2174 1427 2232 et
1441 2155 1544 2260 quod
1560 2157 1631 2232 boc

213 2282 549 2362 meliusluisseteis
558 2284 832 2390 atquibusdam
841 2284 923 2363 aliis
930 2285 1171 2390 Templariis,
1183 2285 1251 2364 sed
1266 2312 1412 2362 causam
1428 2283 1633 2361 noluerunt

213 2414 246 2488 ei
263 2411 481 2518 exprimere.
495 2412 680 2489 Direrunt
689 2430 817 2491 tamen
831 2413 934 2519 quod
951 2429 1148 2520 postquam
1162 2412 1293 2492 fratres
1307 2430 1486 2491 steterant
1500 2413 1631 2490 decem

213 2541 318 2619 annis
329 2541 368 2618 in
381 2541 534 2631 ordine,
549 2539 829 2646 explicabantur
842 2542 895 2621 eis
907 2541 1017 2648 plura
1028 2570 1072 2619 ex
1085 2549 1235 2648 punctis
1245 2542 1630 2650 ordinisquarnprius,

214 2687 252 2747 et
269 2672 353 2776 ipse
368 2670 466 2748 bene
482 2669 593 2746 sciret
609 2669 641 2746 si
661 2686 787 2751 tamen
807 2671 847 2747 in
868 2670 1001 2751 ordine
1016 2672 1164 2749 viveret.
1181 2673 1294 2762 Item,
1313 2671 1404 2753 dixit
1417 2673 1520 2778 quod
1533 2673 1630 2764 bene

214 2799 391 2877 credebat
406 2798 662 2876 ecclesiasticis
683 2800 938 2890 sacramentis,
958 2815 997 2876 et
1016 2800 1136 2877 credit
1150 2800 1254 2904 quod
1267 2799 1330 2876 alii
1344 2798 1476 2876 fratres
1488 2801 1631 2879 ordinis

214 2929 348 3011 eodem
363 2929 478 3007 modo
487 2929 695 3016 crederent,
713 2946 752 3005 et
762 2930 866 3034 quod
880 2957 1013 3008 eorum
1026 2929 1375 3009 sacerdotesdebite
1385 2929 1628 3008 celebrarent.

213 3059 391 3136 turabmt
410 3057 584 3136 ordinem
602 3085 679 3134 non
699 3058 809 3135 exire.
831 3059 963 3137 Statim
983 3087 1051 3164 pro
1067 3045 1241 3166 prolessis
1261 3059 1505 3137 habebantur.
1522 3060 1630 3139 Clau-

213 3185 357 3266 destine
374 3187 660 3292 recipiebantur,
683 3215 728 3264 er
741 3216 819 3292 quo
838 3206 916 3268 arat
932 3189 1095 3295 suspicio
1116 3206 1243 3267 cootm
1262 3217 1338 3266 eoa
1361 3188 1500 3267 Milites
1514 3210 1552 3267 et
1568 3193 1628 3269 alii

213 3320 277 3423 qui
297 3317 359 3397 alii
378 3317 623 3425 cingebantur
642 3345 755 3424 super.
774 3318 943 3398 cantisias
959 3347 1044 3398 cum
1063 3320 1201 3425 quibus
1212 3318 1387 3426 jacebant
1402 3320 1629 3425 quibusdaun

214 3447 377 3527 cordulis
394 3448 433 3523 in
453 3448 682 3552 penitencia,
701 3447 769 3525 sed
788 3449 858 3554 ipsi
873 3449 958 3527 testi
976 3477 1053 3528 non
1071 3448 1142 3527 suit
1158 3467 1376 3555 preceptum
1391 3450 1496 3555 quod
1514 3450 1630 3529 dictes

213 3578 385 3657 cordulae
404 3594 586 3683 portaret,
609 3605 678 3655 nec
699 3579 873 3683 portavit,
891 3607 959 3657 nac
976 3580 1046 3658 scit
1064 3607 1134 3657 nec
1152 3579 1293 3657 audivit
1313 3580 1386 3656 dici
1406 3579 1513 3684 quod
1531 3582 1629 3659 dicte

213 3706 369 3783 cordnle
386 3723 582 3816 tangerent
600 3708 718 3814 capita
737 3707 957 3814 ydolorum,
978 3737 1049 3787 nec
1065 3709 1172 3815 quod
1190 3709 1298 3815 ydola
1319 3710 1529 3787 adorarent.
1553 3710 1629 3800 Qui

213 3834 418 3913 noluissent
430 3835 550 3914 facere
562 3836 691 3915 illicita
704 3835 908 3921 confessata
922 3865 990 3944 per
1003 3866 1108 3929 eum,
1127 3837 1247 3915 credit
1262 3839 1367 3944 quod
1380 3836 1539 3915 fuissent
1554 3864 1630 3912 car·
1704 3933 1706 3938 y

212 3965 284 4041 ceri
305 3965 516 4070 mancipati.
536 3964 804 4073 Injnngebatur
823 3967 881 4049 eis
897 3994 965 4071 per
984 3983 1256 4045 sacramentum
1279 3993 1328 4044 ne
1351 3964 1558 4042 revelarent
1576 3992 1628 4042 se
1742 3967 1745 3973 ’

212 4108 310 4171 creta
336 4093 586 4198 capitulorum
612 4122 682 4171 nec
706 4093 863 4175 modum
889 4095 1137 4199 reeepcionim
1158 4094 1224 4198 qui
1244 4093 1484 4181 revelassent,
1506 4094 1626 4199 puniti

212 4217 430 4306 tuisianus
442 4220 663 4303 mantellum
677 4222 940 4325 perdidissent.
955 4221 1220 4328 injungebatur
1235 4221 1288 4296 eis
1302 4249 1349 4299 ne
1360 4221 1627 4303 confiterentur

212 4346 282 4423 nisi
296 4348 553 4427 sacerdotibus
565 4349 720 4431 ordinis.
737 4352 883 4427 Fratres
891 4348 1049 4425 scientes
1062 4376 1206 4428 errores
1218 4368 1257 4427 et
1268 4352 1453 4457 corrigere
1465 4351 1627 4429 valentes

211 4474 364 4556 fuerunt
390 4476 620 4584 negligentes
645 4478 733 4582 quia
761 4505 838 4555 noo
863 4496 1102 4564 correxerunt
1126 4507 1190 4557 eos
1214 4507 1283 4556 nec
1309 4479 1627 4559 denunciaverunt

211 4605 386 4683 Ecclesia.
406 4606 560 4689 Audivit
581 4607 653 4685 dici
674 4608 778 4712 quod
803 4607 848 4684 ab
873 4606 1027 4713 antiquo
1047 4608 1187 4690 fiebant
1211 4611 1314 4689 omni
1338 4610 1402 4689 die
1420 4610 1625 4690 elemosine

212 4735 403 4841 generales
417 4737 456 4818 in
472 4736 649 4815 domibus
664 4736 826 4829 ordinis,
841 4753 878 4814 et
894 4737 998 4842 quod
1014 4767 1173 4850 magnus
1186 4741 1359 4845 Magister
1374 4742 1438 4846 qui
1451 4760 1624 4818 nunc-est
