4230 5956
469 448 541 521 roa
856 424 1053 518 raocts
1078 443 1174 514 nns
1200 441 1500 515 rnummns

466 589 573 665 finxit
586 615 625 664 se
639 588 761 692 ipsum
775 585 952 672 osculari,
967 585 1035 663 sed
1048 612 1125 661 non
1136 582 1260 688 tetigit
1274 610 1422 661 carnem
1437 612 1556 661 suam.
1573 584 1674 661 Dixit
1689 587 1807 663 eciam
1818 616 1887 693 per

461 720 716 826 juramentum
733 745 842 793 suum
862 716 966 821 quod
983 716 1102 793 dictus
1117 712 1309 818 recipiens
1318 714 1482 792 ostendit
1494 713 1569 791 ¹sibi
1587 715 1789 820 quamdam
1804 747 1887 793 cru-

466 876 549 925 cem
568 850 744 953 ligneam,
755 865 793 923 ct
806 844 974 950 precepit
988 844 1060 921 sibi
1076 842 1182 949 quod
1200 842 1403 949 abnegaret
1420 843 1527 921 illum
1541 844 1606 950 qui
1625 844 1745 923 fuerat
1758 875 1886 953 passus

466 980 505 1054 in
521 1008 583 1065 ea,
605 995 643 1055 et
662 978 766 1084 quod
786 992 935 1081 spueret
954 1003 1065 1080 supra
1081 1001 1246 1064 crucem3
1269 992 1307 1051 et
1326 976 1407 1081 ipse
1426 977 1493 1081 qui
1506 974 1681 1081 loquitur
1695 976 1884 1083 abnegavit

467 1109 599 1197 semel,
617 1126 655 1185 et
670 1108 774 1184 finxit
786 1136 826 1183 se
837 1134 972 1211 spuere
990 1135 1102 1212 supra
1114 1133 1281 1195 crucem,
1298 1106 1366 1184 sed
1381 1106 1539 1213 spuebat
1551 1086 1601 1184 ad
1614 1125 1766 1196 terram,
1783 1108 1886 1184 utdi-

466 1242 517 1315 xit
531 1267 598 1344 per
608 1240 866 1346 juramentum
887 1264 1009 1314 suum.
1031 1236 1131 1313 Dixit
1152 1236 1268 1312 eciam
1289 1266 1357 1343 per
1371 1237 1632 1344 juramentum
1651 1267 1761 1315 suum
1783 1240 1886 1343 quod

467 1370 674 1476 injunctum
694 1366 845 1445 luitsibi
865 1367 968 1474 quod
988 1367 1018 1443 si
1034 1365 1135 1443 calor
1154 1365 1334 1444 naturalis
1353 1384 1521 1446 moveret
1540 1397 1645 1457 enm,
1663 1370 1766 1476 qnod
1787 1397 1886 1445 com-

466 1501 638 1576 misceret
652 1528 692 1575 se
704 1526 791 1575 cum
800 1498 927 1605 aliquo
941 1499 989 1574 de
1004 1498 1180 1574 fratribus
1191 1496 1281 1574 dicti
1296 1498 1456 1588 ordinis,
1470 1499 1589 1576 etboc
1606 1498 1707 1576 idem
1721 1498 1792 1575 sibi
1803 1499 1884 1576 fieri

466 1632 512 1708 ab
532 1629 612 1706 aliis
630 1629 806 1706 fratribus
814 1646 1021 1734 pateretnr;
1037 1645 1076 1704 et
1093 1629 1214 1705 credit
1223 1656 1292 1733 per
1306 1629 1561 1735 juramentum
1577 1658 1688 1707 snum
1705 1629 1808 1735 quod
1821 1631 1883 1707 alii

465 1760 595 1838 fratres
616 1760 706 1837 dicti
722 1761 864 1837 ordinis
888 1758 1119 1866 recipiuntur
1141 1786 1210 1862 per
1233 1760 1414 1837 eumdem
1442 1761 1609 1838 modum.
1634 1762 1884 1864 Interrogatus

464 1921 533 1998 per
541 1893 796 1999 juramentum
815 1918 927 1968 suum
945 1908 1072 1966 utrum
1092 1891 1170 1995 ipse
1191 1892 1242 1977 vi,
1264 1890 1322 1968 vel
1342 1909 1447 1969 metu
1466 1892 1622 1968 mrcoris
1636 1919 1703 1967 seu
1721 1908 1884 1967 tormen·

464 2040 606 2111 torum,
626 2041 691 2100 aut
702 2021 807 2108 alias,
823 2022 862 2099 in
879 2021 1068 2127 premissis
1082 2019 1328 2098 immiscuerit
1343 2040 1408 2099 aut
1423 2022 1559 2100 dixerit
1570 2019 1732 2127 aliquam
1748 2020 1884 2096 salsita-

465 2171 558 2242 tem,
586 2171 648 2229 aut
678 2153 900 2230 subticuerit
926 2152 1134 2239 veritatem,
1165 2151 1257 2228 dixit
1277 2178 1347 2257 per
1366 2152 1625 2258 juramentum
1648 2180 1757 2228 snum
1781 2154 1883 2256 quod

465 2312 556 2372 non,
574 2300 611 2358 et
628 2284 731 2388 qnod
755 2310 887 2387 puram
906 2283 1098 2358 veritatem
1120 2280 1212 2357 dixit
1230 2299 1269 2360 ct
1288 2310 1441 2361 meram.
1459 2334 1462 2341 ·

520 2413 654 2488 Actum
664 2409 823 2488 Parisius
843 2411 889 2491 in.
903 2409 1080 2487 domibus
1097 2411 1264 2516 Templi,
1284 2412 1522 2518 presentibus
1546 2413 1731 2520 religiosis
1754 2430 1791 2489 ct
1815 2414 1882 2488 bo-

439 2539 441 2543 ’
466 2539 582 2619 neatis
601 2540 687 2616 viris
710 2537 884 2617 fratribus
908 2539 1059 2617 Nicolao
1080 2540 1127 2618 dc
1150 2539 1365 2630 Anessiaco,
1386 2543 1593 2620 laurencio
1618 2542 1665 2619 de
1689 2543 1879 2629 Nannetis,

464 2671 644 2749 Durando
664 2672 711 2748 de
732 2672 867 2749 Sancto
886 2672 1082 2761 Porciam,
1105 2671 1310 2778 Raginsldo
1330 2671 1379 2749 do
1399 2671 1596 2761 Credulio,
1627 2672 1814 2750 Gossoino
1835 2673 1883 2749 de

463 2801 682 2891 brabancia,
705 2802 875 2880 lohanne
892 2803 942 2878 de
961 2803 1097 2880 Sancto
1112 2802 1331 2890 Vincancio,
1356 2802 1499 2880 ordinis
1525 2820 1564 2878 et
1588 2819 1791 2880 conventus
1816 2802 1883 2877 lra-

463 2933 858 3011 trum'Predicatorum
875 2935 1152 3021 Parisiensium,
1172 2950 1211 3009 ot
1225 2933 1385 3011 discreto
1399 2933 1479 3010 viro
1494 2933 1657 3039 Symone
1679 2934 1726 3009 de
1747 2935 1883 3009 Monti-

462 3064 592 3163 gniaco
610 3061 757 3139 baillivo
779 3062 1049 3152 Aurelinnmsi,
1071 3063 1231 3141 testibus
1248 3063 1385 3140 adhoc
1404 3065 1541 3141 vocatis
1560 3080 1598 3139 et
1614 3064 1761 3169 rogatis.

519 3322 611 3395 Item
633 3349 747 3407 anno,
772 3323 959 3399 indicione
974 3342 1012 3400 et
1025 3323 1241 3429 pontificatu
1261 3324 1455 3429 predictis,
1479 3324 1541 3399 die
1559 3350 1618 3400 xix
1641 3322 1728 3399 dicti
1744 3325 1882 3399 mensis

462 3452 689 3539 novembris,
712 3453 932 3562 inreligiosi
954 3472 991 3530 et
1012 3455 1159 3532 honesti
1175 3456 1242 3530 viri
1265 3455 1352 3531 dicti
1373 3453 1492 3531 fratris
1515 3456 1708 3532 Laurencii
1727 3456 1773 3530 de
1789 3456 1884 3528 Nan·

462 3583 559 3659 netis
579 3583 822 3661 commissarii
843 3583 930 3662 dicti
951 3585 1094 3661 domini
1114 3585 1361 3691 inquisitoris,
1381 3602 1549 3661 nostrum
1569 3586 1798 3661 notariorum
1813 3614 1882 3687 pn·

462 3712 647 3790 blicorum
659 3732 696 3791 et
705 3717 853 3791 testium
865 3715 1183 3821 infrascriptorum
1192 3716 1383 3823 presencia
1391 3714 1633 3820 personaliter
1642 3715 1876 3795 constitutus,

461 3841 573 3920 frater
590 3846 729 3921 Boinus
751 3845 906 3950 predicti
927 3846 1071 3923 ordinis
1086 3845 1253 3950 Templi,
1272 3847 1378 3921 etatis
1397 3845 1880 3949 xxv111annorum,juratus

462 3974 597 4049 eodem
615 3977 781 4053 modoet
801 3978 1002 4082 requisitus
1015 3978 1139 4054 dicere
1157 3978 1202 4051 de
1224 4004 1263 4053 sc
1285 3995 1323 4053 et
1343 3977 1388 4052 de
1407 3976 1488 4052 aliis
1509 3976 1596 4052 dicti
1612 3975 1753 4051 ordinis
1768 3976 1881 4048 Tem-

459 4101 529 4207 pli,
549 4121 586 4179 et
607 4105 652 4180 de
668 4108 783 4184 modo
803 4109 1030 4213 recepcionis
1054 4135 1140 4196 sne,
1163 4108 1201 4181 in
1229 4136 1338 4184 causa
1359 4107 1448 4183 fidei
1469 4108 1675 4192 veritatem,
1700 4106 1792 4180 dixit
1812 4134 1880 4209 per

454 4234 710 4339 juramentum
724 4268 835 4314 sunm
855 4240 959 4345 qnod
976 4256 1145 4344 receptus
1166 4237 1236 4314 luit
1255 4239 1293 4313 in
1318 4239 1430 4314 domo
1447 4237 1492 4313 de
1509 4237 1668 4315 Rodolio
1689 4235 1881 4314 Cathalau-

459 4365 585 4442 nensis
611 4366 783 4458 dioccsis,
806 4387 968 4474 quatuor
987 4371 1071 4444 anni
1099 4386 1210 4445 erunt
1232 4368 1385 4445 infesto
1405 4350 1553 4444 instanti
1581 4366 1783 4444 Nativitatis
1801 4364 1880 4440 Do-

460 4497 568 4583 mini,
589 4526 656 4602 per
674 4498 826 4574 fratrem
845 4500 1049 4575 lohannem
1071 4502 1209 4577 Demar
1228 4518 1484 4605 preceptorem
1505 4498 1602 4574 dicto
1621 4497 1772 4582 domus,
1800 4524 1880 4600 pre·

459 4625 625 4704 sentibus
640 4628 815 4706 fratribus
834 4630 1002 4704 iohanne
1016 4629 1063 4704 de
1076 4630 1280 4707 Vaudrueil
1295 4649 1332 4708 et
1345 4630 1510 4736 quodam
1525 4628 1600 4706 alio
1620 4643 1749 4704 vocato
1763 4625 1877 4701 fratre

458 4754 679 4845 Guillelmo,
709 4776 746 4834 et
770 4759 995 4864 quibusdam
1025 4760 1104 4835 aliis
1133 4760 1179 4835 de
1204 4789 1369 4865 quorum
1389 4761 1602 4838 nominibus
1627 4788 1702 4837 non
1727 4755 1871 4834 recolit.
