4230 5956
346 435 420 507 aas
730 413 926 501 rnocts
951 429 1047 499 nas
1071 428 1369 500 ramirans

340 572 504 650 Arnaldo
523 572 666 658 Rocha,
689 569 893 647 Guillelmo
913 569 1135 657 Marturelli,
1155 571 1266 647 Petro
1286 569 1437 658 Rnbeo,
1456 566 1597 643 laoobo
1615 567 1665 642 de
1689 568 1768 643 llo·

340 732 471 810 sergue
491 720 531 779 et
546 699 720 807 pluribus
739 701 822 776 aliis
841 699 1019 776 fratribus
1035 700 1124 776 dicti
1145 700 1301 776 ordinis.

396 835 452 910 De
472 832 586 909 modo
606 849 733 907 autem
752 859 819 906 sue
837 831 1065 935 receptionis
1084 847 1124 905 et
1142 831 1189 906 de
1209 830 1283 906 hiis
1305 857 1380 934 qne
1399 829 1534 903 senari
1554 826 1697 904 debent
1714 827 1766 902 ab

342 965 414 1040 hiis
429 966 495 1069 qui
513 964 745 1066 recipiuntur
764 962 811 1038 ad
831 962 955 1066 ipsum
976 961 1168 1047 ordinem,
1193 961 1286 1036 dixit
1303 960 1400 1036 sicart
1416 959 1568 1063 plenius
1585 959 1764 1063 deposuit

342 1094 452 1169 frater
464 1091 747 1168 Bartholomeus
762 1091 810 1166 de
822 1093 961 1178 Turre,
979 1092 1121 1196 primus
1136 1091 1254 1166 testis.

396 1224 455 1299 Ad
475 1223 607 1299 lxxxvu
626 1241 663 1298 et
682 1223 826 1298 lxxxrrn
850 1239 888 1297 et
903 1221 1080 1297 ultimum
1102 1220 1280 1296 articulos
1298 1219 1498 1327 diligenter
1516 1236 1554 1293 et
1571 1217 1765 1323 sigillatim

342 1357 602 1459 interrogatus,
624 1351 815 1457 respondit
834 1380 873 1427 se
889 1333 1117 1427 nescire'nec
1136 1350 1288 1426 credere
1306 1349 1430 1455 aliqua
1448 1349 1498 1424 de
1517 1349 1706 1425 contentis
1723 1350 1765 1424 in

341 1485 406 1559 eis.
427 1484 502 1558 Nec
519 1484 589 1559 scit
601 1510 671 1557 nec
693 1510 857 1588 unquam
876 1480 1034 1568 audivit,
1052 1498 1098 1557 nt
1115 1480 1224 1568 dixit,
1245 1506 1364 1584 usque
1380 1507 1482 1554 nunc
1500 1479 1582 1554 lieri
1599 1480 1766 1556 mentio-

340 1642 425 1690 nem
447 1614 486 1689 in
505 1613 637 1691 ordine
656 1612 806 1717 Templi
826 1610 884 1688 vel
901 1611 990 1688 alibi
1010 1613 1059 1689 de
1079 1612 1188 1688 dictis
1209 1611 1417 1701 erroribus,
1439 1610 1628 1687 necunde
1648 1614 1765 1717 origi-

341 1773 428 1821 nem
440 1742 668 1831 habuerunt,
688 1771 757 1818 nec
776 1771 795 1816 a
814 1769 893 1848 quo
911 1742 969 1818 vel
988 1771 1008 1817 a
1023 1741 1178 1846 quibus;
1197 1769 1266 1818 nec
1280 1742 1349 1816 scit
1364 1739 1561 1846 ubi-ydola
1572 1740 1632 1816 vel
1643 1743 1767 1846 capita

341 1875 390 1951 dc
408 1875 547 1980 quibus
564 1876 688 1982 agitur
705 1874 746 1948 in
766 1871 929 1949 articulis
946 1873 1036 1960 sint,
1052 1900 1122 1947 nec
1137 1901 1159 1946 a
1176 1898 1253 1978 quo
1268 1871 1470 1959 custodita;
1489 1899 1560 1947 nec
1578 1873 1651 1948 scit
1669 1873 1765 1977 qnid

340 2005 388 2079 sit
406 2003 578 2110 ydolum,
594 2031 664 2079 nec
682 2031 849 2109 unquam
865 2002 1070 2078 audivitde
1085 2000 1199 2109 ydolo
1217 1999 1277 2076 vel
1297 2000 1419 2106 ydolis
1431 2001 1595 2106 aliquem
1608 2000 1765 2078 fratrem

341 2133 399 2208 vel
412 2133 526 2210 alium
542 2134 778 2239 loquentem
795 2160 863 2208 nec
877 2131 995 2208 credit
1013 2131 1117 2238 qnod
1129 2131 1285 2237 ydolum
1302 2130 1350 2206 sit
1363 2131 1523 2237 aliquid,
1544 2131 1613 2207 sed
1630 2132 1763 2209 nichil.

397 2265 519 2369 Super
536 2264 618 2339 aliis
643 2291 730 2339 vero
750 2262 926 2339 omnibus
946 2280 982 2339 et
1000 2261 1157 2368 singulis
1179 2263 1364 2339 contentis
1385 2263 1423 2336 in
1445 2261 1554 2338 dictis
1578 2263 1762 2348 uncialis,

342 2392 433 2468 dixit
446 2420 486 2469 se
501 2392 619 2468 nichil
637 2392 798 2495 amplius
811 2393 916 2466 scire.

396 2657 504 2732 Anno
517 2685 594 2761 quo
613 2685 740 2762 supra,
763 2684 863 2734 nono
874 2655 1048 2732 kalendas
1061 2654 1252 2732 februarii.

395 2787 505 2864 xvll.
516 2788 644 2862 Frater
655 2788 784 2863 Petrus
799 2786 1001 2866 Servientis
1015 2785 1158 2862 ordinis
1175 2786 1263 2862 dicti
1279 2784 1426 2890 Templi
1443 2803 1481 2863 et
1492 2787 1630 2864 domus
1640 2786 1762 2862 Mansi

339 2916 427 3004 Dei,
442 2916 545 2994 testis
554 2918 701 3023 juratus
714 2915 763 2991 ad
780 2932 903 2991 sancta
914 2915 984 2991 Dei
1000 2915 1194 3020 Evangelia
1219 2942 1330 3020 super
1347 2916 1524 3020 predictis
1542 2915 1709 2992 articulis
1725 2934 1764 2991 et

340 3074 472 3122 eorum
491 3047 660 3151 quolibet
681 3046 751 3121 sibi
773 3045 947 3151 expositis
966 3045 1005 3120 in
1023 3044 1179 3151 vulgari,
1196 3062 1239 3121 ut
1252 3045 1466 3150 principalis
1483 3046 1533 3122 de
1550 3075 1590 3123 se
1608 3047 1711 3151 ipso,
1725 3065 1764 3123 et

339 3190 381 3249 ut
399 3176 504 3249 testis
524 3174 571 3249 de
591 3176 686 3261 aliis,
709 3175 904 3278 diligenter
923 3191 961 3248 et
979 3173 1167 3279 sigillatim
1184 3176 1445 3281 interrogatus,
1462 3175 1695 3280 respondens
1708 3175 1761 3250 ad

307 3390 312 3399 q
338 3304 522 3408 primum,
544 3329 730 3379 rr-xxxrx
749 3302 925 3379 articulos
944 3303 1138 3391 inclusive,
1153 3307 1298 3410 negavit
1316 3307 1417 3411 ipsos
1436 3307 1609 3382 articulos
1624 3323 1661 3381 et
1676 3334 1765 3381 om·

339 3433 400 3508 nia
421 3451 457 3508 et
476 3433 619 3539 singula
639 3450 811 3508 contenta
828 3434 866 3506 in
883 3435 951 3521 eis,
974 3451 1127 3538 excepto
1141 3436 1243 3539 quod
1261 3437 1379 3511 credit
1395 3454 1432 3511 et
1446 3435 1581 3512 latetur
1594 3437 1697 3541 quod
1713 3465 1761 3512 eo

339 3582 509 3667 tempore
522 3592 598 3668 quo
615 3565 692 3668 ipse
710 3582 746 3639 et
761 3563 821 3638 alii
842 3562 972 3640 fratres
988 3564 1219 3670 recipiuntur
1235 3568 1281 3641 ad
1301 3567 1444 3641 dictum
1460 3567 1650 3652 ordinem,
1670 3566 1761 3641 reci·

340 3694 445 3798 piens
465 3712 661 3799 preceptor
674 3695 731 3769 vel
745 3702 928 3800 magister,
945 3713 1028 3798 post
1044 3696 1303 3799 recepcionem
1324 3724 1455 3772 eorum
1476 3714 1514 3771 et
1533 3714 1618 3800 post
1637 3698 1761 3798 impo-

339 3825 445 3901 sitam
468 3824 665 3900 clamidem
687 3826 724 3898 in
745 3825 848 3900 collis
868 3854 1015 3910 eorum,
1040 3825 1226 3902 osculatur
1248 3827 1346 3930 ipsos
1366 3825 1498 3903 fratres
1517 3827 1568 3901 sic
1587 3843 1761 3931 receptos

339 3955 377 4027 in
393 3971 631 4044 metantem,
650 3954 687 4029 in
701 3955 848 4061 signum
864 3955 1023 4031 fraterne
1045 3955 1253 4031 dilectionis
1268 3974 1306 4031 et
1319 3956 1488 4033 caritatis.

394 4086 487 4158 Item
507 4083 643 4160 latetur
669 4086 784 4161 moris
814 4114 892 4160 esse
915 4104 951 4161 et
972 4085 1252 4162 consuetudinis
1276 4087 1365 4161 dicti
1387 4087 1529 4162 ordinis
1546 4087 1650 4192 quod
1670 4089 1761 4192 quia

337 4213 391 4291 illi
405 4214 468 4318 qui
487 4214 525 4288 in
542 4213 669 4290 fratres
688 4216 766 4321 ejus
784 4216 1016 4320 recipiuntur
1036 4216 1174 4293 habent
1193 4217 1306 4320 recipi
1328 4234 1365 4292 et
1380 4217 1524 4293 admitti
1548 4217 1595 4292 ad
1614 4217 1761 4293 dictum

338 4344 526 4433 ordinem,
548 4346 586 4419 in
607 4346 793 4449 capitulis,
815 4347 1047 4451 recipiuntur
1067 4347 1198 4422 clausis
1213 4346 1341 4451 januis
1362 4347 1514 4424 ecclesie
1534 4346 1592 4423 -vel
1615 4347 1761 4452 capelle

339 4474 474 4552 domus
492 4477 530 4550 in
555 4504 628 4581 qua
648 4477 889 4582 recipiuntur,
913 4505 958 4551 ne
980 4505 1023 4552 ea
1047 4505 1120 4582 que
1139 4494 1297 4583 agimtur
1314 4479 1352 4553 in
1375 4477 1533 4582 capitulo
1555 4495 1643 4553 nota
1668 4476 1763 4554 fiant

340 4605 418 4680 aliis
436 4633 549 4710 quam
565 4605 739 4682 fratribus
754 4607 817 4711 qui
832 4607 1021 4682 alluerant
1039 4608 1076 4682 in
1095 4607 1178 4683 illis.

397 4736 487 4809 ltem
517 4736 609 4811 dixit
640 4765 678 4813 se
708 4739 859 4814 credere
882 4766 974 4841 pure
1005 4755 1042 4813 et
1066 4737 1283 4843 simpliciter
1308 4739 1434 4815 omnia
1459 4757 1495 4814 et
1520 4738 1665 4844 singula
1688 4739 1760 4816 Dei
