4230 5956
443 495 493 569 ae
831 473 1029 566 ruoces
1055 492 1150 564 urs
1175 493 1480 566 rennuens.

440 637 557 745 recipi
579 637 621 712 in
643 634 894 722 ordine,.nec
917 632 1139 749 iqfoent
1160 635 1334 742 capitulis
1357 663 1509 726 eorum,
1532 635 1622 742 quia
1645 636 1872 715 intendebat

440 769 494 846 ad
510 766 794 876 agriculurram,
814 765 1126 851 undeneseiebat
1140 768 1189 844 de
1203 767 1392 845 contentis
1409 767 1452 843 in
1465 767 1578 843 dictis
1595 767 1780 857 articulis,
1800 797 1872 848 nec

442 899 622 979 medebat
639 929 710 979 uec
728 899 922 976 audirent
934 898 1010 976 dici
1025 899 1097 975 nisi
1110 901 1216 1007 quod
1234 900 1419 1007 seqnitur.
1436 882 1540 976 Dixit
1552 900 1657 976 enim
1670 900 1779 1007 quod
1788 902 1871 1009 ipse

443 1049 618 1139 receptus
644 1030 766 1108 fuerat
789 1030 832 1107 in
857 1028 1000 1137 capella
1025 1032 1165 1109 domus
1182 1031 1335 1138 Templi
1357 1031 1409 1109 de
1432 1029 1541 1107 Bello
1570 1031 1682 1110 Vissu
1711 1032 1873 1112 diocesis

444 1165 690 1252 Sunonensis,
702 1163 894 1240 dominica
904 1181 992 1270 post
1005 1164 1149 1241 instans
1161 1163 1303 1242 festum
1315 1165 1556 1241 Pentecostes
1567 1181 1682 1240 erunt
1690 1191 1769 1242 xnn
1780 1168 1870 1242 anni

444 1296 504 1375 vel
521 1297 634 1387 ciret,
651 1324 723 1403 per
739 1295 896 1373 fratrem
916 1296 1130 1373 Iohannem
1153 1297 1203 1373 de
1221 1298 1355 1373 Turno
1374 1295 1588 1403 quondam,
1607 1311 1700 1372 tnnc
1716 1295 1872 1374 thesau-

444 1429 585 1507 rarium
619 1428 884 1517 Parisiensem,
917 1427 1160 1535 presentibus
1191 1426 1372 1504 fratribus
1403 1425 1571 1503 Roberto
1602 1425 1750 1503 Picardi
1777 1445 1872 1505 tnnc

437 1577 664 1681 preceptore
683 1560 733 1636 de
751 1558 899 1649 Furcis,
924 1576 966 1634 et
986 1548 1159 1661 lohannp
1178 1559 1279 1666 Lupi
1298 1558 1492 1635 vineatore
1515 1557 1618 1634 dicte
1637 1557 1777 1635 domus
1798 1587 1873 1636 sen

442 1691 648 1780 cientibus,
669 1691 889 1781 deffnnctis3
909 1719 1028 1798 aquo
1049 1691 1153 1768 dicto
1170 1707 1364 1797 receptore
1387 1719 1477 1766 cnm
1494 1689 1681 1766 instanter
1698 1690 1872 1796 peciisset

441 1849 579 1928 panem
604 1841 645 1899 et
669 1851 823 1930 aquam,
844 1823 1063 1900 societatem
1083 1839 1123 1900 et
1145 1850 1353 1928 pauperem
1375 1821 1555 1900 vetitum
1577 1820 1741 1908 ordinis,
1770 1838 1810 1898 et
1834 1823 1870 1898 ei

440 1954 697 2061 respondisset
720 1954 827 2060 quod
851 1952 952 2030 bene
974 1953 1223 2041 deliberaret,
1250 1954 1340 2060 quia
1364 1970 1560 2060 oporteret
1576 1947 1668 2031 eum
1686 1952 1869 2031 voluntati

440 2086 576 2192 mbjici
593 2086 733 2174 aliene,
754 2102 794 2163 et
812 2083 934 2161 multa
951 2085 1047 2162 dura
1065 2104 1105 2162 et
1115 2114 1247 2193 aspera
1263 2086 1469 2173 sustinere,
1490 2084 1657 2162 finaliter
1674 2084 1763 2162 lecit
1779 2113 1870 2161 eum

442 2244 576 2294 rovere
594 2234 634 2295 et
642 2219 771 2324 jurare
791 2217 1019 2304 castitatem,
1039 2218 1320 2305 obedienciam,
1342 2236 1381 2294 et
1398 2217 1521 2295 rivere
1540 2218 1623 2295 sine
1640 2217 1812 2324 proprio,
1832 2234 1872 2292 et

442 2376 588 2426 servare
608 2347 710 2425 bona
733 2347 896 2439 ordinis3
915 2365 1003 2454 post
1020 2375 1097 2453 que
1121 2348 1304 2454 imposuit
1320 2349 1394 2427 sibi
1412 2348 1654 2435 mantellum,
1675 2347 1814 2452 etipse
1832 2365 1873 2424 ea

442 2479 576 2558 batres
588 2497 752 2557 astames
768 2478 924 2556 luerunt
935 2507 1027 2555 eum
1046 2479 1204 2558 osculati
1222 2480 1263 2555 in
1282 2508 1361 2557 ore.
1382 2482 1472 2575 Quo
1485 2480 1600 2567 lacto,
1620 2477 1704 2556 aliis
1717 2477 1871 2555 dnobus

443 2611 493 2689 de
513 2612 656 2719 capella
672 2612 914 2703 exeuntibus,
936 2611 1061 2687 dictus
1072 2629 1244 2718 receptor
1257 2613 1428 2719 precepit
1440 2612 1513 2720 ipsi
1529 2612 1618 2689 testi
1634 2609 1744 2719 qnod
1755 2609 1871 2687 abne·

440 2762 545 2850 garet
563 2744 689 2821 Deum
713 2770 779 2821 ore
799 2771 879 2820 non
900 2742 1032 2831 corde;
1055 2760 1094 2818 et
1119 2744 1307 2848 cumipse
1329 2744 1438 2839 testis
1455 2743 1632 2849 peciisset
1653 2770 1772 2849 quare
1797 2741 1872 2819 boc

440 2873 595 2961 laceret,
612 2875 708 2951 dixit
720 2875 846 2951 dictus
860 2891 1036 2979 receptor
1046 2873 1153 2979 quod
1169 2902 1240 2979 pro
1255 2902 1303 2951 eo
1316 2875 1424 2981 quod
1436 2875 1527 2980 qnia
1544 2874 1672 2951 eidem
1685 2874 1871 2980 receptori

440 3005 628 3112 placebat,
648 3022 689 3082 et
702 3021 794 3082 tnnc
812 3004 893 3111 ipse
905 3004 1013 3082 testis
1028 3004 1224 3112 abnegavit
1237 3006 1363 3084 Deum
1375 3033 1442 3082 ore
1458 3032 1537 3082 non
1555 3004 1688 3097 corde,
1703 3021 1749 3083 ut
1764 3004 1869 3082 dixit.

441 3134 592 3214 Deinde
601 3137 772 3243 precepit
785 3136 822 3212 ei
835 3137 941 3244 qnod
958 3153 1113 3243 spueret
1122 3134 1614 3243 superquamdamcrucem
1628 3135 1810 3243 ligneam,
1829 3137 1870 3212 in

442 3267 632 3374 qnanulla
640 3268 843 3374 apparebat
850 3295 986 3376 ymago
995 3268 1187 3355 Crucifiri,
1201 3267 1442 3373 appodiatum
1447 3267 1553 3374 juxta
1564 3266 1750 3346 cancellos
1759 3268 1872 3344 eccle

443 3399 515 3490 sie,
532 3417 571 3476 et
585 3402 666 3506 'rpse
676 3400 801 3489 testis,
822 3400 912 3507 quia
922 3399 1147 3507 promiserat
1158 3399 1438 3485 obedienciam,
1456 3399 1562 3505 spuit
1579 3426 1657 3475 non
1671 3426 1786 3505 super
1803 3399 1872 3475 sed

436 3535 544 3636 juxta
554 3531 693 3609 dictam
703 3562 866 3610 crucem.
878 3532 1126 3610 Postmodum
1136 3533 1307 3639 precepit
1321 3532 1355 3609 ei
1366 3532 1473 3638 quod
1486 3530 1721 3609 oscularetur
1731 3558 1822 3608 enm
1830 3532 1870 3606 in

441 3690 531 3748 ano,
553 3663 718 3740 sednon
738 3664 812 3740 fuit
830 3694 921 3742 eum
939 3663 993 3741 ibi
1005 3664 1211 3755 osculatus,
1233 3665 1303 3741 sed
1316 3661 1623 3770 superbraoeale.
1643 3662 1728 3739 Alia
1742 3661 1873 3738 illicita

442 3821 520 3871 non
544 3793 829 3871 intervenerunt
851 3797 890 3872 in
915 3796 1135 3902 recepcione
1154 3824 1223 3872 sua
1240 3795 1455 3901 supradicta
1474 3824 1545 3872 uec
1558 3813 1659 3903 post,
1680 3824 1755 3872 nec
1766 3795 1872 3872 scivit

443 3953 513 4003 nec
523 3925 667 4002 audivit
679 3925 754 4002 dici
767 3928 871 4032 quod
884 3927 1155 4004 intervenirent
1167 3926 1208 4001 in
1223 3926 1509 4033 recepcionibus
1525 3926 1689 4003 aliorum
1700 3925 1759 4001 vel
1771 3943 1869 4030 post,

442 4085 513 4133 nec
538 4059 608 4134 scit
628 4087 700 4136 nee
723 4059 845 4136 credit
867 4087 982 4167 super
1003 4060 1077 4136 hoc
1102 4075 1146 4134 ut
1167 4057 1366 4163 respondit
1389 4059 1606 4167 requisitus.
1630 4058 1742 4145 Item,
1776 4055 1872 4132 dixit

442 4187 599 4293 qnodin
613 4189 676 4264 die
694 4191 852 4267 Veneris
864 4208 990 4268 sancta
1008 4188 1245 4267 adherebant
1262 4189 1398 4266 devote
1418 4208 1457 4267 et
1473 4203 1689 4267 reverenter
1699 4214 1870 4277 crucem,

442 4336 481 4395 et
512 4319 619 4425 qrrod
649 4319 730 4426 ipse
758 4321 858 4399 bene
889 4322 1070 4400 credebat
1101 4321 1358 4399 ecclesiasticis
1388 4321 1647 4405 sacrementis,
1683 4335 1723 4395 et
1751 4317 1873 4395 credit

439 4449 546 4556 quod
573 4449 639 4527 alii
666 4450 798 4529 fratres
824 4453 971 4529 ordinis
999 4453 1137 4529 eodem
1156 4451 1274 4529 modo
1295 4454 1510 4541 crederent,
1540 4469 1580 4528 et
1601 4453 1708 4558 qnod
1736 4479 1872 4528 eorum

440 4581 653 4659 sacerdotes
666 4582 796 4660 debite
812 4581 1060 4658 celebrarent.
1081 4584 1124 4659 ln
1139 4585 1363 4687 recepcione
1381 4613 1450 4660 sna
1464 4582 1540 4660 fuit
1553 4583 1589 4659 ei
1605 4583 1753 4660 dictmn
1765 4581 1873 4689 quod

440 4710 567 4787 statim
592 4739 663 4817 pro
686 4712 856 4819 professo
880 4710 1104 4817 habebatur.
1135 4711 1381 4792 Claudestine
1405 4715 1698 4821 recipiebantur,
1724 4742 1769 4790 ex
1793 4742 1873 4819 quo

442 4840 562 4918 credit
580 4843 688 4950 quod
716 4862 814 4922 esset
837 4845 999 4950 suspicio
1021 4863 1152 4921 contra
1173 4874 1249 4924 eoe
1278 4844 1455 4923 Cordulis
1481 4845 1584 4922 unde
1609 4844 1790 4922 volebant
1814 4873 1873 4920 as-
