4230 5956
589 441 785 538 rnocss
811 461 907 534 nus
932 461 1229 533 rsurmnns.
1543 465 1617 536 soa
1730 458 1737 479 ’

255 605 363 683 Anno
382 620 420 679 et
439 602 501 679 die
519 603 658 709 quibus
677 631 801 710 supra

257 734 368 811 xxti.
410 735 538 810 Frater
563 735 629 811 Bn
662 732 894 842 Septembris
922 731 1064 810 ordinis
1100 730 1188 806 dicti
1223 731 1370 835 Templi
1409 749 1446 807 et
1487 732 1622 809 domus

200 866 319 944 blansi
336 865 423 952 Dei,
445 865 552 942 testis
566 865 713 971 juratus
727 864 775 941 ad
791 881 916 941 sancta
932 863 1002 939 Dei
1022 860 1215 967 Evangelia
1240 888 1354 966 super
1371 861 1548 966 predictis
1567 893 1622 938 ar-

198 996 323 1073 ticulis
338 1014 376 1072 et
393 1024 523 1073 eorum
540 995 712 1102 quolibet
726 995 798 1072 sibi
820 993 997 1099 expositis
1016 992 1226 1099 invulgati,
1243 1009 1286 1068 ut
1304 991 1513 1100 principalis
1526 992 1572 1070 de
1584 1024 1622 1070 se

199 1127 299 1232 ipso,
318 1142 356 1204 et
375 1144 419 1202 ut
429 1127 534 1204 testis
552 1126 600 1204 de
618 1126 717 1215 aliis,
732 1125 932 1231 diligenter
942 1142 980 1201 et
993 1123 1180 1230 sigillatim
1193 1124 1455 1230 interrogatus,
1473 1151 1624 1229 respon·

200 1256 294 1333 dens
313 1257 362 1333 ad
375 1257 557 1363 primum,
579 1282 746 1334 uwmx
759 1255 934 1333 articulos
953 1254 1148 1342 inclusive,
1170 1254 1316 1360 negavit
1333 1254 1434 1362 ipsos
1448 1255 1624 1331 articulos

201 1403 238 1462 et
257 1388 383 1463 omnia
403 1405 442 1464 et
454 1386 597 1496 singula
611 1403 783 1465 contenta
803 1387 842 1462 in
862 1387 934 1476 eis3
956 1384 1120 1462 adiciens
1139 1384 1244 1490 quod
1264 1384 1341 1490 ipse
1357 1384 1477 1462 credit
1491 1385 1622 1499 D⁰mi⁷

199 1544 289 1593 num
307 1517 462 1594 Jbesum
482 1516 708 1595 FiliumDei
726 1533 764 1593 et
777 1516 885 1593 beate
899 1516 1061 1621 Virginis
1077 1515 1192 1592 Maris
1211 1543 1361 1620 passum
1377 1531 1416 1590 et
1430 1533 1621 1592 mortuum

198 1647 236 1723 io
259 1645 507 1722 cruce-firisse
527 1675 596 1750 pro
620 1646 883 1752 redemptione
907 1646 1062 1722 humani
1083 1645 1247 1750 generis,
1271 1671 1346 1720 non
1368 1672 1436 1749 pro
1463 1647 1622 1749 peccatis

198 1775 294 1864 suis,
316 1776 405 1879 quia
424 1804 620 1883 nunquam·
635 1776 812 1881 peccavit;
830 1804 898 1881 pro
916 1776 1023 1881 cujus
1036 1775 1180 1851 honore
1195 1775 1275 1878 ipsc
1289 1790 1327 1849 et
1347 1774 1459 1850 ceteri
1472 1773 1619 1858 fratres.

197 1920 241 1980 ut
259 1904 394 1991 credit,
417 1904 505 1980 dicti
527 1904 672 1982 ordinis
689 1905 940 1988 reverenciam
961 1902 1138 1981 exhibent
1156 1903 1255 1985 cruci
1276 1931 1344 2008 pes
1365 1931 1476 2009 quam
1499 1921 1537 1980 et
1554 1932 1622 2009 per

197 2033 315 2138 ipsius
332 2033 471 2110 Christi
490 2033 701 2139 passionem
716 2035 798 2140 ipse
814 2051 851 2110 et
869 2034 984 2110 ceteri
1003 2033 1135 2110 iratres
1150 2033 1238 2110 dieti
1255 2032 1414 2122 ordinis,
1432 2052 1473 2110 ut
1484 2034 1618 2123 credit,

199 2163 340 2241 babent
359 2192 462 2269 spem
482 2163 909 2245 salvationis'hsbende..

254 2293 535 2399 Quamquidem
560 2322 711 2371 erucem
732 2294 813 2400 ipsa
833 2312 871 2372 et
890 2294 1004 2384 ceteri
1027 2293 1159 2370 fratres
1179 2293 1349 2399 ejusdem
1370 2295 1514 2374 ordinis
1534 2327 1619 2373 cum

198 2423 336 2528 quibus
343 2441 580 2501 conversatus
591 2440 663 2512 est,
675 2442 713 2501 et
726 2423 828 2502 idem
841 2423 962 2501 credit
977 2423 1024 2500 de
1040 2423 1135 2512 aliis,
1152 2424 1398 2502 adoraverimt
1413 2443 1449 2501 et
1463 2425 1621 2504 adorant

197 2571 257 2630 ter
269 2555 308 2629 in
328 2582 443 2644 anno,
463 2554 636 2632 videlicet
656 2556 696 2632 in
713 2556 864 2633 duobus
876 2553 979 2632 iestis
996 2555 1128 2632 Sancte
1143 2554 1273 2633 Crucis
1291 2555 1378 2633 maii
1403 2573 1440 2632 ct
1459 2574 1621 2663 septem-

197 2685 292 2773 bris,
316 2703 353 2761 et
367 2685 599 2790 solempnius
614 2685 652 2761 in
671 2685 733 2762 die
748 2685 903 2765 Veneris
921 2699 1060 2771 sancta,
1078 2683 1296 2761 discalciatis
1316 2684 1477 2790 pedibus
1490 2703 1527 2761 et
1542 2685 1620 2762 cul·

197 2812 294 2890 tellis
315 2814 477 2891 dimissis
497 2831 534 2892 et
552 2813 736 2919 capitibus
758 2813 1033 2921 discobopertis
1050 2829 1088 2889 et
1111 2814 1216 2890 flexis
1235 2813 1409 2919 genibus,
1439 2813 1616 2906 dicendo,

198 2971 283 3019 cum
303 2922 350 3019 sit
363 2943 488 3051 laycus
507 2945 588 3051 ipse
602 2944 669 3051 qui
689 2944 875 3050 loquitur:

253 3074 394 3151 Adorte
401 3075 506 3162 Crist,
519 3089 553 3152 et
561 3076 713 3156 benescse
723 3089 755 3152 te
763 3074 871 3163 Crist,
888 3082 948 3178 qui
956 3076 1063 3178 peria
1075 3088 1194 3151 sancta
1205 3088 1264 3153 tua
1277 3103 1361 3153 cren
1376 3103 1434 3152 nos
1451 3080 1618 3153 resemist!

253 3203 455 3281 Confessus
464 3221 527 3282 est
545 3205 662 3282 eciam
680 3232 721 3281 se
740 3204 895 3282 credere
912 3221 1183 3283 sacramentum
1203 3203 1330 3282 altaris
1344 3221 1381 3281 et
1400 3204 1470 3283 alia
1492 3206 1619 3283 omnia

198 3331 440 3411 ecclesiastica
458 3350 701 3422 sacramenta,
719 3332 876 3412 etidem·
890 3333 1010 3411 credit
1028 3333 1076 3410 de
1096 3332 1179 3410 aliis
1200 3333 1376 3412 iratribus
1399 3334 1619 3413 ordi-nissu-

152 3446 181 3499 ’
196 3461 369 3567 predicti,
403 3481 442 3539 et
464 3464 583 3541 ineis
606 3463 724 3544 eredit
749 3492 830 3541 esse
853 3493 978 3541 veram
1004 3463 1161 3540 salutern
1190 3465 1359 3540 omnium
1387 3462 1556 3539 fidelium
1573 3483 1619 3538 et

196 3621 300 3698 spem
321 3622 425 3670 suam
446 3593 666 3670 habentium
686 3595 727 3669 in
742 3593 828 3669 illis.

252 3722 453 3799 Confessus
469 3720 586 3797 eciam
601 3719 674 3797 lirit
691 3720 796 3825 quod
813 3718 957 3808 nullus,
975 3719 1048 3795 nisi
1068 3718 1241 3796 sacerdos
1255 3718 1378 3796 fidelis
1391 3717 1519 3808 fuerit,
1532 3719 1618 3796 reli·

196 3852 326 3957 giosus'
342 3850 400 3926 vel
425 3849 615 3938 secularis,
636 3847 754 3955 possit
775 3848 966 3926 absolvere
985 3877 1005 3924 a
1024 3849 1201 3956 peccatis,
1228 3849 1354 3927 dicens
1369 3849 1473 3956 quod
1493 3850 1523 3926 si
1539 3852 1618 3929 Ma-

196 3982 310 4088 gister
319 4007 475 4087 magnus
486 3979 575 4057 dicti
586 3979 729 4058 ordinis
739 3977 1050 4059 confessusestde
1058 4005 1099 4073 se
1109 3979 1213 4085 quod
1223 4008 1450 4087 quemquam
1459 3981 1614 4061 fratrum

197 4109 286 4188 dicti
303 4109 446 4187 ordinis
459 4109 692 4187 absolveritis
708 4108 884 4215 peccatis,
902 4107 1000 4187 male
1019 4108 1210 4186 consessus
1223 4126 1297 4200 est,
1320 4127 1357 4186 et
1370 4109 1466 4187 male
1482 4109 1568 4188 lecit
1580 4128 1617 4186 et

196 4269 397 4346 perperam.
410 4241 440 4318 si
455 4255 724 4347 quemquam‘a
743 4240 902 4344 peccatis
916 4239 964 4316 dc
984 4238 1080 4316 facto
1101 4237 1272 4330 absolvit,
1293 4268 1378 4317 cum
1392 4241 1480 4319 solis
1500 4269 1616 4318 saeer-

196 4370 348 4447 dotibus
367 4371 484 4448 claves
503 4368 665 4448 Eoclesie
686 4368 997 4448 habentibus-boc
1010 4386 1155 4448 tantum
1175 4369 1299 4461 liceat,
1320 4387 1434 4477 prout
1447 4370 1576 4448 eredit.

222 4499 309 4576 Ad
329 4526 562 4578 xxx-xxxin
578 4499 751 4588 articulos
768 4499 962 4589 inclusive,
984 4500 1185 4606 diligenter
1203 4518 1241 4578 et
1255 4500 1468 4608 sigillatim
1459 4517 1616 4579 interro-

195 4648 317 4737 gatus,
337 4632 569 4739 respondens
587 4631 695 4722 dixit,
713 4633 860 4741 negavit
883 4633 983 4777 ipsos
1007 4631 1182 4709 articulos
1202 4650 1240 4709 et
1261 4632 1384 4711 omnia
1408 4650 1444 4708 ct
1467 4632 1611 4784 singula

196 4779 369 4840 contenta
384 4762 425 4838 in
444 4762 515 4851 eis,
533 4779 687 4868 excepto
707 4761 834 4840 osculo
850 4761 924 4839 oris
938 4777 1093 4839 tantum.
1192 4834 1196 4843 .
