4230 5956
469 474 539 545 rso
639 524 645 537 .
857 457 1497 546 psoensnnsrnunmnns,

464 613 577 701 circa,
600 610 823 688 mantellum
856 613 1000 689 ordinis
1029 611 1231 697 defferens,
1259 609 1452 688 absolutus
1473 627 1512 687 et
1532 610 1793 692 reconcdiatns
1818 644 1888 721 per

465 743 664 820 dominum
695 742 913 849 episcopum
948 742 1314 829 Claramontensem‚
1344 741 1411 849 qui
1440 740 1684 847 inquisiverat
1713 773 1801 821 cum
1821 773 1886 822 eo-

465 873 564 948 dem.
587 873 710 949 Lectis
728 888 854 949 autam
877 890 914 950 et
941 871 1143 979 diligenter
1168 872 1344 976 expositis
1368 871 1440 948 sibi
1468 870 1651 952 omnibus
1670 891 1711 950 et
1727 875 1885 983 singulis

464 1004 644 1095 articulis,
665 1003 861 1108 respondit
885 1031 924 1079 se
952 1002 1115 1089 nescire,
1146 1030 1217 1078 nec
1240 1002 1412 1094 credere,
1432 1028 1505 1079 nec
1533 1002 1718 1081 audivisse
1743 1005 1817 1083 dici
1836 1008 1884 1083 de

464 1133 648 1210 contentis
676 1134 714 1208 in
734 1133 789 1210 eis
808 1133 879 1210 nisi
904 1133 1008 1239 quod
1038 1132 1222 1240 seqnitur.
1244 1132 1346 1209 Dixit
1365 1133 1469 1210 enim
1489 1159 1531 1210 se
1556 1132 1672 1213 luisse
1692 1113 1884 1242 receptum

463 1264 502 1337 in
529 1261 668 1369 capella
696 1263 794 1340 dicte
815 1263 952 1340 domus
977 1261 1128 1369 Templi
1149 1263 1196 1339 de
1217 1262 1348 1351 Sellis,
1377 1263 1473 1340 circa
1498 1263 1641 1340 instans
1659 1261 1799 1341 festum
1819 1294 1885 1343 na·

462 1395 613 1472 tivitatis
631 1397 730 1471 beati
749 1395 929 1473 lobannis
944 1396 1107 1501 Baptiste
1129 1410 1242 1471 erunt
1268 1394 1417 1471 circiter
1436 1421 1499 1472 vm
1521 1393 1626 1485 anni,
1648 1422 1717 1500 per
1729 1394 1883 1472 fratrem

463 1524 712 1630 Hymbertnm
730 1525 883 1602 Blancbi
902 1524 1079 1616 militem,
1101 1541 1361 1630 preceptorem
1383 1523 1572 1616 Alvernie,
1593 1524 1661 1632 qui
1687 1526 1726 1600 in
1753 1525 1883 1634 Anglia

463 1653 666 1743 detinetur,
699 1655 939 1759 presentibus
967 1653 1143 1730 fratribus
1168 1653 1348 1730 Bernardi
1379 1652 1594 1742 Charnerii,
1622 1683 1739 1761 quem
1766 1657 1898 1765 credit

460 1785 598 1876 vivere,
617 1784 800 1861 Durando
826 1784 1040 1873 Charnerii‚
1065 1801 1103 1860 et
1129 1782 1293 1860 Geraldo
1322 1783 1778 1863 SudreClaramontensis
1799 1786 1882 1863 dio-

461 1915 570 2003 cesis,
593 1913 810 2002 deffunctis,
836 1915 874 1989 in
902 1942 989 1991 eum
1014 1914 1199 1990 modum:
1221 1940 1309 1989 nam
1337 1910 1427 1990 fecit
1445 1914 1579 1993 'dictas
1596 1934 1770 2022 receptor.
1792 1946 1881 1994 eum

460 2073 591 2122 vovere
615 2064 651 2122 et
668 2047 796 2153 jurare
824 2045 1047 2132 castitatem,
1080 2042 1363 2131 obedienciam,
1386 2061 1424 2120 et
1450 2045 1579 2122 vivere·
1601 2046 1681 2121 sine
1708 2049 1879 2154 proprio,

461 2193 498 2250 et
518 2176 623 2280 quod
642 2204 720 2252 non
739 2176 921 2253 revelaret
941 2191 1082 2252 secreta
1103 2171 1374 2280 capitulorum,
1390 2202 1462 2251 nec
1480 2175 1691 2254 dimitteret
1709 2177 1882 2254 ordinem

459 2332 527 2410 pro
547 2305 637 2394 alio;
660 2323 697 2381 et
716 2306 896 2411 imposito·
919 2305 988 2382 sibi
1009 2303 1204 2393 mantello,
1229 2303 1301 2383 luit
1322 2331 1412 2382 eum
1438 2305 1629 2384 oscidatus
1648 2306 1688 2382 in
1710 2334 1793 2397 ore,
1815 2309 1881 2384 sed

460 2463 538 2510 non
559 2452 729 2512 astantes.
750 2434 897 2512 Deinde
925 2434 1032 2511 allata
1063 2463 1131 2540 per
1156 2433 1298 2511 dictum
1326 2453 1559 2542 receptorem
1584 2435 1747 2543 quadarn
1771 2464 1881 2513 cruce

459 2563 582 2670 lignea
604 2567 641 2640 in
659 2583 830 2673 quaerat
853 2593 988 2672 ymago
1006 2564 1199 2656 Crucifixi,
1219 2552 1444 2673 precepit'ei
1467 2566 1574 2675 qnod
1601 2582 1756 2673 spueret
1769 2595 1881 2672 super
2006 2613 2009 2620 -

459 2724 557 2784 eam,
584 2695 712 2772 dicens
745 2694 866 2772 dictus
899 2712 1069 2802 receptor
1093 2692 1200 2800 quod
1233 2693 1306 2773 hoc
1328 2692 1493 2773 debebat
1517 2693 1639 2772 lacere
1671 2694 1879 2774 sectandum

457 2827 772 2903 consuetudinem
806 2825 973 2913 ordinis3
1005 2842 1043 2902 et
1076 2839 1168 2902 tunc
1195 2824 1277 2932 ipsa
1301 2824 1538 2934 tastiaeaprit
1568 2853 1647 2902 non
1673 2854 1785 2932 supra
1813 2825 1880 2902 sed

453 2957 558 3061 juxta
587 2983 681 3032 earn.
715 2957 841 3031 Primo
872 2972 999 3032 tamen
1029 2970 1248 3062 preceperat
1272 2954 1313 3031 :si
1338 2953 1674 3065 quod-ahmam
1698 2956 1875 3041 lhesum‚

458 3085 589 3160 dicens·
613 3087 730 3161 eciam
760 3086 865 3190 quod
884 3085 957 3162 hoc
979 3085 1099 3163 lacere
1126 3083 1534 3165 debebatsseundam
1556 3082 1694 3165 ticum
1714 3113 1878 3162 consue·

456 3215 629 3291 tudinem
650 3215 811 3302 ordinis,
842 3233 882 3292 et
910 3217 989 3322 ipse
1016 3216 1122 3293 testis
1151 3215 1351 3326 abnegavit
1371 3214 1530 3295 lberam
1545 3242 1616 3296 ore
1636 3244 1715 3294 non
1742 3217 1875 3307 corde,

391 3352 397 3359 ‘
457 3347 544 3451 qnia
560 3347 638 3450 jam
658 3345 820 3423 habebat
840 3345 1062 3423 mantellum
1077 3365 1122 3424 ct
1142 3346 1268 3452 ipsum
1286 3346 1477 3424 dimittere
1495 3374 1576 3425 non
1594 3364 1758 3452 poterat,
1783 3346 1880 3424 sicut

457 3476 558 3553 dixit.
584 3474 665 3553 Alia
696 3476 822 3554 illicita
853 3506 929 3553 non
955 3479 1236 3555 intervenerunt
1267 3478 1307 3554 in
1339 3474 1436 3556 dicu
1461 3506 1529 3557 sua
1559 3479 1777 3584 recepcione
1810 3503 1878 3554 nec

456 3625 554 3712 post,
578 3626 615 3683 et
636 3607 755 3684 credit
774 3610 877 3715 quod
906 3609 1038 3684 eadem
1065 3609 1336 3686 intervenirent
1348 3610 1609 3687 communiter
1632 3609 1677 3685 in.
1691 3607 1877 3713 recepcio-

455 3737 567 3813 nibus
597 3738 758 3815 aliorum
784 3739 940 3815 fratrum
967 3728 1056 3815 dicti
1084 3737 1228 3816 ordinis
1254 3736 1312 3815 vel
1337 3755 1442 3845 post,
1464 3739 1557 3846 quia
1575 3739 1656 3843 ipse
1685 3736 1774 3814 lecit
1792 3765 1877 3842 pre-

456 3869 569 3959 dicta,
592 3887 630 3945 et
654 3870 740 3976 quia
756 3870 847 3946 vidit
867 3870 982 3974 recipi
999 3868 1152 3945 fratrem
1167 3868 1420 3947 Guillelrnum
1448 3869 1495 3946 de
1515 3869 1679 3974 Massyas
1697 3866 1873 3953 militem,

453 4014 586 4073 testem
612 4001 664 4075 eri
696 4000 967 4086 examinatum,
995 4027 1063 4106 per
1089 3998 1242 4075 fratrem
1259 3998 1509 4076 Bernandum
1532 3995 1579 4072 de
1597 3994 1759 4101 Sartiges
1775 3993 1875 4069 mili-

456 4141 550 4214 tem,
573 4129 619 4203 ad
649 4128 924 4207 deffensionem
955 4129 1101 4207 ordinis
1130 4129 1449 4235 assumptum,·.in
1473 4126 1576 4204 dicta
1607 4123 1765 4230 capella,
1789 4141 1875 4201 sunt

455 4256 602 4333 circiter
624 4260 726 4346 anni,
749 4260 994 4367 ⁴presentibus
1028 4259 1205 4339 fratribus
1225 4260 1441 4367 Stephano,
1468 4257 1515 4335 ds
1541 4255 1715 4336 Glotonis
1743 4257 1876 4332 Lemo·

453 4388 623 4477 vicensis,
651 4388 859 4468 Guillelmo
886 4391 1022 4496 Aprilis
1053 4410 1092 4468 et
1123 4393 1234 4469 Petro
1262 4391 1309 4467 de
1337 4389 1532 4499 Alteyraoo
1561 4386 1876 4465 Claramnntensia

454 4519 682 4605 diocesianis,
711 4512 977 4610 seruientibus,
1008 4522 1110 4626 apud
1138 4522 1317 4599 Riomurn
1338 4520 1437 4598 dicte
1454 4517 1620 4597 diocesis
1635 4517 1815 4602 detenti&
1837 4532 1876 4590 et

452 4647 545 4721 vidit
576 4667 613 4723 et
646 4649 786 4726 audivit
815 4649 899 4756 ipae
926 4649 1046 4735 testis,
1076 4677 1151 4725 una
1180 4679 1266 4726 cum
1292 4648 1486 4755 predictis
1513 4645 1638 4725 tribus
1674 4641 1872 4729 fratribus,

453 4777 604 4881 quando
635 4778 764 4854 >dinus
790 4777 1190 4865 ·li·ator···Bertrandns‚
1226 4797 1311 4884 post
1345 4778 1595 4855 tradicionem
1638 4771 1874 4853 mannttiet
