4230 5956
629 466 821 561 raocts
848 485 943 559 nas
970 484 1268 557 rnurxxnns.
1584 486 1654 554 nr

238 625 325 703 fecit
351 652 439 702 eum
465 651 595 702 vovere
626 626 849 715 castitatem,
884 624 1163 715 obedienciam,
1184 625 1305 700 vivere
1325 624 1405 698 sine
1425 623 1597 727 proprio;
1620 640 1657 700 et

239 753 417 859 imposito
432 752 505 832 sibi
526 755 723 846 mantello,
744 756 824 862 ipse
844 772 882 831 et
896 782 1028 832 omnes
1047 770 1208 830 astantes
1221 752 1378 829 luerunt
1396 778 1484 826 eum
1502 751 1657 827 osculati

238 883 277 959 in
295 911 378 973 ore;
400 901 438 961 et
454 885 630 964 instruxit
649 913 737 964 eum
759 904 853 993 quot
871 888 984 962 Pater
1003 901 1118 962 noster
1136 884 1278 961 diceret
1297 909 1365 988 pro
1385 880 1489 958 horis
1503 881 1597 968 suis,
1621 897 1660 956 et

237 1012 399 1118 qualiter
417 1033 564 1121 regeret
582 1043 621 1092 se
641 1015 681 1091 in
701 1015 846 1093 ordine.
865 1017 1034 1119 Postque
1056 1013 1231 1090 omnibus
1247 1009 1511 1088 recedentibus
1531 1008 1579 1085 de
1600 1038 1659 1085 ca-

237 1141 354 1247 pella,
375 1143 514 1220 vocavit
534 1144 657 1249 ipsum
676 1163 810 1223 testem
832 1144 954 1221 solum
975 1145 1023 1222 ad
1038 1144 1240 1250 quamdam
1259 1168 1461 1226 cameram,
1478 1156 1515 1215 et
1533 1139 1657 1216 clauso

240 1271 354 1360 ostio,
375 1274 544 1379 precepit
563 1276 598 1351 ei
618 1275 722 1379 quod
741 1275 941 1382 abnegaret
959 1275 1101 1365 Deum;
1124 1290 1161 1349 et
1180 1302 1267 1350 cum
1288 1273 1366 1378 ipse
1381 1270 1487 1347 testis
1505 1298 1659 1376 respon-

240 1400 357 1477 disset
375 1430 417 1478 se
436 1404 509 1479 hoc
537 1405 784 1483 nullomodo
816 1404 1019 1494 iacturum,
1047 1404 1140 1481 dixit
1160 1403 1193 1478 ei
1219 1403 1325 1509 quod
1362 1402 1435 1479 boc
1463 1400 1659 1507 oportebat

241 1556 327 1605 eum
344 1529 480 1619 facere,
496 1532 582 1638 quia
605 1549 683 1609 erat
702 1533 750 1610 de
774 1534 923 1639 punctis
936 1532 1144 1638 religionis,
1160 1549 1199 1607 et
1209 1549 1301 1607 tunc
1320 1532 1398 1636 ipse
1417 1531 1523 1607 testis
1542 1530 1658 1607 abne-

238 1659 336 1765 gavit
360 1660 484 1737 Deum
505 1688 569 1738 ore
599 1690 675 1739 non
696 1662 824 1753 corde,
852 1679 896 1738 ut
914 1662 1018 1739 dixit.
1039 1661 1186 1738 Deinde
1213 1659 1378 1736 ostendit
1402 1660 1436 1735 ei
1456 1659 1657 1765 quamdam

240 1816 387 1865 crucem
407 1790 570 1898 ligneam
591 1792 799 1896 depictam,
821 1793 940 1868 nescit
958 1802 1026 1897 Per
1046 1819 1162 1896 quem
1188 1788 1353 1876 allatam,
1380 1806 1417 1864 et
1437 1788 1604 1893 precepit
1624 1788 1657 1861 ei

239 1919 344 2024 quod
357 1938 509 2025 spueret
536 1949 650 2025 super
678 1950 779 2010 eam,
807 1938 844 1997 et
869 1922 947 2025 ipse
977 1921 1099 2009 testis,
1127 1921 1265 1997 timens
1298 1917 1369 1994 sibi
1399 1934 1435 1992 et
1463 1917 1597 1994 dolens
1622 1937 1659 1994 et

239 2048 349 2136 flens,
370 2050 471 2154 spuit
489 2077 566 2126 non
587 2078 699 2154 super
724 2050 792 2125 sed
806 2050 911 2155 juxta
932 2077 1030 2136 eam,
1052 2066 1097 2124 ut
1113 2048 1216 2124 dixit.
1239 2046 1485 2124 Postmodum
1511 2046 1603 2122 dixit
1624 2048 1656 2122 ei

241 2176 365 2252 dictus
394 2195 567 2281 receptor
598 2178 720 2284 quod,
749 2179 959 2254 secundum
988 2177 1086 2253 dicta
1113 2194 1266 2282 puncta,
1292 2193 1439 2282 poterat
1464 2176 1658 2253 carnaliter

242 2301 475 2382 commisceri
495 2305 673 2383 fratribus
702 2305 845 2383 ordinis
873 2324 910 2382 et
930 2307 1000 2410 ipsi
1025 2334 1111 2382 cum
1132 2334 1195 2396 eo;
1223 2305 1296 2381 hoc
1313 2322 1440 2380 tamen
1465 2332 1541 2382 non
1572 2306 1658 2383 fecit

241 2461 310 2510 nec
334 2433 406 2511 fuit
424 2434 648 2540 requisitus,
668 2463 737 2511 nec
758 2435 877 2511 credit
896 2434 999 2542 quod
1024 2435 1215 2512 inordina
1236 2434 1360 2524 lieret3
1387 2434 1506 2511 credit
1530 2452 1658 2514 tamen

240 2563 345 2669 quod
364 2564 531 2670 predicta
556 2564 684 2641 illicita
704 2564 908 2642 consessata
926 2594 995 2670 per
1015 2594 1101 2642 eum
1122 2565 1390 2641 intervenirent
1409 2567 1658 2643 communiter

242 2693 280 2769 in
299 2695 583 2799 recepcionibus
609 2694 791 2783 aliorum;
817 2696 890 2772 boc
913 2713 1040 2771 tamma
1065 2695 1171 2772 aliter
1199 2696 1328 2771 nescit.
1357 2697 1466 2781 ltem,
1499 2695 1591 2772 dixit
1618 2724 1657 2772 se

242 2821 395 2899 credere
424 2823 528 2928 quod
556 2822 687 2901 fratres
719 2824 863 2903 ordinis
894 2824 1090 2901 crederent
1118 2823 1372 2901 ecclesiasticis
1401 2825 1654 2912 sacramentis,

241 2952 381 3056 quibus
400 2953 478 3058 ipse
498 2953 693 3042 credebat,
717 2971 755 3030 et
773 2954 878 3061 quod
899 2982 1031 3031 eorum
1046 2954 1258 3030 sacerdotes
1271 2953 1398 3030 debite
1413 2952 1653 3029 celebrarent.

240 3080 392 3159 Dictum
417 3081 488 3158 [uit
508 3084 541 3158 ei
563 3083 602 3158 in
621 3085 840 3190 recepcione
860 3113 927 3160 sua
946 3085 1051 3190 quod
1071 3086 1195 3160 statim
1215 3112 1284 3190 pro
1310 3082 1476 3190 professo
1497 3083 1660 3160 babeba-

240 3227 313 3287 tur.
331 3211 876 3318 Clandestinerecipiebantur,
893 3213 1009 3290 nullis
1022 3213 1262 3320 presentibus
1276 3213 1347 3290 nisi
1361 3212 1538 3291 fratribus
1556 3214 1659 3291 ordi-

242 3341 320 3427 nis,
344 3369 387 3418 ex
411 3370 489 3447 quo
520 3343 640 3420 credit
663 3345 768 3449 quod
788 3361 885 3420 esset
913 3343 1076 3448 suspicio
1103 3361 1230 3420 contra
1250 3372 1325 3422 eos.
1352 3342 1528 3421 Cordulis
1556 3344 1658 3419 unde

240 3470 417 3547 volebant
436 3473 636 3577 assumptis
655 3473 901 3580 cingebantur
912 3502 1023 3579 super
1037 3474 1206 3550 camisias
1219 3502 1305 3549 cum
1325 3455 1464 3578 quibus
1472 3473 1656 3578 jacebant.

243 3600 383 3677 Juravit
398 3600 502 3706 quod
521 3628 598 3678 non
612 3602 794 3678 revelaret
814 3619 955 3679 secreta
975 3601 1225 3707 capitulorum
1247 3630 1316 3677 nec
1336 3602 1493 3678 modum
1514 3631 1579 3678 sue
1602 3631 1659 3678 re-

131 3764 139 3785 ·
242 3729 441 3834 captionis3
456 3731 487 3806 si
500 3732 742 3818 revelassent,
756 3732 876 3807 nescit
888 3731 1050 3838 qualiter
1058 3731 1181 3837 puniti
1195 3729 1362 3808 fuissent.
1382 3732 1527 3806 Fratres
1543 3730 1659 3806 scien-

242 3873 300 3934 tes
318 3886 464 3936 errores
475 3857 630 3938 fuerunt
649 3859 879 3967 negligentes
895 3862 1073 3966 quianon
1089 3878 1328 3937 correxerunt
1348 3887 1412 3935 eos
1431 3887 1500 3934 nec
1520 3858 1660 3934 denun-

242 3988 432 4065 ciaverunt
449 3989 625 4068 Ecclesia.
646 3990 879 4067 Elemosinas
903 4008 940 4067 et
961 3990 1252 4095 hospitalitatem
1286 3989 1378 4064 vidit
1398 3988 1659 4064 convenienter

242 4115 325 4191 lieri
346 4133 384 4192 et
402 4120 537 4196 servari
565 4119 605 4195 in
629 4120 807 4198 domibus
831 4120 974 4198 ordinis
999 4121 1038 4195 in
1058 4119 1197 4223 quibus
1228 4117 1367 4192 exstitit
1394 4136 1657 4196 commoratus.

245 4242 427 4321 Ordinata
439 4275 460 4321 a
471 4247 648 4353 Magistro
665 4277 750 4325 cum
765 4265 950 4328 conventu
968 4264 1147 4324 servasset
1158 4263 1261 4322 totus
1275 4245 1384 4332 ordo,
1403 4263 1659 4354 contraquam

244 4399 346 4447 nunc
364 4373 519 4480 grandia
544 4375 732 4465 scandala,
754 4377 915 4481 suspicio
945 4392 982 4451 et
1002 4373 1153 4450 infamia
1181 4390 1271 4451 sunt
1293 4391 1436 4462 exorta,
1468 4394 1504 4452 et
1533 4394 1659 4454 contra

198 4510 204 4521 '
244 4527 360 4606 quem
380 4529 538 4609 magnus
557 4503 732 4609 Magister
746 4520 784 4581 et
803 4501 866 4581 alii
883 4504 1061 4581 dicuntur
1080 4502 1153 4579 alia
1167 4502 1280 4580 fixisse
1296 4500 1474 4593 confessi,
1491 4505 1538 4578 ad
1555 4507 1660 4612 cujus

245 4629 390 4708 ordinis
409 4632 682 4711 deffensionem
702 4662 742 4710 se
757 4633 957 4712 obtulerat.
1010 4659 1014 4665 ’
1121 4678 1124 4682 -

291 4759 516 4865 'Requisitus
531 4763 561 4839 si
573 4762 626 4839 sic
638 4765 864 4868 deposuerat
871 4791 998 4869 prece,
1015 4781 1212 4870 precepto,
1226 4764 1380 4853 timore,
1392 4791 1535 4854 amore,
1551 4765 1656 4854 odio,
