4230 5956
621 480 815 579 rnocss
840 498 936 572 ons
961 496 1258 572 reuertens.
1573 499 1647 575 us

290 637 348 716 Ad
367 635 603 719 xlvi-lxxxu
619 641 793 719 articulos
809 640 1001 730 inclusive,
1020 640 1218 747 diligenter
1238 658 1275 716 et
1287 638 1472 745 sigillatim
1489 640 1650 721 interro—

233 787 355 873 gatus,
370 768 597 876 respondens
611 772 756 878 negavit
771 773 870 877 ipsos
882 772 1056 848 articulos
1071 788 1109 846 et
1124 772 1249 847 omnia
1265 787 1303 846 et
1318 769 1462 874 singula
1478 790 1648 851 contenta

232 899 271 973 in
287 898 355 988 eis;
372 899 515 977 addens
535 929 574 976 se
595 926 663 977 uec
676 902 775 978 'scire
792 930 862 978 nec
880 902 1033 977 credere
1049 929 1122 1006 que
1138 902 1314 976 dicuntur
1329 901 1368 975 in
1384 898 1474 988 illis,
1490 928 1534 980 eo
1550 908 1648 982 salvo

232 1029 336 1132 quod
359 1029 427 1104 scit
446 1028 549 1134 quod
575 1028 703 1106 fratres
732 1031 818 1106 dicti
844 1030 1002 1121 ordinis,
1031 1056 1074 1105 ex
1094 1058 1170 1136 quo
1191 1047 1278 1105 sunt
1295 1030 1433 1135 recepti
1454 1031 1502 1106 ad
1523 1031 1646 1124 illum,

231 1175 406 1235 tenentur
426 1176 463 1235 et
482 1160 620 1236 debent
641 1178 788 1267 portare
814 1160 947 1268 singuli
971 1160 1133 1266 singulas
1154 1160 1322 1236 cordulas
1348 1162 1396 1237 de
1424 1160 1501 1237 lino
1521 1161 1578 1238 vel
1601 1164 1647 1239 de

233 1315 368 1393 canape
387 1317 454 1365 seu
474 1289 521 1365 de
544 1290 623 1365 lana
645 1318 755 1396 supra
775 1292 941 1367 camisias
957 1316 1058 1376 suas,
1073 1291 1119 1366 ad
1134 1291 1386 1395 restringenda
1404 1292 1524 1366 carnis
1539 1292 1645 1373 vicia.

233 1434 270 1491 et
289 1419 327 1493 in
348 1419 495 1524 siguum
517 1421 719 1497 honestatis
739 1437 776 1496 et
796 1419 970 1497 castitatis
987 1421 1204 1525 promissea
1225 1449 1274 1496 se.

288 1546 444 1625 Addidit
464 1566 588 1624 tamen
610 1551 711 1655 quod
737 1578 920 1656 nusquam
947 1577 1034 1626 cum
1057 1550 1234 1654 predictis
1261 1546 1423 1626 cordulis
1449 1551 1567 1655 capita
1593 1547 1648 1628 vel
1741 1556 1744 1563 '

230 1675 342 1781 ydola
363 1679 559 1785 cinguntur
578 1680 634 1755 vel
654 1696 865 1786 tanguntur,
883 1709 951 1755 nec
965 1679 1018 1756 eis
1033 1680 1246 1786 injungitur,
1264 1696 1376 1783 prout
1394 1679 1527 1766 credit,
1544 1681 1648 1785 quod

231 1823 330 1881 certe
352 1806 594 1913 longitudinis
614 1810 775 1887 debeant
795 1839 874 1886 esse
896 1811 992 1886 dicte
1009 1808 1180 1897 cordule,
1197 1808 1335 1914 quibus
1355 1809 1459 1885 omni
1477 1826 1647 1914 tempore

232 1935 370 2011 dehent
395 1966 473 2014 esse
499 1940 673 2043 precincti
696 1956 838 2015 etcum
861 1941 913 2015 eis
933 1939 1114 2026 dormire,
1140 1938 1206 2013 sed
1225 1936 1379 2013 fratrum
1400 1940 1559 2045 quisque
1575 1941 1645 2018 sibi

231 2094 291 2142 eas
307 2068 458 2144 assumit
472 2068 604 2146 breves
617 2068 673 2145 vel
687 2069 829 2174 longas,
845 2069 939 2163 sicut
952 2067 1087 2174 placet,
1104 2085 1240 2144 etcum
1257 2095 1318 2143 eas
1329 2069 1510 2173 contingit
1523 2071 1644 2173 rumpi

230 2212 409 2273 vetustate
428 2197 485 2274 vel
507 2200 578 2276 alio
598 2199 872 2304 quovismodo,
890 2198 1074 2303 recipiunt
1093 2198 1180 2273 alias
1199 2197 1295 2273 sicut
1307 2196 1445 2273 volunt.

286 2325 430 2433 Adjecit
453 2329 567 2402 eciam
591 2330 695 2432 quod
719 2328 850 2404 fratres
875 2327 962 2404 dicti
984 2327 1141 2414 ordinis,
1168 2327 1269 2404 omni
1293 2343 1457 2403 cessante
1476 2328 1646 2432 prohibi-

231 2457 351 2544 cione,
370 2486 435 2533 sua
450 2457 674 2534 confitentur
692 2475 839 2563 peccata
856 2485 933 2534 non
955 2457 1130 2534 fratribus
1145 2484 1216 2533 nec
1233 2458 1417 2563 magistris
1433 2485 1504 2532 nec
1518 2486 1648 2564 prece·

228 2588 395 2690 ptoribus
408 2588 535 2693 laycis,
548 2588 614 2664 sed
624 2589 799 2665 fratribus
810 2586 1007 2693 capellanis
1022 2605 1059 2663 et
1073 2587 1289 2693 presbiteris
1303 2586 1473 2692 ejusdem
1489 2587 1643 2678 ordinis,

230 2717 258 2790 si
278 2719 331 2794 eis
346 2719 555 2796 volentibus
570 2717 738 2796 confiteri
754 2719 848 2794 adsit
862 2717 1014 2794 facultas
1028 2716 1144 2793 libera
1159 2716 1322 2792 adeundi
1340 2716 1493 2792 eosdem
1508 2717 1647 2821 presbi-

228 2865 343 2935 teros,
365 2847 422 2924 vel
441 2849 470 2923 si
492 2848 639 2937 malint,
665 2849 821 2925 licenter
845 2848 1019 2925 fratribus
1037 2846 1333 2922 Predicatoribus
1360 2846 1416 2921 vel
1438 2847 1644 2924 Minoribus

229 2995 291 3051 aut
306 2977 388 3053 aliis
403 2978 591 3083 religionis
603 2977 819 3084 approbate,
838 2994 899 3053 aut
914 2976 1142 3054 secularibus
1156 2975 1371 3081 presbiteris
1385 2977 1643 3053 execucionem

229 3106 369 3181 ordinis
389 3107 624 3197 habentibus,
642 3124 798 3213 possunt
818 3135 882 3184 sua
901 3107 1069 3183 confiteri
1083 3122 1230 3212 peccata
1251 3124 1288 3183 et
1303 3106 1532 3210 penitencias
1551 3106 1644 3183 salu·

227 3254 322 3312 tares
342 3235 455 3313 abeis
472 3239 637 3343 recipere
657 3267 725 3343 pro
744 3239 913 3344 peccatis.
1313 3214 1320 3227 ι

283 3365 341 3441 Ad
359 3365 452 3442 illud
472 3385 597 3444 autem
618 3368 723 3473 quod
738 3369 777 3444 in
792 3367 954 3444 articulis
975 3366 1109 3444 dicitur
1129 3366 1174 3444 de
1195 3368 1424 3444 correctione
1439 3384 1476 3444 et
1494 3368 1646 3443 nuncia-

226 3497 328 3572 tione
350 3525 426 3573 non
447 3497 539 3574 sacta
560 3499 723 3576 Ecclesie
745 3528 812 3602 per
831 3498 1042 3604 superiores
1059 3499 1175 3602 ipsius
1195 3497 1356 3581 ordinis,
1377 3514 1414 3570 et
1430 3497 1477 3571 de
1493 3497 1594 3571 viciis
1609 3514 1646 3570 et

227 3628 445 3702 criminibus
470 3653 511 3702 ac
534 3630 722 3706 erroribus
739 3656 814 3703 non
835 3628 1011 3702 correctis
1031 3641 1068 3699 et
1087 3653 1107 3699 a
1126 3623 1302 3701 iratribus
1323 3624 1410 3699 dicti
1433 3625 1576 3700 ordinis
1590 3624 1645 3700 di·

226 3755 362 3842 missis,
392 3756 621 3859 respondens
647 3757 737 3830 dixit
761 3782 800 3830 se
831 3780 1014 3858 nusquam
1035 3754 1072 3828 in
1093 3752 1193 3828 dicto
1217 3753 1350 3829 ordine
1370 3751 1516 3828 audisse
1536 3780 1642 3829 men-

226 3885 366 3960 tionem
387 3885 468 3961 fieri
488 3886 758 3990 predictorum,
776 3913 844 3961 nec
859 3885 1006 3960 scitnec
1020 3883 1138 3960 credit
1151 3883 1256 3989 quod
1270 3884 1308 3958 in
1326 3884 1406 3988 ipso
1422 3881 1554 3960 ordine
1573 3912 1642 3959 nec

226 4015 265 4090 in
285 4014 406 4120 aliqua
421 4032 523 4120 parte
537 4016 617 4122 ejus
632 4015 738 4104 vicia,
762 4044 906 4091 errores
922 4032 958 4090 et
978 4014 1131 4090 crimina
1148 4012 1345 4119 dequibus
1366 4014 1486 4118 agitur
1505 4015 1543 4088 in
1559 4015 1642 4090 arti-

227 4145 335 4233 culis,
361 4145 558 4223 habuerint
587 4163 710 4240 ortum
740 4173 808 4221 nec
837 4144 1000 4232 initium,
1040 4172 1109 4219 nec
1138 4172 1303 4247 unquam
1334 4144 1371 4218 in
1403 4143 1535 4219 ordine
1558 4172 1643 4249 pre·

227 4275 326 4351 dicto
347 4275 470 4352 audita
490 4276 629 4353 luerint
648 4304 717 4352 nec
737 4277 851 4352 eciam
870 4291 1064 4379 acceptata.

199 4484 202 4489 ,
280 4405 531 4497 Quamobrem
556 4435 626 4482 nec
645 4407 873 4482 correctione
894 4432 964 4481 nec
986 4404 1248 4480 emendatione
1277 4432 1346 4481 nec
1372 4401 1642 4511 significatione

224 4534 390 4609 facienda
418 4535 579 4612 Ecclesie
605 4552 800 4641 eguerunt,
832 4535 918 4641 quia
944 4552 1018 4610 non
1044 4534 1170 4640 potuit
1193 4536 1360 4611 nunciari
1390 4534 1555 4610 Ecclesie
1586 4533 1643 4611 vel

225 4665 356 4770 corrigi
377 4666 480 4770 quod
500 4693 575 4742 non
593 4666 679 4753 luit,
700 4683 742 4742 ut
762 4666 890 4741 credit.

280 4796 336 4871 Ad
354 4794 491 4885 lxxiuu,
511 4797 645 4874 lnxruu
666 4813 703 4873 et
719 4798 822 4874 lxxxv
838 4796 1012 4874 articulos
1031 4796 1225 4885 inclusive,
1245 4795 1447 4902 diligenter
1458 4812 1496 4871 et
1506 4795 1643 4901 sigilla-

310 4953 415 5011 rnoc'ns
430 4972 482 5012 nus
497 4972 717 5014 nurciens-
727 4972 759 5011 u.
1433 4951 1472 5014 65
