4230 5956
734 445 931 538 rnocts
957 463 1054 535 mes
1080 416 1379 534 rnnrmnns.
1693 465 1763 537 sor

401 603 491 679 Acta
508 620 596 680 sunt
615 604 686 680 hec
705 630 821 694 anno,
841 604 1049 692 indicione,
1066 629 1211 690 mense,
1234 600 1468 708 pontificatu,
1488 601 1621 679 diebus
1634 621 1672 681 et
1684 602 1767 682 loco

345 731 540 839 predictis,
561 732 798 839 presentibus
817 733 999 841 religiosis
1020 751 1057 811 et
1081 733 1248 811 honestis
1268 731 1355 808 viris
1371 729 1545 808 fratribus
1563 732 1767 838 Reginaldo

343 863 468 968 priore
490 861 537 939 de
557 863 735 952 Pissiaco,
757 864 963 971 Reginaldo
989 864 1035 939 de
1060 863 1238 941 Credolio
1265 861 1407 939 ordinis
1421 861 1718 955 Predicatorum,
1733 883 1770 942 et

344 993 514 1070 discretis
532 993 620 1070 viris
637 994 833 1073 Clemente
849 994 897 1072 de
920 992 1144 1074 Castellione
1166 993 1417 1082 Nivernensis,
1442 1011 1479 1069 et
1499 994 1675 1100 magistro
1700 996 1770 1073 Re·

344 1124 496 1230 ginaldo
516 1123 563 1200 de
580 1122 801 1231 Albigniaco
816 1126 1056 1204 Bituricensis
1076 1125 1313 1202 ecclesiarum
1328 1122 1527 1215 canonicis,
1539 1141 1577 1201 et
1598 1122 1769 1230 pluribus
1849 1220 1860 1228 ι

345 1253 427 1330 aliis
448 1252 593 1330 clericis
614 1272 651 1332 et
671 1254 791 1343 laicis,
813 1255 971 1333 testibus
991 1254 1038 1329 ad
1053 1253 1125 1330 hec
1139 1254 1276 1332 vocatis
1291 1253 1499 1358 specialiter
1514 1270 1551 1329 et
1571 1255 1719 1360 rogatis.

400 1516 447 1591 Et
478 1542 547 1621 ego
567 1514 730 1592 Amisius
752 1516 798 1595 de
815 1516 1017 1595 Aureliano
1039 1515 1160 1591 dictus
1181 1514 1215 1591 le
1236 1514 1348 1604 Ratis,
1369 1515 1526 1593 clericus
1539 1536 1767 1597 sacrosancte

344 1647 509 1722 Romane
531 1645 702 1735 ecclesie,
717 1647 885 1724 notarius
898 1644 1088 1753 publicus,
1104 1645 1295 1750 premissis
1309 1647 1606 1752 juramentorum
1627 1666 1768 1752 presta·

344 1774 515 1853 cionibus
531 1792 568 1852 et
585 1775 898 1867 confessionibus,
914 1793 952 1854 et
967 1776 1142 1854 omnibus
1157 1774 1239 1853 aliis
1249 1793 1286 1853 et
1301 1775 1472 1880 singulis,
1489 1792 1601 1879 prout
1613 1775 1654 1853 i'n
1669 1795 1766 1855 carta

343 1934 410 1982 seu
428 1907 532 2011 pecia
551 1907 715 2012 presenti
733 1925 772 1983 et
788 1905 1078 2012 precedentibus
1094 1933 1180 1983 meo
1197 1905 1303 2010 signo
1321 1905 1471 2010 signatis
1485 1905 1633 2010 plenius
1647 1909 1767 1986 conti·

342 2052 491 2124 nentur,
521 2064 594 2112 una
610 2065 695 2113 cum
711 2035 858 2141 scriptis
886 2035 1044 2111 testibus
1084 2052 1122 2111 et
1149 2034 1336 2140 magistris
1363 2033 1544 2113 Gaufrido
1575 2037 1767 2144 Enguelor

344 2165 444 2243 dicto
459 2164 620 2270 Chalop,
642 2165 814 2243 Iohanne
832 2165 884 2243 de
905 2165 1065 2243 Pruvino
1090 2181 1127 2241 et
1148 2165 1274 2242 Eveno
1294 2165 1390 2241 Phili
1417 2165 1570 2243 notariis
1586 2166 1763 2271 publicis,

343 2324 495 2402 presens
514 2294 687 2383 interlui,
714 2323 756 2371 ac
783 2295 831 2373 de
858 2297 1032 2373 mandato
1063 2295 1294 2401 inquisitoris
1321 2295 1477 2401 predicti
1512 2297 1603 2373 huic
1626 2298 1765 2375 instru-

344 2444 470 2504 mento
498 2455 559 2503 me
584 2425 785 2530 subscripsi
806 2427 844 2501 in
863 2426 1120 2523 testimonium
1148 2425 1435 2530 premissorum,
1467 2425 1636 2534 illudque
1661 2428 1765 2536 signo

343 2585 428 2635 meo
444 2556 555 2635 solito
569 2556 706 2662 signavi
723 2572 884 2663 rogatus.

399 2820 446 2895 Et
465 2846 534 2925 ego
554 2817 759 2898 Gauhidus
779 2817 969 2924 Enguelor
987 2816 1107 2894 dictus
1130 2818 1290 2922 Chalop,
1312 2818 1469 2897 clericus
1486 2818 1661 2897 Dolensis
1686 2821 1765 2897 dio·

344 2950 454 3039 cesis,
476 2949 677 3057 apostolice
696 2949 916 3027 auctoritate
932 2948 1101 3026 notarius
1120 2948 1310 3052 publicus,
1332 2936 1521 3053 premissis
1536 2950 1712 3028 omnibus
1727 2970 1766 3028 et

342 3080 497 3186 singulis
509 3081 549 3156 in
565 3080 638 3157 hoc
653 3097 691 3157 et
704 3081 873 3187 quinque
884 3079 966 3157 aliis
976 3079 1193 3156 immediate
1203 3080 1492 3185 precedentibus
1505 3081 1637 3187 peciis,
1652 3081 1765 3160 simul

343 3211 452 3299 sutis,
473 3211 658 3289 contentis
678 3227 715 3287 et
734 3210 841 3317 signo
856 3237 943 3293 meo
961 3210 1129 3316 signatis,
1153 3239 1224 3287 una
1245 3239 1329 3287 curn
1352 3210 1536 3319 magistris
1555 3211 1697 3290 Amisio
1716 3212 1764 3288 de

342 3341 545 3419 Aureliano
563 3341 751 3447 predicto,
774 3339 944 3419 iohanne
971 3342 1018 3418 de
1037 3341 1198 3418 Pruvino
1220 3358 1257 3417 et
1273 3344 1398 3420 Eveno
1414 3341 1526 3430 Phili,
1548 3342 1679 3419 eadem
1701 3371 1766 3421 au-

343 3472 509 3550 ctoritate
529 3471 684 3549 notariis
700 3471 881 3578 publicis,
901 3490 939 3550 et
957 3469 1117 3550 testibus
1131 3472 1404 3578 suprascriptis,
1425 3500 1579 3577 presens
1593 3473 1763 3565 interfui,

344 3619 395 3692 et,
421 3603 664 3680 demandato
687 3603 774 3680 dicti
807 3603 1052 3709 inquisitoris,
1075 3630 1135 3679 me
1155 3602 1372 3708 subscripsi,
1402 3618 1439 3678 et
1467 3603 1614 3707 signum
1636 3630 1764 3679 meum

321 3824 324 3828 ¹
344 3733 499 3840 apposui
519 3749 743 3811 consuetum
763 3750 913 3811 vocatus
933 3750 971 3811 ct
983 3749 1149 3838 rogatus.
1246 3796 1251 3801 .

398 3995 447 4070 Et
465 4020 535 4100 ego
547 3994 692 4072 Evenus
707 3994 814 4101 Phily
834 3992 881 4071 de
905 3996 1040 4072 Sancto
1060 3993 1204 4070 Nicasio
1228 3992 1402 4081 clericus,
1419 3991 1619 4097 apostolica
1646 3992 1766 4099 publi·

344 4149 409 4197 cus
436 4123 653 4199 auctoritate
687 4123 869 4208 notarius,
889 4123 1092 4228 premissis
1121 4123 1423 4228 juramentorum
1451 4122 1762 4226 prestacionibus,

344 4248 639 4330 confessionibus
665 4268 703 4330 et
728 4252 917 4358 premissis
941 4249 1117 4329 omnibus
1137 4252 1175 4325 in
1195 4250 1264 4325 hac
1282 4252 1444 4355 presenti
1466 4269 1563 4329 carta
1580 4270 1619 4330 et
1634 4280 1764 4358 prece·

344 4380 519 4460 dentibus
529 4383 729 4471 contentis,
744 4382 852 4488 signo
861 4408 947 4459 meo
955 4380 1122 4488 signatis,
1137 4408 1302 4458 unacum
1313 4381 1467 4459 notariis
1478 4382 1639 4487 publicis
1655 4400 1694 4460 et
1709 4400 1765 4460 ts·

344 4512 464 4590 stibus
478 4512 715 4618 supradictis,
728 4539 883 4619 presens
896 4509 1063 4600 interfui,
1082 4529 1133 4600 et,
1153 4512 1391 4588 demandato
1410 4512 1497 4589 dicti
1513 4514 1762 4619 inquisitoris,

344 4643 406 4721 hic
416 4672 477 4721 me
492 4643 684 4750 suscripsi,
702 4659 739 4721 et
750 4672 824 4720 una
835 4672 920 4720 cum
932 4643 1049 4751 signis
1057 4659 1096 4720 et
1108 4642 1325 4752 subscriptis
1335 4644 1522 4722 dictorum
1532 4644 1763 4726 notariorum

344 4774 492 4880 signnm
508 4802 636 4853 meum
656 4790 877 4853 consuetum
895 4775 1051 4881 apposui
1066 4791 1228 4880 rogatus.
