4230 5956
673 475 867 570 nnocts
894 495 989 568 nus
1015 493 1314 574 innectens,
1659 501 1704 571 51

281 638 377 716 festo
387 635 496 715 beate
509 637 626 715 Marie
638 638 685 715 de
699 638 913 748 Septembri
926 637 1098 747 proximo
1107 637 1289 743 preterito
1300 635 1457 713 fuerunt
1468 662 1603 714 novem
1620 640 1707 715 anni

279 767 339 848 vel
356 768 545 875 circa,per
559 768 804 877 lladulphum
822 771 870 848 de
883 770 976 862 Gisi,
994 785 1129 848 testem
1145 797 1254 875 supra
1264 767 1535 860 examinatum,
1553 796 1708 874 presen-

278 899 382 977 tibus
398 897 577 978 fratribus
588 902 760 981 Johanne
777 902 815 981 le
829 902 981 982 Mambe
1000 918 1038 980 et
1057 901 1227 979 Jobanne
1247 900 1423 1011 bergerio
1443 898 1706 993 servientibus,

280 1029 327 1108 de
342 1059 507 1138 quorum
516 1031 590 1129 yita
605 1033 665 1110 vel
679 1052 802 1113 morte
817 1061 896 1114 non
911 1033 1027 1113 babet
1041 1032 1322 1124 certitudinem,
1337 1049 1375 1110 et
1386 1031 1613 1140 quibusdam
1626 1031 1709 1110 aliis

280 1162 327 1240 de
342 1161 480 1268 quibus
491 1192 569 1242 non
579 1167 809 1258 recordatur,
826 1167 866 1245 in
882 1168 985 1246 hunc
999 1167 1159 1244 modum
1174 1198 1183 1244 ε
1200 1195 1289 1243 nam
1304 1194 1392 1244 cum
1404 1164 1574 1271 petiisset
1585 1179 1644 1241 ter
1656 1163 1710 1240 in-

279 1293 462 1400 terpolate
476 1325 615 1402 panem
633 1314 672 1376 et
684 1328 838 1406 aquam,
852 1327 1058 1406 pauperem
1074 1297 1250 1377 vestitum
1265 1314 1304 1376 et
1316 1296 1532 1376 societatem
1548 1295 1707 1375 fratrum

279 1423 435 1516 ordinis,
457 1428 614 1534 prestito
638 1428 684 1506 ab
706 1458 752 1507 eo
770 1459 841 1537 per
853 1430 1113 1540 juramentum
1128 1431 1234 1537 quod
1255 1458 1333 1508 non
1355 1445 1434 1507 erat
1457 1427 1600 1507 servilis
1624 1455 1708 1506 con·

279 1555 441 1635 dicionis
454 1588 525 1637 nec
539 1562 887 1642 excommunicatus
900 1591 971 1642 nec
980 1562 1223 1642 matrimonio
1237 1563 1296 1640 vel
1310 1560 1484 1669 religioni
1495 1560 1601 1638 alteri
1615 1558 1707 1638 obli·

277 1703 405 1793 gatus,
428 1685 466 1766 et
484 1691 589 1798 quod
610 1721 689 1771 non
709 1693 877 1774 babebat
894 1693 1155 1772 infirmitatem
1174 1694 1376 1782 latentem,
1395 1693 1516 1771 dictus
1534 1708 1707 1799 receptor
1798 1670 1801 1675 ¹

276 1816 461 1898 leciteum
469 1850 602 1900 vovere
614 1842 652 1902 et
658 1825 787 1933 jurare
799 1852 911 1933 supra
923 1826 1130 1934 quemdam
1143 1826 1285 1903 librum
1294 1824 1517 1914 castitatem,
1530 1822 1708 1901 obedien·

279 1949 394 2040 ciam,
412 1953 536 2032 vivere
555 1955 636 2033 sine
656 1957 830 2065 proprio,
847 1974 887 2053 et
905 1958 1011 2065 quod
1032 1984 1111 2035 non
1136 1975 1234 2035 esset
1250 1957 1290 2033 in
1309 1956 1394 2034 loco
1416 1957 1454 2031 in
1475 1982 1557 2061 quo·
1572 1953 1706 2061 aliquis

276 2083 404 2161 studio
432 2113 501 2162 suo
530 2087 825 2165 exhederaretur
842 2086 1009 2196 lnjuste3
1040 2115 1118 2195 quo
1145 2086 1258 2176 facto,
1292 2085 1475 2192 imposuit
1500 2083 1572 2161 sibi
1601 2114 1706 2162 man·

274 2211 430 2303 tellum,
452 2215 587 2323 etipse
604 2234 643 2295 et
660 2234 823 2297 astantes
843 2216 1003 2297 osculati
1023 2216 1180 2294 fuerunt
1199 2243 1287 2292 eum
1308 2215 1353 2291 in
1364 2243 1441 2293 ore.
1457 2214 1705 2295 Postmodum

276 2344 452 2422 instruxit
464 2374 552 2423 eum
567 2364 662 2453 quot
672 2349 787 2426 Pater
805 2361 922 2426 noster
939 2347 1082 2424 diceret
1096 2375 1165 2453 pro
1182 2345 1287 2424 horis
1303 2345 1397 2435 suis,
1416 2362 1454 2422 et
1467 2344 1631 2452 qualiter
1645 2373 1705 2424 re-

274 2492 381 2583 geret
400 2504 440 2554 se
459 2476 500 2553 in
520 2476 666 2556 ordine.
694 2478 844 2558 Deinde
870 2477 1034 2556 ostendit
1054 2477 1126 2556 sibi
1146 2477 1351 2585 quamdam
1371 2505 1522 2554 crucem
1541 2476 1704 2585 ligneam

274 2606 314 2681 in
335 2636 408 2712 qua
430 2625 510 2686 erat
524 2637 659 2718 ymago
679 2608 874 2702 Crucifixi,
897 2625 936 2687 et
953 2609 1068 2717 peciit
1087 2610 1134 2687 ab
1157 2637 1223 2699 ec,
1250 2608 1333 2686 aliis
1351 2608 1568 2686 videntibus
1588 2626 1625 2687 et
1639 2637 1705 2687 au·

278 2734 484 2830 dientibus,
504 2739 535 2817 si
561 2740 739 2819 credebat
760 2741 867 2848 quod
893 2741 990 2818 dicta
1009 2769 1144 2850 ymago
1169 2739 1347 2819 Crucifixi
1370 2756 1467 2816 esset
1485 2740 1604 2828 Deus3
1625 2769 1702 2846 quo

275 2867 529 2974 respondente
546 2871 652 2978 quod
664 2900 768 2962 non,
779 2872 847 2949 sed
861 2872 967 2981 quod
984 2887 1064 2949 erat
1080 2869 1354 2977 representacio
1369 2869 1440 2949 Dei
1456 2888 1494 2946 et
1509 2869 1700 2961 crucifixi,

275 2999 368 3079 dixit
383 2999 419 3076 ei
438 3001 543 3107 quod
564 3028 643 3080 non
666 3004 838 3082 crederet
856 3003 898 3081 in
920 3001 1030 3079 illum
1053 3001 1119 3109 qui
1139 3001 1467 3108 representabatur
1480 3029 1549 3108 per
1564 3000 1701 3079 dictam

274 3131 503 3239 ymaginem,
521 3132 699 3240 quianon
713 3131 836 3212 fuerat
851 3135 967 3228 Deus,
985 3133 1053 3212 sed
1067 3132 1182 3212 salsus
1193 3135 1394 3240 propbeta,
1416 3151 1454 3211 et
1467 3133 1572 3241 quod
1586 3131 1703 3210 abne·

274 3280 378 3369 garet
394 3263 519 3372 ipsum
529 3299 544 3358 ς
567 3282 605 3343 et
620 3295 707 3344 cum
727 3266 808 3375 ipse
823 3267 931 3346 testis
949 3265 1207 3373 respondisset
1230 3266 1335 3374 quod
1361 3264 1563 3343 boc‘nullo
1584 3262 1702 3341 modo
1810 3329 1812 3334 .

275 3392 427 3487 laceret,
451 3396 544 3473 dixit
557 3396 592 3473 ei
611 3396 716 3504 quod
735 3399 807 3476 hoc
822 3398 1022 3506 oportebat
1037 3425 1125 3474 eum
1139 3399 1277 3485 facere,
1292 3397 1381 3504 quia
1396 3412 1476 3474 erat
1489 3396 1537 3473 de
1553 3395 1702 3502 punctis

274 3525 483 3635 religionis,
504 3545 543 3605 et
567 3545 659 3606 tunc
675 3528 756 3635 ipse
775 3531 897 3620 testis,
923 3531 1064 3609 timens
1084 3529 1173 3622 sibi,
1195 3545 1240 3606 ut
1257 3529 1367 3619 dixit,
1396 3529 1485 3635 quia
1511 3544 1590 3605 erat
1607 3527 1701 3604 cirea

275 3685 463 3750 auroram,
490 3687 539 3737 ne
567 3659 735 3740 deterius
760 3662 794 3739 ei
815 3663 1067 3771 contingeret,
1094 3660 1187 3739 dixit
1206 3660 1311 3768 quod
1336 3658 1546 3768 abnegabat
1563 3658 1700 3736 dictam

274 3790 497 3900 imaginem,
513 3820 592 3870 non
606 3821 741 3900 gerens
756 3795 796 3870 in
810 3795 955 3884 animo,
970 3811 1015 3871 ut
1028 3793 1137 3884 dixit,
1151 3794 1256 3901 quod
1275 3792 1480 3902 abnegaret
1493 3792 1618 3870 Deum
1632 3816 1702 3864 nec

274 3921 431 4000 Jhesum
465 3923 661 4003 Christum
694 3927 761 4033 qui
791 3925 1122 4034 representabatur
1154 3953 1222 4033 per
1248 3925 1385 4002 dictam
1413 3921 1634 4028 imaginem,
1664 3936 1702 3995 et

275 4053 413 4132 dictam
433 4054 728 4164 abnegacionem
747 4056 921 4164 imaginis
939 4056 1028 4134 lecit
1053 4084 1117 4133 ore
1139 4084 1218 4132 non
1239 4054 1370 4141 corde,
1387 4070 1430 4127 ut
1447 4049 1551 4127 dixit.
1568 4051 1701 4128 Postea

273 4185 442 4291 precepit
460 4186 495 4263 ei
515 4187 620 4294 quod
639 4205 793 4295 spueret
807 4217 919 4294 supra
938 4214 1088 4264 crucem
1107 4186 1246 4291 pictam
1266 4186 1304 4260 in
1320 4183 1493 4291 ejusdem
1508 4183 1628 4261 crucis
1641 4182 1701 4259 vel

274 4313 346 4391 Dei
366 4313 604 4420 despectum,
626 4319 791 4394 sednon
811 4317 946 4394 recolit
963 4314 1064 4392 hene
1084 4315 1115 4391 si
1143 4313 1235 4391 dixit
1250 4315 1290 4391 in
1309 4314 1529 4423 despectum
1548 4314 1619 4392 Dei
1642 4313 1719 4390 vel'

276 4444 413 4533 crucis,
435 4461 474 4523 et
489 4462 583 4524 tunc
601 4447 680 4553 ipse
694 4445 801 4524 testis
815 4445 919 4553 spuit
934 4474 1013 4524 non
1032 4475 1143 4553 supra
1163 4446 1232 4524 sed
1245 4446 1351 4555 juxta
1369 4446 1507 4523 dictam
1527 4470 1698 4535 crucem,

275 4576 365 4683 quia
385 4575 479 4654 dixit
497 4577 532 4654 ei
551 4578 656 4685 quod
675 4578 751 4656 boc
773 4594 853 4657 erat
867 4578 914 4656 de
932 4578 1082 4684 punctis
1101 4576 1261 4670 ordinis,
1284 4579 1332 4656 de
1352 4577 1433 4656 aliis
1453 4575 1594 4654 illicitis
1613 4602 1702 4653 con·

276 4708 391 4789 tentis
409 4709 449 4788 in
464 4710 632 4790 articulis
645 4738 724 4790 non
744 4709 819 4790 fuit
836 4712 987 4791 locutus
1004 4711 1149 4805 eidem,
1171 4712 1238 4789 sed
1255 4711 1348 4790 dixit
1367 4713 1400 4789 ei
1424 4711 1529 4819 quod
1547 4709 1610 4788 alii
1630 4709 1703 4787 fra-

276 4855 353 4920 tres
378 4841 527 4922 ordinis.
552 4843 785 4927 instruerent
810 4872 898 4924 eum
930 4845 979 4924 de
1002 4844 1100 4930 aliis,
1135 4843 1224 4952 quia
1249 4843 1328 4951 ipso
1356 4861 1437 4924 erat
1462 4842 1702 4952 prolecturus
