4230 5956
697 455 891 547 rnocss
916 476 1012 547 uss
1036 474 1334 551 rnurnrsns.
1652 474 1726 551 tos

310 616 411 694 Dixit
430 616 545 690 eciam
558 643 625 719 per
637 616 895 722 juramentum
910 644 1021 692 suum
1035 617 1156 693 dictus
1170 631 1342 721 receptus
1356 615 1475 721 quod,
1492 634 1577 719 post
1590 616 1727 695 multas

308 744 639 850 promissionesab
660 772 714 821 eo·
726 743 836 822 facus
851 747 899 823 de
919 747 1062 824 statutis
1083 764 1120 822 et
1137 746 1289 823 secretis
1306 744 1450 823 ordinis
1469 745 1725 834 observandis,

309 893 346 952 et
363 874 540 952 mantello
560 876 629 953 sibi
643 876 692 952 ad
705 876 844 953 collum
858 877 999 984 posito,
1022 877 1144 954 dictus
1158 878 1342 983 recipiens
1363 877 1469 954 duxit
1483 903 1570 953 eum
1586 877 1634 952 ad
1649 904 1728 981 par-

308 1026 401 1097 tem,
429 1026 467 1085 et
485 1006 671 1084 sublevata
690 1025 789 1084 veste
809 1036 891 1097 sua,
917 1009 1084 1114 precepit
1103 1008 1174 1085 sibi
1199 1008 1305 1112 quod
1332 1006 1561 1084 oscularetur
1579 1033 1667 1087 eum
1690 1008 1728 1084 in

310 1139 503 1228 umbili003
525 1155 563 1214 et
579 1138 667 1243 quia
685 1136 786 1215 idem
805 1138 988 1243 recipiens
1006 1156 1085 1215 erat
1102 1138 1291 1217 scabiosus
1307 1139 1345 1214 in
1365 1155 1509 1224 ventre,
1535 1138 1655 1215 dictus
1677 1166 1730 1213 re-

310 1285 439 1374 ceptus
454 1268 559 1345 finxit
572 1295 612 1344 se
626 1267 785 1345 osculari
800 1296 888 1346 eum
902 1269 970 1356 ibi,
992 1270 1059 1346 sed
1075 1296 1269 1375 nunquam
1283 1269 1406 1374 tetigit
1420 1268 1492 1345 nisi
1508 1268 1556 1344 de
1569 1296 1670 1345 naso.

364 1400 456 1474 Item
484 1397 576 1473 dixit
602 1425 669 1501 per
681 1399 938 1503 juramentum
958 1427 1069 1476 suum
1094 1401 1197 1505 quod
1219 1398 1339 1476 dictus
1363 1398 1548 1504 recipiens
1567 1399 1730 1476 ostendit

309 1526 379 1603 sibi
399 1527 601 1632 quamdam
627 1555 776 1605 crucem
793 1527 929 1606 coloris
948 1528 1090 1615 viridis,
1114 1546 1156 1605 ut
1175 1529 1374 1606 videbatur
1393 1529 1481 1615 sibi,
1504 1546 1541 1604 et
1564 1530 1730 1632 precepit

309 1656 379 1734 sibi
399 1658 504 1763 quod
521 1675 673 1763 spueret
689 1687 800 1764 supra
820 1687 919 1747 eam,
937 1661 1025 1765 quia
1039 1660 1124 1737 talis
1142 1677 1222 1736 erat
1245 1660 1382 1737 modus
1400 1658 1559 1745 ordinis,
1583 1675 1622 1735 et
1640 1675 1730 1735 tunc

308 1787 387 1892 ipse
403 1787 510 1865 finxit
525 1816 564 1864 se
582 1766 716 1893 spuere
732 1817 844 1893 supra
857 1818 956 1877 eam,
979 1790 1047 1865 sed
1060 1790 1161 1895 spuit
1175 1789 1223 1865 ad
1236 1806 1388 1865 terram.
1410 1788 1511 1865 Dixit
1528 1788 1643 1863 eciam
1663 1817 1731 1893 per

304 1918 560 2023 juramentum
572 1946 683 1995 suum
696 1919 809 2024 quod
825 1919 947 1997 dictus
970 1920 1154 2023 recipiens
1173 1920 1339 2025 precepit
1359 1917 1430 1994 sibi
1451 1918 1555 2022 quod
1574 1918 1728 1997 omnino

309 2047 511 2125 abstineret
532 2077 553 2124 a
572 2048 811 2136 mulieribus,
834 2064 871 2126 et
889 2049 993 2154 quod
1012 2049 1130 2126 lectus
1149 2062 1241 2125 s'uus
1260 2067 1356 2126 esset
1373 2049 1585 2125 communis
1607 2048 1729 2125 fratri·

309 2179 398 2267 bus;
415 2179 482 2256 sed
497 2179 705 2285 nescitque
720 2179 936 2257 intencione
949 2179 1107 2256 dicebat.

366 2312 616 2414 Interrogatus
635 2338 703 2415 per
717 2309 974 2416 juramentum
990 2326 1119 2387 utrum
1140 2311 1220 2416 ipse
1235 2310 1285 2399 vi,
1300 2310 1358 2387 vel
1372 2328 1477 2388 metu
1492 2311 1648 2387 carceris
1661 2339 1729 2387 seu

176 2495 181 2504 .
309 2457 602 2529 tormentorum,
617 2457 681 2516 aut
701 2438 806 2528 alias,
825 2441 864 2514 in
881 2439 1072 2545 premissis
1091 2441 1336 2517 immiscuerit
1345 2441 1402 2515 vel
1417 2440 1551 2516 dixerit
1565 2440 1727 2546 aliquam

310 2569 523 2655 salsitatem,
551 2587 615 2648 aut
639 2570 860 2648 subticuerit
886 2571 1093 2660 veritatem,
1123 2571 1215 2655 dixit
1243 2600 1311 2677 per
1334 2571 1589 2677 juramentum
1618 2600 1728 2648 suurn

309 2701 414 2805 quod
434 2728 529 2786 non,
550 2717 588 2777 et
606 2701 713 2807 quod
731 2729 862 2806 puram
882 2702 1075 2779 veritatem
1097 2701 1188 2778 dixit
1207 2719 1244 2778 et
1263 2730 1417 2777 merom.

366 2963 458 3037 Item
478 2990 595 3050 anno,
618 2962 824 3054 indicione,
847 2962 1061 3067 pontificatu
1083 2977 1122 3038 et
1141 2962 1203 3039 die
1222 2988 1282 3039 xxx
1301 2962 1514 3039 novembris
1533 2962 1728 3067 predictis,

309 3092 348 3164 in
365 3090 453 3166 dicti
466 3090 587 3169 fratris
602 3091 797 3169 Laurencii
812 3093 861 3168 de
875 3092 1052 3169 Nannetis
1071 3091 1314 3169 commissarii
1335 3091 1479 3169 domini
1499 3090 1731 3197 inquisitoris

308 3218 456 3323 prefati,
478 3238 648 3299 nostrum
658 3221 896 3299 'notariorum
913 3221 1154 3328 publicorum
1170 3238 1208 3298 et
1222 3222 1378 3298 testium
1397 3221 1729 3326 infr-ascripturum,
1790 3303 1793 3307 ,

308 3351 552 3453 personaliter
571 3352 794 3430 constitutus
812 3351 927 3430 frater
939 3351 1112 3429 Nicolaus
1131 3353 1179 3429 de
1200 3351 1387 3431 Mesnillio
1409 3353 1543 3431 sixbtus
1562 3354 1730 3430 Montem

308 3480 511 3573 Desiderii‚
530 3481 635 3559 etatis
649 3483 918 3589 quinquaginta
933 3501 1096 3589 quatuor
1111 3483 1167 3559 vel
1182 3482 1294 3571 circa,
1308 3484 1457 3589 juratus
1469 3500 1510 3559 et
1530 3482 1730 3588 requisitus

310 3613 444 3687 eodem
464 3612 598 3702 modo,
616 3611 708 3689 dixit
725 3642 792 3719 per
805 3614 1063 3719 juramentum
1087 3641 1197 3689 suum
1223 3613 1328 3717 quod
1353 3638 1427 3687 xxu
1448 3612 1534 3688 anni
1561 3610 1619 3687 vel
1633 3612 1730 3687 circa

311 3758 420 3818 erunt
433 3744 471 3817 in
486 3740 580 3819 festo
590 3741 856 3820 Penthecostes
868 3743 1037 3848 proximo
1053 3741 1192 3829 futuro,
1209 3741 1313 3846 quod
1328 3741 1407 3846 ipse
1421 3738 1492 3817 tuit
1502 3756 1675 3846 receptus
1690 3742 1729 3817 in

310 3871 423 3948 domo
437 3872 485 3948 de
500 3873 669 3949 Puisiaus
681 3872 813 3950 subtus
833 3873 1073 3961 Laudunum‚
1097 3899 1164 3978 per
1177 3871 1329 3949 [ranem
1340 3873 1492 3948 Petrum
1502 3871 1729 3947 Normannie

309 4000 481 4090 militem,
504 4020 761 4108 preceptorem
782 4001 928 4080 ballivis
944 4003 1218 4093 taurianensis,
1240 4000 1479 4108 presentibus
1492 3999 1604 4077 fratre
1622 4000 1733 4080 Guil-

309 4130 422 4207 lelmo
453 4133 501 4209 de
527 4135 643 4240 Braye
674 4134 1009 4241 preceptoremsde
1036 4132 1230 4221 Moisiaco‚
1257 4149 1295 4210 et
1322 4132 1550 4239 quibusdam
1576 4131 1658 4209 aliis
1682 4131 1730 4207 ds

308 4289 471 4367 quorum
491 4264 707 4340 nominibus
726 4292 804 4341 non
819 4263 971 4352 recolit3
990 4279 1028 4341 et
1047 4264 1140 4340 dixit
1159 4261 1263 4368 quod
1290 4262 1412 4340 dictus
1440 4261 1624 4368 recipiens
1643 4261 1731 4338 fecit

308 4390 377 4466 sibi
388 4391 514 4498 jurare
524 4394 628 4499 quod
643 4394 722 4498 ipse
738 4410 900 4471 servaret
919 4410 1054 4469 statuta
1071 4392 1215 4470 ordinis
1234 4408 1272 4468 et
1290 4409 1447 4479 secreta,
1464 4407 1503 4469 et
1515 4409 1646 4497 postea
1661 4388 1732 4467 fuit

308 4521 378 4598 sibi
400 4523 619 4600 mantellum
638 4524 685 4601 ad
711 4524 849 4602 collum
871 4523 1051 4630 positum,
1074 4540 1112 4600 et
1132 4523 1318 4601 osculatus
1341 4522 1413 4601 fuit
1431 4522 1732 4628 recipientem-et

308 4652 401 4730 alios
420 4653 551 4732 fratres
567 4655 606 4733 in
626 4684 706 4744 ore,
726 4674 764 4733 et
782 4673 874 4732 tunc
888 4655 1012 4733 dictus
1024 4655 1208 4761 recipiens
1219 4654 1389 4762 precepit
1401 4653 1507 4731 fratri
1527 4652 1731 4731 Guillelmo
1865 4730 1867 4735 ⁴

309 4785 355 4861 dc
379 4786 494 4892 Braye
513 4787 618 4892 quod
638 4786 708 4863 alia
730 4803 972 4893 que-oportet
1000 4782 1084 4867 fieri
1105 4787 1144 4864 in
1166 4785 1298 4863 ordine
1317 4785 1389 4863 sibi
1411 4783 1551 4863 faceret
1568 4781 1672 4872 fieri,
1695 4798 1733 4859 et

1511 4932 1560 4993 51.
