4230 5956
695 464 891 555 Psochs
916 482 1013 556 DES
1036 482 1336 557 Tntwttntts
1653 492 1727 565 lli

310 622 421 698 frater
430 619 519 696 dicti
529 619 671 697 ordinis
681 640 832 699 vocatus
841 622 1141 702 fraterHenricus
1154 624 1365 732 Flamingus
1380 622 1621 704 condixerant
1633 626 1729 707 inter

308 781 347 829 se
374 750 477 857 quod
496 752 594 828 irent
613 751 660 827 ad
679 750 807 831 sedem
827 754 1062 863 apostolicam
1086 756 1133 833 ad
1154 756 1427 863 impetrandum
1447 754 1726 837 absolucionem

308 909 411 958 suam
431 898 470 957 et
487 880 679 959 licenciam
693 883 909 962 transeundi
924 886 972 961 ad
991 885 1100 963 aliam
1120 886 1352 994 religionem.
1371 886 1581 995 lleqnisitus
1597 904 1727 967 utrum

306 1015 357 1101 vi,
375 1012 432 1089 vel
447 1030 551 1089 metu
569 1031 842 1092 tormentorum
863 1016 921 1093 vel
939 1018 1110 1107 carceris,
1130 1036 1194 1095 ant
1212 1018 1332 1125 aliqua
1353 1017 1422 1096 alia
1446 1044 1569 1103 causa.
1594 1020 1632 1096 in
1659 1048 1725 1098 sua

308 1144 547 1251 deposicione
564 1144 655 1221 dixit
673 1144 887 1236 salsitatem,
909 1147 1000 1225 dixit
1017 1177 1086 1256 per
1099 1150 1354 1256 juramentum
1370 1176 1478 1226 suum
1499 1148 1604 1255 quud
1629 1178 1723 1235 non:

308 1279 425 1352 immo'
439 1305 571 1381 puram
592 1295 629 1354 et
643 1306 783 1355 meram
798 1278 938 1357 dixerat
951 1280 1153 1358 veritatem.

362 1537 454 1610 ltem
481 1534 594 1612 frater
621 1538 810 1615 lohannes
831 1539 877 1618 de
897 1541 1025 1617 Turno
1049 1540 1299 1616 thesaurarius
1324 1537 1472 1644 Templi
1492 1539 1723 1628 Parisiemis,

307 1666 410 1741 etatis
422 1664 685 1773 quinquaginta
704 1669 870 1774 quinque
889 1696 1073 1748 annorum
1095 1670 1151 1748 vel
1171 1672 1282 1759 circa,
1298 1670 1442 1776 juratus
1455 1668 1588 1745 eodem
1609 1670 1725 1748 modo

306 1793 352 1871 dc
361 1823 400 1871 se
412 1811 449 1870 et
458 1793 539 1872 aliis
552 1796 591 1872 in
607 1825 713 1873 causa
727 1797 817 1875 fidei
830 1798 953 1876 dicere
965 1802 1173 1889 veritatem,
1189 1817 1225 1876 et
1235 1801 1482 1904 interrogatus
1497 1797 1543 1873 de
1553 1814 1723 1904 tempore

307 1942 344 2002 et
358 1924 472 2002 modo
487 1927 716 2031 receptionis
730 1955 813 2016 sue,
824 1927 917 2005 dixit
929 1957 997 2035 per
1003 1931 1262 2038 juramentum
1278 1927 1501 2036 suum-quod
1512 1927 1590 2034 ipse
1611 1924 1724 2005 fuerit

306 2071 476 2160 receptus
491 2055 529 2131 in
543 2056 656 2133 domo
672 2057 719 2134 de
734 2057 832 2135 Malo
851 2060 1030 2164 Repastn,
1049 2089 1117 2166 per
1130 2059 1281 2138 fratrem
1294 2060 1504 2137 lohannem
1527 2057 1575 2134 de
1594 2059 1723 2135 Turno

306 2185 607 2289 predecessorem
626 2212 735 2262 suum
753 2186 1024 2266 thesaurarium
1044 2190 1192 2297 Templi
1208 2190 1421 2267 Parisiensis
1435 2188 1722 2296 quondam‚tri-

304 2317 406 2421 ginta
430 2316 507 2393 dun
532 2316 618 2391 anni
643 2334 730 2393 sunt
754 2317 867 2424 elapsi
890 2320 948 2397 vel
973 2322 1082 2408 circa,
1109 2337 1281 2426 presente
1305 2318 1415 2395 fratre
1441 2314 1645 2396 Guillelmo
1674 2317 1721 2392 de

305 2449 334 2520 F
335 2446 436 2552 orgia
461 2462 498 2522 et
520 2444 741 2552 quibusdam
761 2445 843 2523 aliis
868 2446 915 2523 de
940 2475 1101 2555 quorum
1122 2445 1338 2524 nominibus
1361 2472 1436 2522 non
1456 2443 1599 2521 recolit.
1621 2443 1722 2520 Dixit

307 2578 422 2652 eciam
436 2604 504 2680 per
517 2576 772 2683 juramentum
788 2603 900 2653 suum
918 2576 1040 2683 quod,
1057 2593 1141 2683 post
1154 2574 1290 2652 multas
1303 2575 1572 2681 promissiones
1587 2572 1635 2649 de
1651 2590 1722 2649 sta·

304 2706 395 2782 tutis
416 2722 452 2782 et
471 2706 621 2782 secretis
634 2704 721 2782 dicti
736 2704 877 2783 ordinis
889 2705 1125 2784 observandis
1139 2706 1267 2799 iactas,
1285 2705 1406 2782 dictus
1420 2705 1602 2810 recipiens
1616 2703 1723 2780 duxit

306 2836 429 2940 ipsum
447 2851 548 2911 retro
563 2834 691 2924 altare,
712 2850 749 2910 et
767 2836 930 2913 ostendit
948 2835 1019 2914 sihi
1040 2865 1188 2913 crucem
1208 2834 1408 2942 quamdam
1428 2835 1466 2910 in
1481 2862 1555 2942 qua
1570 2851 1648 2910 erat
1662 2833 1724 2910 de·

305 2966 398 3069 picta
417 2992 548 3071 ymago
565 2963 680 3042 Jhesu
700 2964 837 3043 Christi
854 2965 1035 3055 crucifixi,
1051 2984 1088 3043 et
1106 2966 1219 3072 peciit
1231 2981 1358 3042 utrum
1376 2962 1545 3040 crederet
1561 2963 1599 3037 in
1616 2961 1723 3076 illurn

305 3095 410 3199 cujus
434 3111 512 3169 erat
537 3095 658 3202 imago
683 3096 779 3201 picta
805 3095 874 3187 ibi,
902 3096 967 3203 qui
993 3094 1188 3200 respondit
1212 3093 1318 3199 quod
1340 3093 1409 3182 sic;
1438 3109 1475 3168 et
1499 3107 1643 3196 postea,
1672 3087 1720 3163 de

304 3222 477 3300 mandato
497 3222 586 3300 dicti
603 3225 830 3330 recipientis,
843 3225 1036 3330 abnegavit
1051 3222 1205 3300 ihesum
1221 3221 1412 3301 Christum
1428 3217 1544 3295 semel
1556 3231 1717 3304 tantum,

305 3369 341 3428 et
352 3354 451 3457 spuit
464 3381 574 3458 supra
585 3382 731 3431 crucem
748 3353 874 3431 semel.
890 3354 991 3431 Dixit
1008 3353 1124 3431 eciam
1140 3378 1209 3456 per
1222 3352 1479 3456 juramentum
1493 3374 1603 3423 snum
1616 3344 1720 3452 qnod

305 3483 403 3559 idem
418 3485 598 3590 recipiens
612 3485 787 3562 eumdem
802 3500 995 3590 receptum
1011 3482 1196 3560 osculatus
1212 3480 1283 3558 luit
1299 3495 1384 3585 post
1397 3476 1561 3584 predicta
1575 3494 1645 3562 ter,
1655 3476 1718 3553 sci·

305 3611 408 3688 licet:
422 3615 545 3718 primo
558 3616 597 3691 in
610 3614 684 3692 fine
699 3617 808 3722 ‘spine
820 3615 936 3705 dorsi,
954 3614 1121 3692 secundo
1132 3615 1172 3689 in
1186 3609 1381 3698 umbilico,
1399 3625 1436 3685 et
1446 3610 1565 3685 tercio
1581 3607 1619 3682 in
1637 3633 1713 3683 ore.

306 3743 514 3848 llequisitau
531 3745 679 3822 devoto
698 3746 870 3824 castitatis
887 3745 980 3852 quid
999 3743 1070 3821 suit
1090 3742 1161 3820 sibi
1182 3742 1408 3850 injunctum,
1428 3737 1520 3815 dixit
1538 3764 1606 3844 per
1615 3737 1721 3844 jura-

306 3889 474 3948 mentum
485 3902 593 3951 suum
603 3874 705 3980 quod
716 3875 916 3953 inhibitum
927 3873 1118 3952 lueritsihi
1132 3901 1179 3950 ne
1190 3886 1430 3979 cognosceret
1446 3868 1638 3954 mulieres,
1652 3868 1720 3943 sed

308 4001 339 4074 si
355 4000 485 4107 aliquis
496 4004 595 4081 calor
604 4004 777 4082 naturalis
789 4023 954 4083 moveret
963 4034 1069 4097 eum,
1085 4020 1227 4111 poterat
1237 4032 1277 4081 sc
1294 4002 1535 4079 commiscere
1551 4027 1636 4076 cum
1648 3997 1722 4073 lra-

308 4128 1012 4242 tribnssuis,ethocsin1iliterpatcretur
1021 4134 1069 4212 de
1078 4134 1252 4223 eis3dixit
1259 4150 1384 4209 tamen
1392 4158 1460 4239 per
1462 4132 1721 4239 juramentum

310 4286 420 4336 snum
426 4261 530 4366 qnod
538 4288 729 4370 nunqnam
739 4264 841 4352 iecit,
855 4264 1024 4343 necvidit
1032 4262 1266 4370 aliquemqui
1278 4260 1424 4340 laceret.
1434 4262 1647 4370 Requisitus
1655 4288 1724 4365 per

304 4390 559 4496 juramentum
578 4406 690 4470 snum
708 4411 836 4470 utrum
855 4392 941 4471 illos
960 4394 1091 4470 iratres
1105 4420 1197 4500 quos
1212 4392 1351 4501 recepit
1371 4391 1484 4471 modo
1494 4408 1572 4500 qd'o
1584 4391 1657 4469 tuit
1670 4420 1725 4469 re·

310 4537 439 4627 ceptus
446 4524 644 4630 receperit,
657 4523 751 4601 dixit
759 4523 862 4629 quod
879 4524 943 4601 sic.
956 4523 1169 4631 Requisitus
1188 4525 1234 4601 de
1249 4524 1368 4631 capite
1377 4524 1508 4630 dequo
1523 4523 1565 4601 fit
1574 4525 1724 4601 mencio

310 4680 435 4758 supra,
453 4652 546 4730 dixit
561 4683 629 4761 per
640 4658 897 4764 juramentum
913 4682 1022 4733 snum
1035 4655 1137 4762 quod
1151 4656 1241 4733 vidit
1261 4655 1376 4733 semel
1395 4654 1586 4762 quoddam
1602 4655 1725 4759 capud

310 4783 501 4889 depictum
516 4786 555 4861 in
563 4786 723 4893 quadam
736 4786 985 4893 mscrmqnod
1000 4788 1078 4895 ipse
1091 4784 1254 4866 adoravit
1269 4788 1306 4862 in
1319 4784 1483 4892 quodam
1493 4782 1675 4890 capitulo,
1688 4803 1726 4859 et

1504 4935 1553 4996 lo.
