4230 5956
1183 180 1279 229 ,θ’

652 477 848 566 eneces
876 491 971 564 nus
997 452 1341 562 reueninns.''⁴'
1613 448 1683 566 'its

265 663 332 740 pra
351 637 516 741 juratus,
543 633 767 710 mantellum
788 632 932 711 ordinis
949 648 987 708 et
1005 629 1158 708 barbam
1181 630 1383 722 defferens,
1407 632 1685 740 quinquagena·

265 765 344 840 rius
359 763 417 841 vel
433 762 546 850 circa,
567 792 652 839 cum
669 792 745 871 quo
763 763 885 840 suerat
899 761 1138 867 inquisitum,
1161 760 1354 838 absolutus
1373 779 1412 837 et
1426 762 1686 840 reconciliatus
1716 859 1718 863 ‚

264 922 334 999 per
347 893 545 972 dominum
566 894 785 1001 episcopum
802 893 1165 982 Claramontensem,
1183 891 1287 968 lectis
1300 909 1337 968 et
1356 891 1557 1001 diligenter
1576 920 1687 998 expo-

265 1024 346 1102 sitis
366 1024 437 1101 sibi
454 1026 631 1103 omnibus
646 1042 685 1102 et
698 1024 855 1131 singulis
874 1022 1057 1113 articulis,
1077 1023 1291 1129 respondit,
1312 1025 1585 1128 protestacione
1601 1052 1685 1128 pre-

268 1156 378 1232 missa
397 1155 501 1262 quod
515 1183 592 1232 non
607 1155 770 1232 intendit
784 1153 961 1232 recedere
975 1181 996 1228 a
1012 1153 1251 1260 deposicionc
1265 1182 1335 1260 per
1349 1182 1436 1231 eum
1452 1151 1545 1229 facta
1561 1180 1684 1229 coram

268 1285 369 1363 dicto
391 1285 547 1362 domino
568 1284 743 1391 episcopo
758 1284 1075 1386 'Claramontensh
1097 1312 1136 1361 se
1158 1283 1317 1374 nescire,
1335 1312 1404 1361 nec
1426 1284 1594 1372 credere,
1617 1312 1686 1360 nec

267 1415 450 1491 audivisse
471 1415 545 1491 dici
565 1414 613 1490 de
636 1416 820 1492 contentis
844 1415 882 1489 in
908 1413 962 1490 eis
984 1413 1056 1490 nisi
1077 1415 1182 1520 quod
1200 1413 1379 1519 sequitur.
1404 1413 1507 1490 Dixit
1527 1404 1685 1491 enimse

139 1616 142 1622 .
222 1555 225 1559 ’
267 1542 380 1621 fuisse
401 1560 593 1650 receptum
609 1545 649 1621 in
664 1543 806 1651 capella
821 1545 958 1621 domus
976 1542 1125 1648 Templi
1142 1543 1189 1618 de
1205 1542 1259 1619 las
1276 1542 1429 1651 Maybez
1445 1543 1686 1621 Bituricensis

268 1674 448 1764 diocesis,
477 1676 572 1753 cirea
599 1675 739 1752 instans
766 1673 903 1752 festum
930 1675 1068 1751 Pascbe
1090 1692 1199 1751 erunt
1224 1674 1372 1751 circiter
1390 1688 1473 1752 xxx·
1493 1675 1598 1761 anni,
1619 1703 1686 1778 per

267 1803 418 1882 fratrem
448 1808 600 1884 Petrum
629 1808 677 1884 de
701 1808 798 1884 Faus
828 1805 1080 1911 presbiterum
1108 1807 1318 1911 quondam,
1340 1806 1404 1910 qui
1431 1806 1572 1911 recepit
1596 1833 1683 1881 eum

269 1935 316 2012 de
336 1937 514 2014 mandato
535 1936 657 2013 fratris
675 1939 704 2013 F
706 1936 878 2014 renconis
893 1934 941 2038 de
961 1936 1052 2012 Bort
1075 1935 1264 2040 quondam
1281 1934 1427 2026 militis,
1449 1937 1686 2040 presentibus

268 2065 443 2144 fratribus
458 2065 666 2144 Guillelmo
680 2067 727 2142 de
741 2066 966 2158 Petralevata
987 2056 1262 2143 Lemovicensis
1278 2065 1454 2153 diocesis,
1476 2095 1590 2173 quem
1612 2096 1685 2144 cre

270 2195 325 2271 dit
337 2195 476 2285 vivere,
494 2213 532 2270 et
547 2193 755 2273 Guillelmo
772 2195 956 2284 Arnaudi,
974 2211 1012 2271 et
1024 2194 1217 2285 Vicencio,
1236 2195 1341 2302 cujus
1361 2223 1570 2303 cognomen
1587 2198 1686 2305 igno

160 2349 161 2352 ’
269 2342 339 2413 rat,
361 2324 608 2459 servientibus
622 2324 836 2412 deffunctis,
859 2324 898 2400 in
918 2322 1019 2401 hunc
1035 2326 1194 2401 modum
1209 2357 1218 2401 z
1235 2353 1320 2401 nam
1338 2326 1464 2430 petitis
1484 2327 1633 2403 caritate
1649 2347 1685 2404 et

268 2455 442 2532 societate
461 2455 619 2533 fratrum
639 2454 800 2544 ordinis,
823 2471 861 2532 et
876 2469 962 2562 post
975 2455 1112 2532 multas
1128 2454 1380 2533 exortaciones
1394 2455 1466 2533 sibi
1485 2459 1682 2545 concessis,

268 2587 430 2690 prescito
445 2616 530 2664 cum
542 2587 624 2692 ipso
634 2614 703 2691 per
710 2588 966 2694 juramentum
980 2586 1085 2692 quod
1099 2615 1175 2663 non
1191 2605 1270 2664 erat
1284 2586 1425 2664 servilis
1437 2589 1682 2676 condicionis,

270 2744 340 2790 nec
354 2716 612 2805 matrimonio,
631 2716 690 2793 vel
703 2717 810 2794 alteri
830 2716 1022 2823 religioni,
1047 2745 1114 2793 seu
1136 2716 1361 2824 debitisque
1382 2744 1458 2793 non
1473 2736 1597 2822 posset
1614 2720 1688 2796 sol-

269 2873 354 2922 vere
370 2846 572 2953 obligatus,
594 2875 663 2923 nec
684 2846 848 2925 habebat
866 2846 1046 2923 latentem
1071 2846 1348 2936 infirmitatem,
1374 2846 1496 2924 dictus
1518 2867 1688 2954 receptor

269 2973 356 3052 lecit
373 3004 460 3052 eum
474 3005 605 3055 vovere
622 2995 660 3054 et
675 2976 803 3083 jurare
823 2976 1048 3065 castitatem,
1067 2975 1344 3064 obedienciam,
1367 2975 1487 3052 vivere
1507 2977 1587 3054 sine
1602 3006 1688 3083 pro-

268 3107 367 3208 prio,
385 3125 422 3184 et
436 3108 540 3214 quod
560 3124 720 3185 servaret
738 3108 860 3185 bonos
879 3135 968 3183 usus
984 3123 1022 3182 et
1034 3107 1153 3184 bonas
1168 3106 1476 3194 consuetudines,
1497 3125 1534 3183 et
1549 3108 1688 3186 elemo-

269 3235 366 3312 sinas
386 3254 423 3313 et
437 3239 522 3344 jura
537 3237 692 3315 ordinis.
713 3238 800 3331 Quo
819 3237 916 3332 sacto
934 3237 1116 3343 imposuit
1134 3237 1205 3315 sibi
1223 3236 1461 3325 mantellum,
1484 3254 1521 3314 et
1539 3256 1687 3316 ostensa

269 3366 341 3444 sibi
367 3368 527 3474 quadam
555 3396 663 3445 cruce
691 3368 829 3476 lignea,
852 3368 984 3446 ut'sibi
1004 3369 1162 3456 videtur,
1189 3368 1227 3444 in
1247 3396 1319 3475 qua
1343 3385 1422 3446 erat
1442 3397 1575 3477 ymago
1595 3372 1692 3450 Crux

268 3497 366 3574 cisrxi
392 3497 556 3604 depicta,
583 3529 695 3606 quam
723 3499 826 3577 idem
853 3518 1024 3606 receptor
1051 3499 1205 3576 tenebat
1230 3499 1269 3576 in
1297 3527 1428 3588 manu,
1459 3500 1626 3606 precepit
1652 3504 1686 3577 ei

268 3627 373 3732 quod
392 3647 543 3734 spueret
563 3657 791 3736 supeream,
813 3631 900 3736 quia
921 3631 993 3707 boc
1009 3647 1087 3707 erat
1104 3630 1151 3706 de
1169 3630 1354 3736 preceptis
1368 3629 1529 3717 ordinis,
1548 3647 1585 3705 et
1598 3648 1687 3705 tunc

269 3759 348 3863 ipse
366 3759 471 3837 testis
489 3760 591 3866 spuit
606 3761 712 3868 juxta
734 3761 870 3839 dictam
893 3789 1041 3838 crucem
1061 3788 1138 3839 non
1159 3789 1287 3866 supra,
1315 3761 1442 3837 dicens
1461 3760 1562 3837 idem
1581 3761 1687 3836 testis

269 3892 372 3995 quod
400 3890 522 3970 dictus
546 3907 715 3996 receptor
741 3891 833 3969 dixit
855 3892 889 3968 ei
911 3891 1017 3996 quod
1035 3919 1113 3968 nou
1135 3890 1297 3968 debebat
1316 3891 1467 3967 credere
1488 3890 1527 3963 in
1547 3888 1685 3964 dictam

269 4048 419 4097 crucem
439 4048 509 4097 nec
529 4021 568 4097 in
588 4018 829 4101 crucifixum.
848 4023 960 4114 Item,
978 4021 1074 4099 dixit
1088 4021 1193 4126 quod
1210 4020 1331 4096 dictus
1349 4034 1520 4124 receptor
1540 4018 1632 4095 dixit
1651 4021 1685 4095 ei
1793 4102 1796 4107 ,

269 4149 374 4254 quod
394 4166 540 4254 poterat
558 4151 790 4229 commisceri
810 4151 1005 4228 carnaliter
1024 4149 1202 4226 fratribus
1221 4148 1363 4226 ordinis
1380 4165 1418 4224 ct
1432 4148 1502 4254 ipsi
1518 4178 1602 4226 cum
1619 4177 1683 4239 eo,

269 4277 348 4382 ipse
368 4294 494 4355 tamen
514 4279 588 4357 boc
606 4307 684 4357 non
703 4280 791 4358 lecit
810 4308 880 4356 nec
899 4279 972 4356 suit
990 4279 1208 4384 requisitus,
1239 4306 1308 4354 nec
1327 4279 1448 4356 credit
1466 4282 1571 4387 quod
1592 4281 1686 4358 illud

269 4425 464 4515 peccatum
486 4409 786 4487 committeretur
804 4411 843 4486 in
864 4409 1008 4486 ordine.
1036 4408 1184 4486 Deinde
1205 4409 1328 4486 dictus
1347 4429 1519 4515 receptor
1537 4409 1608 4487 fuit
1626 4413 1687 4488 os-

269 4538 413 4617 culatus
432 4541 556 4645 ipsum
577 4556 711 4618 testem
732 4540 772 4617 in
792 4540 924 4619 ordine
945 4557 984 4617 et
1002 4541 1097 4617 circa
1117 4539 1341 4617 umbilicum
1361 4570 1475 4648 super
1493 4559 1627 4631 vestes,
1651 4559 1688 4619 et

270 4687 430 4748 astantes
455 4664 584 4777 postea
608 4669 764 4748 luerunt
791 4699 879 4747 eum
907 4670 1063 4748 osculati
1091 4670 1130 4747 in
1157 4698 1233 4749 ore.
1255 4672 1471 4778 Requisitus
1491 4672 1521 4749 si
1541 4672 1611 4750 alia
1631 4672 1688 4750 in-

271 4801 427 4878 honesta
454 4802 737 4879 intervenerunt
764 4803 802 4878 in
830 4829 897 4878 sua
923 4801 1141 4906 recepcione
1161 4800 1218 4877 vel
1244 4818 1343 4907 post,
1370 4803 1564 4909 respondit
1583 4804 1684 4911 quod
