4230 5956
702 441 896 530 PROCES
920 456 1016 528 Dus
1041 454 1338 528 TEMPLIERS.
1655 456 1727 531 349

174 697 181 710 .
315 616 372 676 tre
397 600 504 673 Petro
531 595 675 672 Mutine
700 612 738 670 et
760 595 871 671 fratre
895 595 1032 672 lacobo
1056 596 1223 673 Bononie
1255 611 1345 671 tunc
1371 594 1665 698 preceptoribus,
1692 614 1730 673 et

316 728 397 818 aliis
416 727 464 803 dc
483 752 646 832 quorum
665 724 880 803 nominibus
899 751 976 801 non
996 724 1138 803 recolit.

371 857 452 932 Jam
472 855 563 931 dixit
579 882 647 960 per
661 856 915 962 juramentum
939 881 1050 931 suum
1071 854 1191 960 quod,
1213 881 1258 930 eo
1278 869 1445 958 recepto,
1467 869 1612 957 etpost
1627 855 1731 960 jura-

317 985 542 1062 mentumab
563 1010 608 1060 eo
622 985 818 1089 prestitum
834 982 881 1061 de
896 983 1039 1060 statutis
1056 1000 1093 1060 et
1108 984 1257 1060 secretis
1270 983 1413 1061 ordinis
1426 982 1662 1093 observandis
1674 1044 1683 1073 ,
1695 1002 1732 1062 et

318 1132 403 1222 post
419 1112 636 1192 mantellum
654 1113 724 1191 sibi
738 1113 902 1219 positum
917 1112 965 1189 ad
979 1112 1135 1202 collum,
1156 1113 1341 1219 recipiens
1354 1112 1463 1189 traxit
1482 1139 1568 1189 eum
1588 1113 1634 1190 ad
1649 1141 1733 1219 par·

319 1262 411 1334 tem,
433 1260 471 1320 et
495 1243 658 1321 ostendit
680 1242 751 1320 sibi
776 1243 975 1348 qnamdam
993 1270 1139 1320 crucem
1159 1241 1320 1349 ligneam
1344 1271 1429 1320 cum
1454 1243 1626 1348 ymagine
1649 1271 1733 1320 cru-

321 1372 435 1460 cifixi,
458 1389 495 1449 et
512 1372 678 1477 precepit
698 1372 768 1448 sibi
785 1372 889 1477 quod
906 1370 1105 1479 abnegaret
1124 1399 1210 1449 eum
1231 1372 1335 1478 cujus
1351 1399 1484 1478 ymago
1503 1388 1579 1447 erat
1603 1372 1673 1460 ibi,
1695 1391 1733 1450 et

319 1520 377 1579 ter
396 1519 546 1607 spueret
564 1530 675 1607 supra
696 1530 861 1592 crucem;
882 1528 956 1607 que
980 1501 1069 1605 lecit
1092 1500 1194 1578 idem
1213 1500 1325 1577 frater
1343 1503 1483 1578 Petrus.
1564 1586 1570 1595 ¹

374 1634 466 1709 ltem
483 1630 573 1707 dixit
585 1658 653 1736 per
666 1632 923 1738 juramentum
934 1631 1039 1737 quod
1056 1631 1241 1736 recipiens
1261 1630 1351 1707 dixit
1365 1631 1435 1708 sibi
1452 1630 1554 1736 quod
1569 1631 1600 1708 si
1615 1647 1733 1736 temp

318 1763 408 1838 tatio
427 1762 545 1839 carnis
564 1760 774 1838 stimularet
789 1790 892 1853 eum,
914 1761 1018 1867 quod
1038 1762 1116 1866 ipse
1140 1761 1238 1838 bene
1261 1776 1406 1865 poterat
1427 1788 1465 1836 se
1491 1760 1731 1837 commiscere

319 1919 405 1966 curn
424 1891 600 1968 fratribus
620 1891 760 1991 ordinis
777 1891 853 1980 sui,
875 1905 913 1966 et
931 1891 1001 1994 ipsi
1022 1918 1148 1966 secum
1168 1890 1246 1967 sine
1260 1906 1424 1994 peccato.
1447 1888 1525 1982 Sed
1542 1889 1620 1993 ipse
1638 1917 1733 1979 nun-

319 2047 431 2124 quam
451 2017 610 2095 credidit
626 2047 695 2094 nec
709 2018 844 2108 credit,
865 2034 908 2093 ut
932 2016 1037 2105 dixit,
1055 2017 1147 2122 quin
1166 2018 1239 2094 hoc
1256 2018 1304 2093 sit
1323 2034 1516 2123 peccatum
1532 2017 1729 2109 horribile,

320 2163 356 2221 et
378 2145 469 2222 dixit
486 2145 591 2250 quod
606 2173 796 2249 nunquam
811 2145 997 2247 commisit
1016 2144 1113 2221 illud
1127 2163 1333 2251 peccatum.

228 2253 231 2259 ⁸
374 2277 468 2352 ltem
482 2273 668 2351 osculatus
685 2274 756 2353 fuit
769 2275 1012 2379 recipientem
1032 2276 1071 2350 in
1088 2302 1170 2365 ore,
1189 2277 1229 2352 in
1246 2275 1427 2353 umbilico
1448 2294 1484 2353 et
1499 2279 1537 2351 in
1551 2275 1613 2351 vili
1631 2295 1731 2382 parte

320 2402 497 2481 inferiori.
519 2391 521 2395 ‚

374 2536 466 2610 ltem
486 2532 577 2610 dixit
595 2533 700 2639 quod
718 2532 810 2609 vidit
824 2531 976 2610 fratrem
991 2532 1181 2611 Artusium
1202 2535 1363 2611 militem
1383 2563 1525 2622 secum,
1549 2552 1586 2610 et
1607 2552 1732 2639 postea

318 2662 445 2767 plures
463 2662 553 2739 alios
572 2662 701 2739 fratres
716 2662 804 2738 dicti
826 2663 967 2739 ordinis
986 2692 1055 2768 per
1073 2662 1180 2741 illum
1197 2665 1373 2742 eumdem
1394 2665 1551 2740 modum
1567 2665 1680 2768 recipi
1694 2666 1731 2740 in

319 2792 450 2867 ordine
470 2792 651 2896 predicto.

374 2923 464 2996 ltent
486 2920 577 2996 dixit
594 2948 662 3025 per
678 2919 933 3025 juramentum
953 2947 1062 2996 suum
1081 2919 1184 3026 quod
1198 2921 1250 3008 vi,
1267 2920 1324 2996 vel
1339 2936 1441 2995 metu
1460 2937 1730 3022 tormentorum
1798 2937 1801 2946 '

319 3050 376 3126 vel
395 3049 482 3126 alias
501 3075 577 3126 non
593 3048 685 3126 dixit
701 3048 803 3126 aliud
821 3076 933 3154 quant
946 3049 1154 3136 veritatem,
1178 3075 1248 3125 nec
1266 3051 1306 3124 in
1322 3049 1512 3156 premissis
1530 3048 1733 3124 immiscuit

319 3180 478 3285 aliquam
494 3178 708 3267 falsitatem,
729 3178 796 3254 sed
816 3205 956 3255 meram
970 3179 1161 3276 veritatem
1184 3177 1275 3254 dixit
1288 3205 1357 3282 pro
1377 3177 1495 3255 salute
1516 3177 1636 3253 anime
1651 3204 1729 3253 sue.

373 3442 467 3516 ltem
481 3439 592 3517 frater
600 3439 787 3517 Jobannes
796 3436 843 3515 de
856 3440 990 3517 Sancto
1010 3439 1168 3517 Remino
1190 3439 1465 3516 Suessionensis
1476 3440 1645 3526 diocesis,
1657 3466 1734 3516 mo·

319 3598 402 3646 rans
418 3598 503 3646 cum
517 3587 735 3675 preceptore
750 3569 967 3656 Pictavensi,
985 3569 1091 3645 etatis
1106 3593 1190 3645 xxvi
1205 3596 1388 3645 annorum
1400 3568 1456 3642 vel
1471 3568 1581 3654 circa,
1598 3568 1731 3643 eodem

319 3699 433 3777 modo
453 3701 691 3788 constitutus,
707 3698 852 3803 juratus
872 3715 908 3774 et
927 3698 1145 3803 requisitus,
1164 3697 1255 3772 dixit
1274 3725 1342 3801 per
1356 3697 1608 3802 juramentum
1623 3723 1732 3771 suurn

319 3829 422 3933 quod
441 3828 539 3905 bene
559 3844 645 3904 sunt
666 3827 833 3932 quinque
861 3826 946 3902 anni
970 3825 1027 3903 vel
1047 3826 1142 3902 circa
1162 3825 1272 3930 elapsi
1293 3826 1397 3932 quod
1416 3824 1488 3901 fuit
1504 3840 1675 3928 receptus
1695 3825 1731 3898 in

320 3956 432 4033 domo
453 3958 499 4035 de
519 3957 655 4034 Rocbis
686 3957 790 4064 juxta
817 3955 1074 4062 Leaigniacum
1105 3955 1323 4034 Pictavensis
1353 3953 1529 4041 diocesis,
1562 3980 1630 4058 per
1661 3951 1732 4030 lra-

317 4102 414 4161 trem
428 4086 652 4163 Balduinum
667 4087 713 4163 de
731 4085 835 4164 Chiri
855 4084 1032 4174 militem,
1052 4100 1309 4191 preceptorem
1324 4082 1421 4159 dicte
1439 4082 1575 4159 domus
1593 4082 1641 4158 de
1661 4084 1732 4160 Ro-

318 4213 412 4304 chis,
436 4216 672 4319 presentibus
691 4213 804 4291 fratre
831 4213 1046 4292 Audeberto
1068 4214 1116 4289 de
1135 4214 1243 4289 Porta
1263 4230 1301 4288 et
1326 4211 1500 4290 fratribus
1524 4212 1672 4289 Matheo
1696 4230 1742 4289 et.

318 4344 487 4422 lobanne
501 4345 627 4432 sociis,
649 4347 687 4419 in
707 4344 804 4421 dicta
821 4344 951 4432 domo,
973 4370 1044 4421 nec
1058 4342 1228 4447 pluribus
1244 4342 1347 4447 quod
1364 4343 1513 4420 recolat.

374 4475 467 4549 ltem
487 4474 579 4550 dixit
606 4501 674 4579 per
689 4451 945 4578 juramentum
972 4500 1080 4549 suurn
1109 4470 1233 4577 quod,
1264 4497 1310 4548 eo
1339 4489 1505 4580 recepto,
1520 4475 1732 4580 juramento

320 4604 475 4707 prestito
505 4603 551 4680 ab
577 4603 711 4681 eodem
737 4603 784 4679 de
813 4601 956 4681 statutis
987 4616 1025 4678 et
1059 4601 1215 4678 secretis.
1237 4601 1378 4679 ordinis
1406 4601 1666 4688 observandis,
1697 4617 1734 4676 et

320 4731 499 4810 mantello
523 4733 594 4811 sibi
615 4733 661 4808 ad
683 4731 816 4810 collum
842 4730 980 4836 posito,
1002 4731 1184 4837 recipiens
1202 4732 1310 4807 traxit
1339 4759 1425 4807 euru
1446 4731 1494 4825 ad
1511 4749 1673 4835 partem,
1696 4747 1734 4807 ct
