4230 5956
619 460 810 549 enocts
836 477 931 549 uus
957 476 1259 550 rnurcinns
1572 477 1645 552 ms

207 618 280 720 ·pli
302 617 348 693 de
372 617 475 722 elqua
501 617 583 694 Viva
608 617 861 694 Gerondensis
882 619 1055 707 diocesis,
1077 647 1145 723 pcr
1165 616 1316 693 fratrem
1336 618 1579 696 Guillelmum
1599 621 1646 697 de

230 746 380 823 Abelars
398 764 488 823 tunc
503 763 759 852 preceptorem
775 747 909 825 domus
923 750 1040 826 Mansi
1056 749 1142 835 Dei,
1164 766 1201 824 et
1219 747 1344 824 nullus
1360 747 1454 825 alius
1468 749 1540 827 luit
1557 768 1647 827 tunc

229 905 357 994 secum
386 879 424 952 in
452 877 602 955 fratrem
627 895 797 983 receptus
822 879 963 956 ordinis
989 879 1163 984 predicti,
1193 881 1231 954 in
1260 879 1356 956 festo
1384 879 1646 958 Penthecostes

229 1009 394 1112 proxime
418 1007 546 1085 futuro
571 1028 679 1084 erunt
702 1036 760 1088 xv1
788 1011 871 1085 anni
896 1009 1025 1115 elapsi,
1050 1010 1253 1086 astantibus
1277 1010 1347 1087 sibi
1366 1012 1433 1087 Bri.
1457 1010 1505 1086 de
1530 1012 1646 1087 Rora-

229 1165 347 1226 mora,
361 1138 578 1245 Raymundo
596 1138 642 1214 de
659 1140 791 1215 Sancto
807 1139 916 1216 Aniol
934 1139 1126 1227 militibus,
1142 1142 1180 1216 P.
1195 1140 1240 1215 de
1256 1135 1646 1247 Canoys,Raymi1ndo

229 1268 387 1344 Comitis
406 1268 581 1345 fratribus
596 1269 763 1374 ejusdem
781 1270 939 1358 ordinis,
958 1288 994 1347 et
1013 1271 1092 1348 aliis
1112 1270 1280 1375 pluribus
1299 1270 1422 1347 adbuc
1441 1271 1646 1348 viventibus

228 1414 266 1473 ct
280 1397 473 1475 defunctis.

284 1528 419 1605 Modus
448 1545 571 1605 autem
591 1557 656 1605 sue
677 1531 904 1635 recepcionis
927 1530 996 1607 suit
1015 1531 1112 1607 sicut
1131 1531 1177 1608 de
1199 1559 1243 1608 eo
1263 1530 1306 1607 lit
1325 1533 1466 1609 mentio
1487 1533 1525 1607 in
1545 1534 1645 1609 testi·

227 1657 400 1734 ficatione
424 1658 542 1763 prima
569 1658 681 1763 hujus
703 1661 953 1764 inquisitionis
972 1661 1065 1737 lacta
1085 1691 1151 1766 per
1170 1661 1318 1738 fratrem
1339 1661 1643 1739 bartholomeum

227 1786 274 1863 de
291 1789 411 1865 Turre
431 1788 580 1864 fratrem
600 1788 829 1893 capellanum
851 1790 940 1866 dicti
962 1791 1119 1878 ordinis,
1142 1809 1179 1867 et
1207 1792 1302 1867 sieut
1324 1792 1439 1867 series
1461 1792 1558 1868 dicte
1583 1822 1643 1868 re-

226 1919 409 2021 cepcionis
438 1947 549 2023 quam
586 1936 729 1996 servant
752 1921 974 2024 recipientes
1002 1938 1038 1997 et
1068 1922 1206 2026 recepti
1238 1923 1449 1999 continetur
1478 1922 1517 1997 in
1546 1922 1642 2000 libro

226 2062 448 2124 statutorum
478 2065 514 2124 et
546 2048 674 2157 regule
710 2049 795 2125 dicti
826 2050 982 2139 ordinis,
1012 2078 1125 2157 quem
1158 2050 1279 2127 dictus
1309 2051 1423 2127 frater
1449 2053 1644 2130 Bartholo-

227 2206 347 2265 meus,
366 2195 408 2254 ut
423 2177 556 2264 credit,
578 2177 746 2254 exhibuit
766 2195 803 2254 et
820 2178 973 2255 tradidit
992 2180 1093 2256 dicto
1109 2180 1263 2257 domino
1283 2181 1434 2258 Elnensi
1449 2183 1639 2288 episcopo,

226 2310 329 2413 cujus
358 2308 587 2412 recepcionis
621 2326 658 2383 et
686 2325 908 2385 statutorum
932 2309 1047 2387 series
1076 2310 1114 2385 in
1141 2310 1221 2415 ipso
1252 2309 1349 2389 libro
1380 2311 1491 2389 latius
1520 2314 1642 2418 expri-

226 2456 391 2515 muntur.
1435 2418 1438 2423 Ι

281 2570 338 2645 Ad
364 2571 496 2649 lxxxvu
519 2589 555 2648 et
574 2570 720 2649 lxxxvur
740 2588 776 2648 et
796 2572 971 2648 ultimum
992 2572 1166 2650 articulos
1187 2573 1383 2679 diligenter
1403 2588 1439 2648 et
1457 2573 1641 2679 sigillatim

225 2701 484 2806 interrogatus,
514 2701 742 2806 respondens
767 2701 859 2778 dixit
883 2730 922 2779 se
948 2730 1017 2778 nec
1039 2704 1133 2778 scire
1156 2730 1225 2777 nec
1249 2701 1400 2778 credere
1425 2729 1569 2778 errores
1587 2703 1641 2778 de

224 2832 362 2936 quibus
376 2833 496 2938 agitur
509 2860 578 2908 nec
593 2860 818 2937 quemquam
840 2860 968 2909 eorum
984 2834 1023 2908 in
1044 2832 1174 2909 ordine
1193 2831 1340 2936 Templi
1357 2831 1555 2936 sumpsisse
1570 2832 1641 2907 ini-

225 2961 322 3037 cium
341 2990 592 3067 necunquam
612 2962 793 3067 originem
813 2961 1004 3051 babuisse,
1021 2990 1089 3038 nec
1103 2961 1197 3037 vidit
1210 2989 1278 3038 nec
1292 2961 1395 3038 scivit
1414 2988 1639 3068 quemquam

223 3119 292 3167 nec
313 3093 452 3168 audivit
469 3093 533 3199 qui
558 3092 678 3169 dictos
697 3120 841 3169 errores
859 3093 969 3192 sciret
985 3093 1044 3168 vel
1063 3091 1213 3168 vidisset
1232 3120 1302 3169 nec
1318 3091 1482 3168 audisset
1500 3091 1539 3166 in
1559 3092 1640 3196 ipso

224 3220 354 3297 ordine
380 3222 589 3310 nominare,
611 3239 647 3297 et
670 3222 757 3327 quia
785 3250 976 3328 nunquam
1005 3223 1186 3328 originem
1210 3220 1438 3309 habuerunt,
1460 3221 1547 3297 ideo
1571 3249 1641 3297 nec

224 3352 271 3426 de
291 3379 399 3427 causa
419 3379 550 3427 eorum
569 3379 684 3458 quare
703 3351 843 3429 luerint
863 3380 931 3429 nec
947 3353 996 3429 de
1016 3352 1097 3428 aliis
1117 3351 1405 3428 circumstanciis
1429 3349 1640 3428 testificatio

223 3496 357 3583 potest,
378 3483 601 3569 utasseruit‚
621 3480 704 3558 sieri
715 3482 761 3558 ab
773 3482 919 3559 eodem.
937 3482 1007 3559 Ubi
1022 3499 1145 3560 autem
1160 3483 1277 3586 capita
1287 3481 1454 3585 predicta
1463 3479 1521 3555 vel
1530 3479 1640 3584 ydola

223 3610 279 3685 vel
299 3638 430 3687 eorum
454 3611 606 3715 aliquod
630 3612 678 3687 sit
705 3611 764 3686 vel
787 3611 901 3686 fuerit
919 3638 1084 3714 unquam
1105 3610 1142 3683 in
1162 3609 1261 3685 dicto
1283 3606 1414 3684 ordine
1433 3606 1492 3683 vel
1515 3606 1554 3681 in
1574 3607 1641 3682 ali-

222 3769 297 3844 qua
309 3740 422 3817 domo
433 3739 490 3814 vel
500 3739 583 3815 loco
597 3739 693 3843 ejus,
712 3756 748 3814 et
757 3738 916 3842 qualiter
931 3738 1177 3842 deportentur
1191 3754 1228 3813 et
1245 3736 1510 3823 custodiantur,
1528 3752 1565 3811 et
1574 3764 1641 3841 per

223 3896 333 3973 quos,
353 3868 445 3943 dixit
462 3895 502 3943 se
521 3867 670 3972 penitus
689 3867 856 3973 ignorare
875 3883 912 3944 et
927 3883 1096 3944 contenta
1116 3866 1225 3944 ineis
1243 3867 1413 3943 universa
1439 3882 1475 3941 et
1496 3865 1639 3971 singula

223 3998 385 4075 totaliter
404 3996 505 4074 nulla
525 4025 622 4084 esse,
644 3998 739 4073 sicut
758 3997 797 4072 in
822 3996 928 4101 ipsis,
949 3996 1098 4073 duobus
1122 3996 1262 4073 ultimis
1287 3993 1449 4072 articulis
1464 4013 1551 4072 sunt
1576 3994 1640 4071 de-

222 4130 367 4234 scripta.

279 4250 407 4365 Super'
426 4259 509 4337 aliis
532 4286 620 4336 vero
647 4276 724 4336 tam
751 4260 1038 4337 circumstanciis
1067 4259 1319 4365 predictorum
1342 4286 1456 4365 quam
1485 4256 1565 4334 aliis
1592 4256 1639 4332 dc

221 4389 359 4494 quibus
378 4390 496 4465 visum
517 4389 587 4465 suit
607 4388 886 4495 inquisitoribus
906 4389 1122 4495 interrogari
1138 4389 1278 4466 debere
1292 4388 1393 4466 hunc
1408 4388 1559 4465 fratrem
1574 4386 1639 4491 qui

219 4516 367 4595 locutus
384 4535 454 4605 est,
477 4518 676 4623 requisitus
692 4535 728 4594 et
745 4517 990 4624 interrogatus
1003 4518 1073 4595 luit
1084 4518 1294 4625 diligenter,
1312 4537 1349 4596 et
1360 4516 1547 4623 pluraalia
1565 4543 1640 4593 non

222 4648 382 4737 addidit,
405 4677 489 4724 cum
510 4647 611 4724 nulla
632 4649 700 4724 alia
717 4649 822 4737 sciat,
837 4666 880 4725 ut
899 4647 1004 4725 dixit.

305 4927 410 4985 rnoebs
426 4944 477 4985 nas
492 4944 662 4986 rennuens.
674 4958 715 4970 —
732 4945 764 4986 u.
