4230 5956
684 455 878 549 anonas
908 474 1002 546 nas
1034 446 1335 545 sais-amnas.
1640 480 1709 547 an

301 618 417 695 eciam
437 615 542 722 quod
560 614 733 723 generale
753 615 955 692 concilium
972 613 1150 701 instabat,
1175 631 1215 691 at
1241 614 1345 718 quod
1370 613 1541 690 voluntas
1566 616 1711 693 domini

300 751 420 854 Pappa
439 762 476 822 et
495 745 583 822 dicti
603 744 750 821 domini
772 744 871 851 regis
889 744 1006 820 eciam
1028 741 1273 820 concurrebat
1288 742 1335 818 ad
1355 741 1472 819 finem
1493 743 1713 849 hujusmodi

300 876 590 982 imponendum,
613 874 858 951 decreverunt
877 873 1073 980 imponere
1099 870 1215 948 linem
1241 871 1399 982 negocio
1420 871 1653 976 supradicto,
1678 891 1717 951 et

301 1008 339 1081 in
365 1022 548 1112 quantum
568 1005 608 1080 in
632 1005 722 1109 ipsis
745 1003 816 1081 luit
847 1004 1125 1109 imposuerunt,
1157 1003 1349 1107 potissime
1384 1030 1470 1077 cum
1497 1030 1567 1079 nac
1597 1003 1714 1079 eciam

299 1136 427 1242 plnres
445 1151 558 1211 testes
576 1134 925 1211 administrarentur
955 1134 1116 1224 eisdam,
1139 1133 1356 1209 ordinantes
1378 1132 1570 1209 remittere
1592 1133 1715 1236 ipsum

300 1265 498 1374 negocium
522 1281 562 1380 at
587 1290 804 1367 processum
837 1262 994 1339 domino
1021 1263 1163 1367 Puppe,
1197 1290 1264 1366 per
1291 1262 1388 1338 viros
1419 1261 1650 1375 venerabiles
1680 1278 1718 1339 at

301 1395 481 1472 discretos
505 1393 701 1501 magistros
734 1392 963 1471 Chatardum
991 1393 1040 1469 de
1063 1393 1190 1469 Penne
1209 1392 1318 1470 Varia
1347 1393 1566 1470 canonicum
1593 1393 1716 1471 Sancti

300 1522 461 1615 Juniani,
474 1538 512 1600 et
531 1525 682 1620 Petrum
700 1524 746 1600 da
767 1522 962 1600 Aureliaco
987 1522 1202 1600 licenciatos
1219 1524 1258 1599 in
1277 1523 1436 1630 legibus,
1461 1553 1546 1600 cum
1559 1525 1718 1628 patenti-

296 1654 371 1742 bus
391 1682 523 1731 eorum
549 1653 687 1731 litteris
709 1652 841 1762 sigillis
870 1654 947 1730 suis
974 1654 1162 1761 sigillatis,
1189 1655 1425 1732 continencia
1453 1653 1685 1759 infrascripta
1706 1683 1715 1727 :

357 1914 624 1993 «sanctissimo
661 1913 756 2021 patri
794 1915 1026 2020 dominoque
1064 1943 1134 1992 suo
1171 1916 1327 1992 domino
1358 1914 1559 2004 Clementi,
1593 1914 1718 1991 divina

301 2046 518 2152 providente
550 2044 753 2121 clemencia
784 2061 1014 2121 sacrosancte
1046 2073 1088 2121 ac
1122 2044 1339 2122 universalis
1373 2045 1536 2121 Ecclesia
1567 2072 1715 2122 summo

302 2173 487 2280 pontifici,
505 2173 628 2249 devoti
648 2173 759 2250 vestri
779 2172 977 2278 capellani,
999 2173 1249 2251 Narbonensis
1266 2172 1585 2279 archiepiscopus,
1607 2174 1715 2278 Bajo·

303 2305 438 2394 censis,
464 2304 693 2380 Mimatensis
717 2321 755 2379 et
782 2302 1056 2381 Lemovicansis
1081 2305 1263 2409 episcopi,
1291 2304 1462 2381 Mothous
1488 2302 1535 2377 de
1560 2302 1715 2407 Neapoli

302 2431 469 2513 notarius
488 2433 639 2539 Majoris
662 2431 781 2510 Caleti
805 2432 1133 2540 Rothomagensis,
1159 2451 1197 2509 at
1221 2434 1412 2511 lohannes
1432 2434 1479 2510 da
1499 2436 1639 2510 Nantua
1664 2462 1716 2510 oa·

303 2563 473 2669 pallanus
492 2561 630 2653 Vestri,
651 2562 874 2640 Tridentine
895 2562 1135 2640 aeclesiarum
1163 2564 1430 2654 archidiaconi,
1455 2564 1502 2639 ad
1522 2564 1717 2669 inquiren-

305 2693 395 2769 dum
425 2710 554 2770 contra
572 2692 873 2798 Templariorum
905 2693 1079 2770 ordinem
1107 2695 1159 2768 in·
1178 2721 1293 2800 regno
1323 2694 1493 2784 Francia,
1525 2720 1600 2769 una
1628 2722 1715 2773 cnm

303 2821 576 2898 venerabilibus
600 2821 686 2897 viris
719 2822 884 2898 dominis
911 2821 1118 2900 Guillelmo
1143 2822 1280 2929 Agaroi
1307 2823 1470 2928 Aquensi
1503 2823 1712 2927 preposito,

303 2968 340 3028 et
364 2953 533 3030 lohanne
557 2952 613 3028 de
639 2953 783 3028 Monta·
803 2955 923 3028 lauro
953 2951 1205 3057 Magalonansi
1231 2951 1511 3040 archidiacono,
1539 2979 1625 3027 cum
1649 2950 1715 3027 illa

302 3081 465 3159 clausula
481 3082 605 3187 quod,
621 3081 651 3158 si
672 3081 850 3187 predictis
868 3084 1096 3188 exequendis
1107 3109 1240 3159 omnes
1252 3084 1495 3187 nequiremus
1514 3081 1712 3172 interesse,

302 3229 460 3317 septem,
482 3237 561 3301 sar,
583 3212 769 3318 quinqua,
791 3228 952 3318 qtratamr
969 3212 1029 3288 uel
1052 3229 1129 3289 tras
1153 3213 1343 3302 excubis,
1371 3211 1463 3287 dum
1484 3228 1609 3288 tamen
1635 3212 1714 3290 duo

302 3340 473 3418 adessent
491 3341 639 3447 prelati,
662 3330 932 3448 assequeremur
946 3342 1131 3448 predicta,
1147 3371 1166 3417 a
1182 3343 1373 3418 sanctitate
1392 3359 1512 3418 vestra
1525 3341 1712 3447 deputati,

300 3470 440 3572 padum
462 3470 588 3548 oscula
604 3471 814 3549 beatorum.
836 3473 966 3549 Noscat
980 3471 1177 3549 beatitudo
1193 3489 1330 3562 vestra,
1347 3489 1453 3575 pater
1463 3473 1711 3557 sanctissime,

301 3627 369 3704 per
386 3628 457 3679 nos
473 3629 627 3689 omnes,
656 3600 777 3678 dictis·
791 3602 984 3707 Preposito
1000 3602 1047 3678 ab
1071 3601 1184 3679 inicio
1209 3602 1373 3707 negocii,
1403 3619 1441 3677 et
1460 3600 1712 3707 Magalonensi

301 3729 563 3807 archidiacono
591 3748 675 3836 post
707 3733 1022 3809 examinacionem
1052 3732 1183 3808 decem
1211 3749 1249 3807 at
1276 3748 1419 3838 septam
1438 3729 1593 3805 testium
1622 3727 1715 3830 legi-

300 3861 391 3936 time
409 3860 605 3950 excusatis,
623 3863 779 3940 indicta
798 3860 1061 3969 inquisicione,
1084 3890 1171 3939 cum
1189 3878 1327 3966 quanta
1345 3860 1440 3946 lida,
1461 3858 1658 3962 diligencia
1676 3874 1713 3932 et

302 3988 588 4077 acceleracione,
616 4009 755 4068 servata
781 3993 1056 4069 commissionis
1084 3991 1221 4077 forma,
1252 3990 1462 4096 potuimus,
1488 3986 1601 4062 luisse
1628 4015 1714 4092 pro·

302 4142 457 4192 cessum.
489 4119 531 4192 ln
560 4146 642 4223 qua·
661 4119 817 4225 quidem
851 4118 1099 4226 inquisicione
1133 4121 1315 4195 ducentos
1343 4118 1495 4226 triginta
1527 4135 1564 4193 et
1592 4112 1712 4201 unum

300 4260 412 4320 testes
439 4274 460 4319 a
475 4245 678 4323 venarabili
696 4250 775 4325 viro
797 4251 839 4326 N.
856 4250 1049 4355 Proposito
1065 4248 1266 4323 Pictavensi
1283 4247 1476 4322 reverendi
1503 4247 1542 4322 in
1561 4248 1711 4325 Christo

300 4375 414 4477 patris
434 4374 577 4451 domini
598 4377 695 4453 Petri
715 4378 786 4455 Dei
806 4379 927 4484 gracia
949 4379 1183 4465 Panestrini‚
1210 4393 1247 4454 et
1266 4377 1422 4484 provido
1447 4379 1525 4455 viro
1543 4378 1712 4465 Jolranne

303 4503 348 4578 da
368 4503 537 4580 lamvilla
556 4506 737 4582 serviente
759 4536 951 4586 armorum
971 4508 1117 4585 domini
1137 4508 1234 4615 ragis
1252 4508 1406 4584 Francia
1428 4507 1598 4594 illustris,
1622 4506 1712 4584 dicti

301 4633 445 4710 domini
482 4636 576 4742 regis
605 4639 847 4726 auctoritate,
879 4639 926 4716 ad
961 4639 1169 4716 custodiam
1201 4639 1516 4744 Templariornm»
1536 4640 1575 4713 in
1608 4638 1709 4716 dicto

300 4789 415 4872 regno
435 4764 639 4870 deputatis,
656 4766 767 4846 nobis
778 4767 824 4846 de
845 4769 999 4847 diversis
1013 4771 1212 4876 provinciis
1232 4770 1523 4862 administratos,
1540 4770 1604 4875 qui
1619 4769 1709 4847 alias
