4230 5956
633 468 829 559 aaocas
856 486 951 558 uas
976 487 1280 559 reuertens.
1590 497 1659 567 rra

245 631 410 710 muniter‘
436 632 474 706 in
501 628 785 734 recepcionibus
810 627 970 705 aliorum
998 628 1155 705 fratrum
1185 628 1328 705 ordinis
1353 630 1412 706 vel
1438 649 1542 735 post,
1574 636 1661 739 quia

243 761 335 836 vidit
364 761 478 867 recipi
511 745 781 864 infrascriptos,
811 758 850 833 in
877 786 1041 863 quorum
1067 758 1354 865 recepcionibus
1379 760 1661 839 intervenerunt

242 892 408 997 predicta
434 890 579 978 illicita,
608 906 760 994 excepto
786 886 857 963 boc
881 888 987 993 quod
1009 888 1064 963 illi
1085 890 1150 996 qui
1178 919 1253 967 non
1281 889 1353 968 luit
1375 891 1560 996 presbiter
1584 921 1661 969 non

243 1022 314 1098 luit
333 1039 552 1128 preceptum
571 1021 675 1129 quod
696 1020 913 1098 obmitteret
933 1020 1031 1096 dicta
1052 1022 1160 1097 verba
1180 1021 1347 1109 canonis3
1370 1022 1569 1132 videlicett
1591 1025 1661 1100 lra-

243 1169 341 1227 trem
361 1151 570 1228 Gerardum
592 1152 638 1226 de
661 1154 767 1255 Rupe
794 1149 883 1255 Apis
903 1150 1177 1228 Lemovicensis
1197 1152 1372 1240 diocesis,
1395 1152 1461 1257 qui
1480 1181 1582 1229 nunc
1606 1171 1659 1231 est

243 1281 428 1387 presbiter
448 1299 485 1358 et
505 1280 695 1358 detinetur
721 1279 759 1355 in
784 1278 1056 1367 Lemovicinio‚
1084 1309 1197 1387 quem
1225 1282 1365 1387 recepit
1391 1281 1504 1359 frater
1530 1285 1660 1359 Petrus

245 1412 291 1486 de
319 1411 461 1489 Madito
489 1411 701 1517 quondam,
736 1427 931 1517 preceptor
953 1427 1045 1486 tunc
1066 1411 1256 1501 Alvernie,
1288 1413 1326 1489 in
1356 1413 1494 1518 capella
1524 1415 1661 1491 domus

243 1541 393 1647 Templi
420 1544 467 1617 de
486 1542 576 1618 Bela
595 1542 806 1619 Cbassanha
834 1541 1108 1618 Lemovicensis
1128 1542 1306 1630 diocesis,
1331 1544 1568 1648 presentibus
1591 1543 1661 1621 lra-

242 1669 363 1747 tribus
383 1669 588 1748 Guillelmo
609 1671 657 1748 de
677 1672 815 1748 Arzaco
830 1690 1047 1777 preceptore
1074 1688 1164 1749 tunc
1189 1673 1337 1757 domus,
1359 1674 1559 1763 serviente,
1578 1674 1659 1749 Ste-

242 1801 367 1905 phano
383 1802 418 1878 la
431 1803 580 1879 Vemha
598 1801 807 1888 deffuncm,
829 1801 1006 1881 Guidone
1027 1801 1198 1879 d’Arsaco
1218 1801 1416 1889 serviente,
1432 1803 1497 1906 qui
1516 1801 1657 1907 aufugit

242 1930 282 2005 in
302 1932 476 2036 capcione
499 1931 679 2017 aliorum,
700 1930 793 2006 circa
814 1931 954 2006 instans
974 1929 1111 2006 festum
1133 1929 1351 2035 Magdalene
1372 1947 1550 2006 erunt'xu
1571 1931 1657 2005 anni

242 2059 301 2134 vel
321 2061 433 2147 circa,
462 2077 500 2135 et
525 2060 679 2164 insuper
702 2057 948 2136 Guillelmum
973 2057 1177 2165 Aymerici,
1205 2059 1425 2134 servientem
1451 2059 1593 2150 vivum,
1617 2077 1659 2135 ut

244 2187 379 2277 credit,
407 2189 472 2294 qui
505 2188 577 2263 fuit
607 2203 796 2293 receptus,
824 2204 911 2263 sunt
939 2204 1083 2293 septem
1109 2188 1194 2264 anni
1220 2188 1279 2263 vel
1309 2189 1421 2278 circa,
1448 2189 1485 2264 in
1518 2188 1657 2293 capella

244 2316 379 2394 domus
398 2317 545 2421 Templi
562 2316 608 2392 de
625 2316 782 2393 Lobertz
796 2316 1069 2392 Lemovicensis
1084 2317 1258 2401 diocesis,
1279 2344 1347 2421 per
1365 2315 1516 2393 fratrem
1540 2320 1659 2394 llum*

242 2447 395 2522 bertum
408 2445 454 2520 de
467 2443 697 2523 Comborino
715 2443 875 2520 militem
895 2446 1101 2550 quondam,
1115 2445 1351 2552 presentibus
1363 2445 1541 2523 fratribus
1557 2446 1660 2524 Guil-

243 2573 359 2651 lelmo
376 2573 560 2679 Aymerici
582 2573 764 2650 avunculo
783 2572 875 2648 dicti
895 2571 1107 2663 Guillelmi,
1123 2592 1341 2680 preceptore
1361 2574 1409 2650 de
1427 2576 1655 2680 Champeus,

244 2701 308 2806 qui
329 2702 520 2779 detinetur
535 2703 573 2778 in
590 2700 859 2787 Lemovicinio‚
874 2700 1051 2780 Guidone
1072 2704 1119 2779 de
1138 2705 1309 2808 Preyssac
1331 2702 1469 2793 milite,
1486 2705 1550 2808 qui
1563 2721 1659 2780 tem-

243 2860 335 2937 pore
356 2833 540 2937 capcionis
565 2858 696 2909 eorum
719 2847 796 2908 erat
816 2831 855 2906 in
874 2831 1030 2937 Chipro,
1052 2848 1090 2907 et
1109 2830 1315 2911 Guillelmo
1330 2832 1377 2906 de
1397 2832 1569 2937 Preyssac
1591 2833 1661 2908 mi-

244 2961 308 3037 lite
328 2962 536 3066 quondam,
550 2979 645 3038 tunc
660 2978 878 3068 preceptore
899 2960 996 3037 dicte
1016 2961 1171 3050 domus;
1189 2960 1357 3066 plurium
1376 2960 1659 3065 recepcionibus

246 3119 322 3167 non
342 3091 528 3179 adfuerat,
551 3091 647 3167 sicut
661 3089 764 3167 dixit.
787 3091 899 3177 ltem,
922 3090 1015 3165 dixit
1032 3090 1136 3195 quod
1156 3092 1204 3166 de
1219 3089 1300 3167 aliis
1319 3089 1458 3166 illicitis
1473 3089 1531 3164 vel
1551 3089 1661 3166 inho-

245 3220 360 3297 nestis
375 3248 453 3297 nou
472 3220 543 3296 luit
557 3220 727 3298 locutum
749 3219 873 3297 eidem
893 3220 933 3295 in
950 3248 1017 3296 sua
1036 3221 1254 3325 recepcione
1273 3219 1331 3296 vel
1348 3237 1449 3326 post,
1468 3246 1538 3295 nec
1552 3220 1661 3297 dictis

245 3348 396 3427 duobus
416 3377 517 3456 quos·
530 3350 622 3426 vidit
641 3351 774 3455 recipi,
796 3350 901 3456 quod
924 3350 1002 3455 ipse
1023 3350 1127 3425 scivit
1143 3350 1363 3462 velbaudivit
1381 3349 1467 3425 dici.
1489 3350 1659 3454 Requisi·

243 3495 306 3554 tus
325 3480 355 3556 si
381 3480 547 3584 predicta
572 3479 699 3556 illicita
719 3479 1021 3569 intervenerunt,
1041 3480 1080 3554 in
1101 3455 1319 3585 rec'd‘p's‘cione
1343 3506 1408 3555 sua
1436 3497 1473 3556 ct
1498 3478 1657 3570 aliorum

247 3635 341 3711 quos
369 3608 463 3685 vidi-t
488 3609 624 3714 recipi,
656 3626 740 3686 ante
769 3608 1018 3685 tradicionem
1048 3609 1216 3685 mantelli
1243 3609 1300 3685 vel
1330 3627 1433 3715 post,
1465 3609 1660 3712 respondit

246 3737 349 3841 quud
372 3755 458 3815 ante
479 3739 724 3815 tradicionem
742 3738 925 3814 mantelli.
952 3739 1064 3825 ltem,
1088 3739 1302 3845 dicitquod
1324 3764 1518 3843 nunquam
1540 3735 1660 3811 obmi-

245 3884 342 3942 serat
367 3869 480 3947 verba
503 3869 656 3946 canonis
681 3867 905 3944 celebrando
935 3868 1103 3955 missam,
1133 3895 1204 3944 nec
1229 3869 1298 3943 scit
1323 3894 1393 3942 neo
1418 3863 1561 3940 audivit
1587 3862 1659 3938 dici

244 3997 348 4100 quod
368 3997 431 4072 alii
453 3997 647 4103 presbiteri
668 3997 811 4075 ordinis
832 3997 1093 4087 obmitterent,
1115 4025 1184 4072 nec
1200 3997 1304 4101 quod
1324 3996 1386 4071 alii
1407 3993 1537 4069 lratres
1557 3993 1661 4069 ordi-

246 4123 450 4200 nisessent
473 4127 659 4203 increduli
685 4125 939 4204 ecclesiasticis
967 4125 1220 4208 sacramentis,
1247 4150 1317 4198 nec
1341 4122 1447 4226 quod
1466 4121 1661 4201 causaliter

246 4252 588 4329 commiscerentur.
616 4254 768 4330 audivit
791 4254 864 4330 dici
889 4269 974 4356 post
998 4251 1214 4357 capcionem
1235 4278 1366 4326 eorum
1387 4268 1426 4328 et
1443 4250 1574 4327 fratres
1593 4253 1661 4328 ali-

246 4408 342 4484 quos
367 4380 508 4457 ordinis
534 4381 703 4456 confiteri
731 4381 835 4485 quod
864 4379 1065 4483 aliquando
1096 4380 1234 4484 recepti
1266 4380 1532 4456 osculabantur
1559 4404 1662 4456 rece-

246 4527 374 4610 ptores
387 4510 426 4585 in
441 4539 525 4588 ano
542 4512 647 4597 ltem,
667 4510 760 4586 dixit
774 4538 812 4586 se
827 4509 961 4585 vidisse
983 4526 1021 4584 et
1040 4507 1239 4596 audivisse,
1257 4510 1297 4585 in
1315 4509 1584 4586 terminacione
1605 4537 1662 4585 ca-

246 4639 472 4744 pitulorum,
489 4642 594 4746 quod
614 4640 727 4716 srater
746 4640 862 4717 laicus
880 4656 1012 4716 tenens
1032 4638 1238 4743 capitulum
1260 4640 1409 4716 dicebat
1425 4639 1519 4716 talio
1533 4639 1659 4728 cerba,

247 4770 400 4872 quando
418 4769 535 4876 aliqui
551 4769 680 4846 tratres
699 4767 974 4847 confitebantur
987 4768 1045 4845 rel
1063 4771 1428 4847 commendabantur
1440 4769 1481 4845 in
1491 4768 1662 4874 capitulis

1463 4905 1513 4968 16.
