4230 5956
416 442 492 517 nor
804 416 1001 512 raocts
1026 435 1122 509 oss
1147 435 1446 511 rnnrxrnns.
1578 506 1590 522 ,

470 589 565 665 Item
584 610 700 672 anno,
721 577 933 665 indicione,
954 605 1099 667 mense,
1128 576 1214 669 die,⁸
1233 578 1456 687 pontificatu
1474 597 1514 658 et
1531 580 1615 660 loco
1639 584 1838 690 predictis,

415 719 454 794 in
468 717 558 797 dicti
583 711 832 823 inquisitoris,
855 728 1027 788 nostrum
1046 710 1278 788 notariorum
1297 729 1336 790 et
1352 713 1671 821 infrascriptorum
1685 717 1839 794 testium

413 850 605 956 presencia
619 843 865 955 personaliter
888 842 1115 920 constitutus
1125 839 1238 920 frater
1251 843 1383 922 Petrus
1403 844 1450 921 de
1473 845 1577 923 Safet
1600 846 1784 925 oriundus
1798 849 1838 925 in

414 979 534 1071 Acon,
554 974 807 1058 serviensdicti
829 973 988 1062 ordinis,
1006 990 1045 1051 et
1063 973 1289 1051 constitutus
1308 974 1347 1051 in
1368 975 1482 1054 domo
1502 976 1653 1083 majoris
1673 978 1838 1085 Magistri

414 1111 556 1189 ordinis
581 1106 884 1213 Templariorum
906 1133 1021 1211 super
1043 1104 1320 1212 garnisionibus
1344 1105 1444 1185 dicte
1465 1107 1620 1197 domus,
1647 1108 1752 1185 testis
1777 1137 1840 1187 eo-

414 1243 501 1320 dem
521 1241 636 1319 modo
656 1240 803 1347 juratus
828 1236 876 1314 de
902 1264 941 1314 se
967 1253 1006 1313 et
1031 1235 1114 1314 aliis
1137 1237 1177 1314 in
1205 1265 1315 1316 causa
1339 1236 1430 1316 fidei
1456 1267 1607 1348 puram,
1633 1268 1776 1317 meram
1804 1258 1840 1318 et

413 1374 594 1480 integram
612 1372 736 1447 dicere
748 1367 953 1445 veritatem.

467 1505 719 1610 Interrogatus
733 1500 781 1576 de
798 1515 970 1604 tempore
991 1514 1030 1575 et
1045 1498 1161 1577 modo
1185 1526 1251 1576 sue
1271 1501 1519 1607 recepcionis,
1542 1502 1635 1579 dixit
1654 1531 1722 1608 per
1737 1503 1840 1608 jura-

412 1652 583 1712 mentum
609 1663 718 1711 suum
741 1631 843 1739 quod
863 1646 1024 1737 quatuor
1043 1629 1129 1706 anni
1150 1629 1207 1706 vei
1226 1630 1395 1738 quinque
1416 1650 1502 1709 sunt
1524 1631 1640 1739 elapsi
1664 1632 1722 1709 vel
1742 1632 1837 1710 circa

411 1766 517 1871 quod
536 1766 616 1873 ipse
639 1764 711 1843 fuit
731 1778 903 1868 receptus
927 1760 966 1838 in
989 1760 1089 1838 dicto
1110 1760 1243 1838 ordine
1263 1790 1332 1868 per
1352 1761 1495 1839 dictum
1517 1763 1698 1870 majorem
1722 1764 1838 1870 Magi-

411 1913 549 1987 strum,
578 1898 618 1974 in
651 1896 794 1974 civitate
825 1893 1050 1981 Nicociensi,
1079 1892 1318 1998 presentibus
1349 1891 1460 1972 fratre
1491 1894 1602 1971 Petro
1632 1893 1680 1971 de
1705 1895 1836 1972 Boucli

412 2027 581 2133 ejusdem
602 2027 761 2114 ordinis,
785 2024 896 2102 trane
922 2023 1104 2103 Gauirido
1133 2023 1307 2112 Picardo,
1335 2023 1437 2100 socio
1470 2023 1636 2130 magistri
1662 2025 1838 2131 predicti,

412 2173 449 2233 et
467 2157 642 2264 pluribus
666 2157 747 2231 aliis
773 2156 820 2231 de
847 2183 1011 2260 quorum
1039 2153 1256 2234 nominibus
1275 2182 1352 2233 non
1376 2154 1520 2232 recolit.
1540 2155 1643 2233 Dixit
1667 2157 1784 2233 eciam
1803 2176 1840 2235 ct

409 2315 478 2391 per
491 2287 745 2392 juramentum
761 2313 872 2362 snum
894 2285 998 2389 quod
1019 2303 1105 2389 post
1123 2283 1260 2361 multas
1278 2285 1548 2390 promissiones
1569 2285 1617 2362 de
1640 2286 1839 2365 observan-

411 2414 468 2490 dis
487 2414 632 2491 statutis
647 2430 684 2489 et
703 2412 853 2490 secretis
876 2411 965 2488 dicti
990 2413 1134 2489 ordinis
1154 2413 1201 2489 ab
1223 2440 1269 2489 eo
1289 2412 1416 2506 factas,
1439 2431 1477 2491 et
1494 2417 1673 2495 mantello
1694 2417 1763 2495 sibi
1789 2420 1836 2496 ad

409 2542 549 2622 collum
578 2544 718 2650 posito,
747 2543 867 2620 dictus
895 2543 1081 2649 recipiens
1112 2542 1275 2622 ostendit
1304 2543 1375 2622 sibi
1410 2574 1561 2624 crucem
1589 2549 1630 2625 in
1657 2578 1730 2656 qua
1759 2569 1837 2627 erat

408 2702 541 2784 ymago
566 2676 682 2755 Jhesu
701 2674 838 2753 Christi
866 2673 1027 2779 depicta,
1056 2692 1094 2752 et
1113 2675 1161 2752 de
1180 2692 1357 2783 precepto
1385 2677 1476 2754 dicti
1503 2680 1719 2788 recipientis
1737 2683 1838 2788 spuit

407 2823 467 2885 ter
483 2837 595 2915 supra
615 2837 709 2886 eam.
724 2805 826 2884 Dixit
837 2823 963 2883 tamen
984 2834 1053 2912 per
1066 2809 1325 2914 juramentum
1340 2837 1450 2886 suum
1469 2811 1574 2917 quod
1593 2811 1714 2889 credit
1733 2814 1837 2919 quod

408 2940 572 3018 intencio
589 2940 678 3017 dicti
692 2937 905 3045 recipientis
921 2954 1018 3016 esset
1029 2938 1134 3044 quod
1147 2939 1221 3017 hoc
1236 2938 1375 3018 faceret
1389 2940 1430 3017 in
1445 2959 1666 3050 contemptu
1678 2942 1834 3036 Cb1·isti;

407 3088 532 3148 tamen
552 3097 630 3149 non
649 3069 868 3148 recordatur
881 3070 986 3174 quod
1001 3071 1075 3148 hoc
1089 3069 1162 3149 sibi
1178 3069 1311 3148 dixerit
1331 3091 1525 3163 oretenus,
1545 3090 1583 3151 et
1601 3074 1836 3181 boc-preter-

407 3199 524 3289 misit,
543 3217 585 3278 ut
601 3199 734 3288 credit,
752 3201 841 3307 quia
855 3217 1005 3306 tempus
1020 3218 1099 3278 erat
1116 3202 1339 3308 prandendi.

462 3333 713 3437 Interrogatus
739 3330 785 3407 de
812 3329 958 3418 osculo,
986 3331 1080 3409 dixit
1103 3360 1171 3438 per
1192 3333 1449 3440 juramentum
1472 3362 1585 3413 suum
1602 3336 1707 3442 quod
1728 3364 1835 3415 oscu-

407 3461 504 3540 latus
522 3462 594 3541 fuit
614 3462 754 3539 dictum
773 3463 1015 3568 recipientem
1036 3464 1279 3542 demandato
1299 3465 1416 3571 ipsius
1439 3466 1479 3544 in
1499 3465 1574 3544 sure
1600 3465 1706 3575 spine
1732 3469 1832 3545 dorsi

407 3596 505 3673 etin
530 3623 607 3674 ore.
633 3594 735 3671 Dixit
759 3594 876 3671 eciam
900 3623 968 3700 per
989 3595 1244 3702 juramentum
1266 3623 1378 3674 suum
1404 3598 1510 3703 quod
1534 3599 1636 3676 idem
1660 3599 1836 3706 Magister

406 3729 572 3837 precepit
597 3746 632 3804 et
658 3724 823 3804 inhibuit
849 3725 920 3803 sibi
946 3725 1051 3832 quod
1081 3727 1235 3805 omnino
1263 3727 1466 3805 abstineret
1491 3757 1513 3805 a
1536 3728 1774 3818 mulieribus,
1797 3748 1833 3805 et

406 3862 510 3968 quod
527 3888 605 3939 non
626 3859 828 3968 denegaret
842 3856 1017 3935 fratribus
1032 3857 1120 3934 dicti
1146 3857 1289 3936 ordinis
1303 3856 1448 3964 aliquid
1466 3857 1571 3964 quod
1587 3857 1635 3935 ab
1655 3884 1700 3933 eo
1718 3886 1833 3963 super

405 3991 477 4070 hoc
510 4008 692 4098 peterent.
720 3989 826 4065 Unde
857 3987 949 4065 dixit
977 4015 1045 4094 per
1069 3988 1324 4096 juramentum
1354 4015 1465 4064 suum
1495 3987 1601 4094 quod
1632 3988 1829 4095 contingit,

405 4150 490 4201 cum
514 4121 676 4230 quadam
703 4138 811 4199 nocte
840 4121 957 4197 exiret
982 4119 1030 4198 de
1055 4148 1199 4199 camera
1225 4118 1316 4199 dicti
1338 4117 1505 4226 Magistri
1533 4119 1688 4226 quidam
1718 4118 1834 4200 frater

406 4254 494 4333 dicti
514 4253 657 4333 ordinis
677 4255 858 4359 Yspanus,
875 4252 940 4358 qui
966 4251 1165 4330 vocabatur
1176 4250 1358 4331 Martinus
1370 4251 1538 4344 Martini,
1562 4252 1704 4332 vocavit
1724 4280 1829 4341 eum,

406 4403 443 4463 et
458 4387 598 4467 abusus
613 4384 684 4462 snit
696 4412 741 4462 eo
757 4382 968 4475 carnaiitcr;
985 4400 1024 4461 et
1038 4383 1111 4462 hoc
1131 4381 1294 4463 nonfuit
1312 4381 1385 4462 sibi
1404 4412 1517 4462 ausus
1531 4383 1735 4492 denegare,
1750 4413 1832 4493 pro-

404 4537 486 4622 pter
503 4534 721 4628 preceptum
736 4514 840 4623 quod
858 4512 930 4590 sibi
948 4511 1086 4592 fecerat
1104 4515 1226 4593 dictus
1244 4515 1433 4622 Magister.

461 4650 677 4758 Requisitus
696 4676 763 4755 per
776 4647 1035 4754 juramentum
1055 4673 1166 4723 suum
1187 4663 1316 4725 utrum
1329 4648 1381 4740 vi,
1403 4647 1463 4726 vsi
1481 4665 1606 4738 metu,
1628 4665 1693 4726 aut
1706 4647 1829 4752 aliqua

405 4778 475 4856 alia
491 4779 538 4856 de
549 4806 674 4864 causa,
687 4777 883 4856 salsitatem
899 4773 1067 4863 dixisset,
1089 4793 1156 4854 ant
1167 4778 1343 4856 tacuisset
1362 4781 1554 4860 veritatem
1574 4781 1614 4859 in
1633 4806 1699 4858 sua
1714 4777 1829 4882 depo-
