4230 5956
610 493 806 587 enocns
832 514 927 586 ons
953 515 1253 588 reveniens.
1571 520 1638 591 157

226 651 646 730 bonasconsuetudines
657 682 730 759 qne
744 670 835 730 tunc
847 671 952 730 eraut
964 654 1003 729 in
1020 654 1151 730 ordine
1167 674 1205 731 et
1219 684 1292 759 que
1309 657 1345 728 in
1362 672 1553 759 posterum
1571 658 1641 733 im-

226 800 457 887 ponerentur
471 783 518 858 de
539 783 695 860 consilio
713 784 1007 889 presbiterorum
1023 785 1182 872 ordinis,
1199 802 1236 862 et
1250 784 1354 891 quod
1370 813 1444 861 non
1463 787 1642 863 revelaret

226 929 363 989 secreta
385 911 655 1018 capitulorum3
679 931 716 990 et
734 915 912 1020 imposito
928 914 998 991 sibi
1018 914 1214 1004 mantello,
1234 930 1405 1018 receptor
1425 930 1462 990 et
1482 932 1642 992 astantes

225 1042 380 1119 fuerunt
403 1070 489 1119 eum
511 1043 666 1120 osculati
685 1044 723 1119 in
745 1073 821 1122 ore.
837 1046 1081 1122 Postmodum
1101 1045 1208 1120 allata
1230 1073 1297 1150 per
1321 1044 1519 1121 dominum
1547 1075 1643 1125 rece-

226 1190 372 1278 ptorem
393 1172 556 1278 quadarn
578 1202 687 1250 cruce
704 1174 894 1250 metallina
916 1174 955 1248 in
972 1203 1046 1280 qua
1070 1192 1149 1250 erat
1171 1203 1303 1282 ymago
1321 1174 1512 1265 Crucifixi‚
1530 1176 1643 1280 peciit

226 1303 272 1377 ab
286 1331 330 1378 eo
347 1303 469 1380 dictus
486 1321 668 1408 receptor,
688 1303 727 1378 in
747 1304 939 1409 presencia
954 1302 1131 1392 aliorum,
1150 1304 1180 1379 si
1202 1304 1378 1381 credebat
1392 1304 1431 1379 in
1451 1302 1557 1380 illum
1575 1307 1640 1410 qui

224 1431 548 1538 representabatur
566 1460 634 1539 per
654 1433 792 1509 dictam
813 1462 982 1523 crucem3
1004 1450 1145 1509 etcum
1166 1433 1243 1539 ipse
1264 1435 1367 1511 testis
1389 1435 1641 1540 respondisset

223 1562 328 1668 quod
351 1563 419 1648 sic,
443 1563 535 1638 dixit
554 1563 588 1638 ei
608 1564 713 1672 quod
733 1592 810 1641 non
830 1564 1005 1642 credebat
1029 1564 1067 1639 in
1088 1593 1192 1651 eum,
1215 1565 1303 1670 quia
1326 1563 1440 1641 salsus
1458 1566 1640 1671 propheta

223 1689 359 1778 luerat,
386 1709 423 1768 et
444 1693 610 1798 precepit
639 1693 672 1769 ei
695 1693 799 1800 quod
823 1693 1024 1799 abnegaret
1049 1722 1137 1769 eum
1165 1710 1202 1770 et
1226 1695 1506 1800 quod'spucret
1528 1722 1641 1798 super

224 1820 359 1898 dictam
382 1849 548 1912 crucem3
564 1839 602 1899 et
616 1823 738 1901 dictus
754 1824 876 1910 testis,
900 1821 1126 1928 stupefactus
1144 1840 1181 1900 et
1195 1823 1300 1899 valde
1317 1823 1449 1899 dolens
1470 1823 1508 1896 in
1526 1823 1638 1898 corde

222 1978 307 2040 suo,
330 1951 524 2057 abnegavit
542 1979 606 2028 ore
624 1979 701 2028 non
723 1953 852 2044 corde,
875 1968 913 2026 et
932 1953 1033 2057 spuit
1057 1979 1132 2027 non
1154 1979 1265 2056 supra
1284 1951 1351 2027 sed
1367 1952 1473 2057 juxta
1501 1951 1638 2027 dictam

223 2106 383 2155 crucem.
417 2080 664 2157 Postmodum
694 2081 817 2156 dictus
847 2096 1018 2185 receptor
1044 2079 1114 2155 suit
1140 2106 1227 2155 eum
1253 2078 1440 2156 osculatus
1464 2079 1502 2153 in
1529 2108 1637 2154 carne

222 2208 324 2284 nuda
339 2209 433 2284 circa
450 2207 693 2297 umbilicum,
714 2226 752 2284 et
773 2208 864 2284 dixit
879 2209 913 2284 ei
934 2209 1053 2314 quod,
1069 2210 1221 2314 quando
1238 2227 1335 2285 esset
1349 2210 1387 2283 in
1402 2208 1486 2284 loco
1507 2211 1544 2283 in
1560 2238 1637 2314 quo

221 2336 351 2415 fratres
370 2336 554 2415 haberent
579 2337 776 2442 penuriam
797 2337 1004 2424 lectorum,
1037 2355 1184 2443 poterat
1202 2338 1325 2444 jacere
1353 2365 1438 2413 curn
1462 2337 1543 2414 aliis
1567 2339 1638 2415 sra-

218 2467 339 2544 tribus
363 2484 401 2544 et
425 2465 622 2543 carnaliter
644 2467 876 2543 commisceri
899 2495 985 2542 cum
1009 2467 1063 2543 eis
1082 2483 1120 2543 et
1139 2467 1210 2573 ipsi
1230 2495 1316 2543 cum
1333 2494 1398 2558 θος
1419 2468 1491 2544 boc
1510 2485 1636 2547 tamen

219 2624 296 2673 non
309 2596 397 2673 fecit
411 2626 480 2674 nec
498 2596 638 2672 audivit
657 2595 731 2672 dici
749 2597 855 2702 quod
870 2595 978 2672 fieret
997 2597 1037 2672 in
1053 2596 1202 2685 ordine,
1220 2597 1290 2672 nisi
1311 2625 1378 2702 per
1397 2625 1518 2673 unum
1534 2627 1636 2703 pres-

219 2726 386 2803 hiterum
406 2743 615 2815 mortuum,
633 2725 698 2833 qui
715 2724 928 2802 diffamatus
948 2743 1027 2802 erat
1045 2726 1132 2832 quia
1153 2725 1377 2803 abutebatur
1392 2727 1517 2830 pueris
1532 2755 1637 2803 secu·

219 2854 373 2934 laribus.
392 2856 471 2933 Alia
494 2854 625 2932 illicita
649 2883 725 2932 non
749 2855 1032 2931 intervenerunt
1056 2855 1095 2930 in
1120 2853 1216 2930 dicta
1239 2882 1302 2962 sua
1328 2855 1547 2960 recepcione
1566 2885 1637 2932 nec

220 3002 319 3090 post,
343 3002 380 3062 et
396 2985 515 3062 credit
541 2984 645 3091 quod
665 2984 800 3061 eadem
822 2983 1092 3063 intervenirent
1115 2985 1367 3061 communiter
1382 3000 1420 3060 et
1433 2983 1575 3090 ubique
1595 2986 1634 3060 in

219 3116 502 3222 recepcionibus
527 3114 687 3193 aliorum
707 3114 864 3192 fratrum
888 3113 1031 3191 ordinis
1044 3114 1102 3191 vel
1116 3130 1216 3220 post,
1245 3131 1282 3190 et
1301 3114 1404 3219 quod
1420 3115 1578 3222 majores
1599 3131 1636 3191 et

221 3244 283 3320 alii
305 3245 435 3323 fratres
454 3244 597 3323 ordinis
611 3243 680 3320 ista
693 3244 844 3335 scirent,
866 3243 954 3349 quia
969 3243 1040 3320 luit
1052 3242 1201 3321 locutus
1216 3240 1487 3347 cumpluribus
1505 3272 1549 3319 cx
1563 3244 1632 3333 eis}

221 3392 258 3450 et
277 3374 484 3481 specialiter
506 3403 591 3452 curn
611 3374 721 3451 fratre
741 3376 852 3451 Petro
874 3375 921 3451 de
942 3373 1061 3450 Madit
1086 3373 1204 3451 milite
1225 3373 1433 3480 quondam,
1457 3375 1516 3449 cui
1535 3375 1634 3450 mul-

218 3521 299 3581 tum
321 3504 567 3610 displicebant
583 3504 765 3610 predicta,
781 3533 849 3610 per
871 3532 985 3609 quern
1004 3502 1076 3580 fuit
1091 3503 1161 3581 sibi
1187 3531 1409 3610 responsum
1431 3503 1537 3609 quod
1556 3533 1632 3580 non

219 3652 316 3711 esset
328 3635 442 3712 nimis
461 3637 628 3712 curiosus
648 3635 687 3711 in
704 3634 932 3742 inquirendo
953 3635 1000 3711 de
1014 3633 1210 3739 predictis,
1232 3662 1318 3708 narn
1342 3662 1429 3709 curn
1451 3619 1547 3710 esset
1560 3631 1632 3707 sra-

218 3781 276 3840 ter
288 3767 461 3854 serviens,
474 3766 538 3872 qui
554 3765 755 3842 servientes
766 3763 1156 3869 contempnebantura
1169 3762 1369 3867 militibus,
1383 3762 1630 3839 debebatessc

217 3895 374 3985 surdus,
404 3913 532 3972 mutus
560 3912 597 3972 et
620 3923 744 3986 cecus,
774 3911 812 3971 et
836 3894 938 3971 idern
965 3892 1241 3998 responderunt
1265 3890 1336 3969 sibi
1359 3890 1470 3966 multi
1495 3888 1555 3964 alii
1584 3891 1629 3964 de

218 4024 368 4112 ordine,
390 4026 485 4102 sicut
509 4024 612 4101 dixit.
637 4023 852 4130 Requisitus
871 4023 902 4100 si
921 4023 1063 4098 viderat
1090 4022 1182 4098 alios
1206 4021 1319 4125 recipi
1341 4020 1379 4093 in
1400 4017 1548 4108 ordine,
1571 4047 1629 4095 re-

216 4152 369 4254 spondit
387 4153 490 4258 quod
509 4154 578 4242 sid,
600 4153 752 4230 fratrem
772 4151 1020 4230 Guillelmum
1041 4150 1088 4226 de
1108 4149 1247 4227 Asonio
1266 4147 1486 4223 servientem
1507 4175 1629 4253 quon·

217 4278 315 4366 dam,
328 4280 642 4357 Claramontensis
652 4280 821 4371 diocesis,
832 4296 1002 4383 tempore
1016 4305 1112 4382 pape
1123 4276 1271 4353 Martini
1287 4276 1421 4381 quarti,
1434 4277 1473 4351 in
1489 4276 1629 4382 capella

216 4406 353 4484 domus
365 4384 514 4514 'l'empli
526 4409 648 4486 Sancti
664 4407 804 4487 Mathei
819 4406 867 4482 de
877 4406 974 4483 Urbe
987 4407 1120 4493 veteri,
1134 4433 1201 4511 per
1212 4404 1364 4482 fratrem
1377 4403 1626 4483 Guillelmum

215 4537 410 4615 Charncrii
431 4537 672 4625 servientem,
695 4537 760 4643 qui
781 4535 901 4613 luerat
919 4535 1091 4613 ostiarius
1109 4535 1254 4612 domini
1278 4564 1372 4641 pape
1393 4532 1530 4612 Nicolai
1555 4552 1628 4613 ter-

217 4668 526 4773 cii,presentibus
544 4666 719 4744 iratribus
733 4665 901 4745 Gerardo
914 4666 961 4743 de
977 4664 1535 4745 BoschacelisClaramontensis
1550 4663 1628 4740 dio

216 4798 308 4875 cesis
322 4798 529 4905 quondam,
552 4813 590 4873 et
606 4795 833 4903 quibusdam
854 4795 934 4874 aliis
951 4795 1094 4904 ytalicis
1108 4795 1156 4872 de
1175 4822 1340 4906 quorum
1357 4792 1575 4872 nominibus
1589 4811 1626 4874 et

301 4933 406 4994 enoris
429 4953 480 4996 ors
502 4952 667 4994 rennuens.
684 4952 767 4993 -u.
1462 4930 1499 4994 18
