4230 5956
469 449 541 523 ms
856 428 1051 521 moces
1076 441 1172 518 oss
1197 446 1496 519 rumpemus.

466 592 507 667 in
520 588 684 699 religiosi
706 605 744 665 et
757 589 909 680 ¹honesti
926 589 995 665 viri
1016 586 1137 664 fratris
1152 586 1290 664 Nicolai
1311 587 1359 665 de
1378 586 1577 666 Anessiaco
1601 588 1744 667 ordinis
1761 592 1885 670 Predi·

466 738 652 808 catorum,
678 719 923 798 commissarii
940 718 1063 797 fratris
1081 717 1275 798 Guillelmi
1292 719 1341 796 de
1356 718 1519 797 Parisius
1537 717 1706 826 ejusdem
1724 712 1881 813 ordinis,

466 851 698 960 inquisitoris
723 850 886 927 heretice
908 849 1094 954 pravitatis
1116 850 1156 925 in
1181 875 1296 956 regno
1319 849 1472 926 Francie
1498 848 1714 927 auctoritate
1737 871 1883 959 aposto-

466 978 537 1058 lica
557 978 741 1084 deputati,
765 995 935 1056 nostmm
960 979 1191 1056 notariorum
1219 995 1256 1055 et
1280 978 1434 1057 testium
1458 976 1776 1083 infrascriptorum
1799 1011 1883 1086 pre-

466 1110 588 1187 sencia
607 1107 854 1214 personaliter
873 1110 1114 1200 constitutus,
1133 1107 1247 1185 frater
1260 1109 1392 1185 Petrus
1419 1107 1465 1185 de
1485 1107 1738 1215 Montigniaco
1761 1109 1884 1189 dioce-

464 1240 515 1318 sis
534 1238 752 1329 Meldensis,
773 1240 957 1344 presbiter
976 1241 1065 1316 dieti
1086 1239 1245 1332 ordinis,
1271 1240 1378 1316 etatis
1397 1267 1443 1317 xe
1459 1266 1661 1330 annorum,
1677 1240 1824 1347 juratus
1838 1242 1884 1317 ad

465 1386 587 1449 saneta
606 1369 676 1446 Dei
701 1368 913 1478 Evangelia,
942 1370 1065 1447 eidem
1091 1360 1277 1476 preposita
1301 1388 1339 1446 et
1358 1369 1404 1446 ab
1429 1396 1475 1448 eo
1501 1369 1745 1474 corporaliter
1770 1386 1882 1460 tacta,

465 1499 513 1577 de
532 1526 572 1576 se
592 1515 631 1575 et
650 1499 697 1576 de
715 1498 797 1575 aliis
823 1501 863 1575 in
883 1528 990 1576 causa
1009 1497 1098 1577 fidei
1126 1500 1251 1577 dicere
1271 1499 1476 1586 veritatem,
1498 1515 1538 1575 et
1561 1499 1810 1605 interrogatus
1836 1501 1883 1577 de

463 1646 631 1732 tempore
647 1645 684 1704 et
702 1627 818 1705 modo
838 1656 905 1705 sue
921 1629 1167 1732 recepcionis,
1184 1629 1276 1704 dixit
1294 1655 1362 1732 per
1374 1627 1631 1733 juramentum
1649 1653 1761 1704 suum
1778 1631 1882 1735 quod

466 1757 538 1835 luit
547 1773 720 1862 receptus
733 1757 770 1832 in
784 1757 896 1834 domo
909 1756 1059 1862 Templi
1069 1756 1300 1844 Perisiensis,
1311 1784 1381 1862 per
1393 1754 1546 1832 fratrem
1555 1757 1751 1863 Hugonem
1761 1757 1808 1835 de
1819 1760 1881 1837 Pa·

465 1889 583 1967 reudo
599 1888 826 1966 visitatorem
843 1887 1012 1977 Francie,
1028 1887 1067 1963 in
1084 1887 1235 1965 instanti
1252 1886 1545 1994 Quadragesima
1560 1903 1671 1965 erunt
1683 1902 1760 1964 tres
1773 1891 1878 1979 anni,

463 2020 700 2126 presentibus
718 2018 967 2107 thesaurario,
989 2020 1113 2124 priore
1129 2034 1167 2094 et
1184 2017 1312 2096 multis
1334 2016 1415 2094 aliis
1427 2014 1606 2094 iratribus
1619 2017 1718 2096 dicte
1733 2016 1880 2098 domus.

464 2150 566 2229 Dixit
575 2150 692 2227 eciam
704 2176 773 2254 per
776 2148 1030 2255 juramentum
1047 2176 1157 2227 suum
1170 2148 1291 2254 quod,
1307 2164 1392 2253 post
1401 2146 1540 2224 multas
1554 2147 1822 2252 promissiones
1835 2151 1882 2227 ab

465 2308 511 2359 eo
521 2278 632 2357 lectas
650 2279 697 2356 de
708 2277 948 2356 observandis
962 2277 1108 2356 statutis
1121 2276 1319 2355 etsecretis
1332 2276 1420 2354 dieti
1430 2275 1591 2366 ordinis,
1602 2276 1759 2383 quidem
1768 2277 1881 2357 irater

465 2409 556 2487 dicti
576 2407 717 2487 ordinis
740 2407 920 2513 aportavit
942 2424 1026 2484 ante
1055 2435 1141 2485 eum
1167 2404 1366 2514 quamdam
1391 2434 1540 2485 crucem
1564 2405 1731 2515 ligneam
1749 2409 1788 2485 in
1807 2439 1880 2516 qua

466 2557 544 2618 erat
559 2537 679 2646 ligure
697 2538 813 2615 lhesu
834 2537 973 2616 Christi
993 2537 1173 2628 crucifixi,
1197 2555 1234 2615 et
1247 2555 1339 2615 tunc
1358 2537 1481 2617 dictus
1504 2537 1671 2615 visitator
1685 2540 1812 2646 petivit
1833 2540 1879 2617 ab

392 2677 402 2695 ⁴
465 2698 511 2750 eo
525 2688 653 2750 utrum
668 2669 836 2746 crederet
853 2669 892 2745 in
912 2697 1000 2747 eum
1020 2669 1125 2777 cujus
1144 2697 1277 2777 ymago
1305 2686 1383 2747 erat
1405 2668 1478 2760 ibi,
1508 2669 1643 2775 etipse
1664 2669 1758 2747 dixit
1776 2670 1881 2776 quod

464 2803 533 2894 sic,
556 2819 594 2878 et
612 2819 703 2879 tunc
723 2800 814 2877 dixit
831 2800 924 2878 sibi:
941 2799 1127 2905 «Oportet
1147 2798 1251 2906 quod
1268 2815 1310 2876 tu
1326 2798 1487 2907 abneges
1506 2828 1594 2876 eum
1612 2816 1683 2889 ter,
1706 2818 1745 2878 et
1770 2829 1882 2904 spuas

463 2950 521 3011 ter
536 2961 644 3038 supra
657 2959 817 3009 crucem.
835 2969 847 2999 ι
867 2931 980 3025 Quod
994 2929 1114 3008 lacere
1131 2928 1400 3009 contradixitet
1410 2930 1606 3039 denegavit
1613 2946 1796 3036 quantum
1812 2959 1881 3037 po-

462 3065 552 3154 tuit;
569 3061 742 3151 linaliter,
769 3077 923 3166 propter
945 3061 1063 3137 minas
1089 3086 1181 3167 quas
1207 3058 1418 3137 inferebant
1435 3059 1524 3151 sibi,
1542 3058 1632 3138 lecit
1653 3087 1719 3139 ore
1749 3078 1787 3137 et
1803 3089 1880 3138 non

465 3190 595 3281 corde,
618 3206 656 3266 et
669 3189 775 3265 finxit
787 3216 923 3296 ‘spuere
940 3218 1051 3295 supra
1064 3219 1229 3280 crucem,
1248 3206 1285 3267 et
1301 3191 1403 3296 spuit
1421 3191 1468 3268 ad
1480 3207 1629 3269 terram.
1643 3189 1746 3268 Dixit
1761 3192 1878 3268 eciam

463 3349 531 3428 per
554 3320 809 3426 juramentum
838 3349 948 3396 suum
977 3320 1080 3426 quod
1100 3320 1288 3397 osculatus
1314 3320 1384 3397 luit
1406 3321 1548 3398 dictum
1572 3320 1814 3425 recipientem
1840 3323 1880 3397 in

464 3480 544 3542 ore,
558 3468 595 3528 et
605 3449 710 3527 [inxit
721 3480 808 3526 eum
819 3449 976 3528 osculari
988 3451 1026 3525 in
1036 3451 1231 3540 umbilico,
1250 3479 1362 3556 super
1373 3469 1507 3540 vestes,
1521 3469 1644 3529 tamen
1659 3478 1734 3528 non
1745 3452 1877 3557 tetigit.

519 3587 611 3661 Item
627 3582 718 3660 dixit
738 3581 843 3687 quod
866 3582 986 3658 dictus
1005 3582 1185 3686 recipiens
1213 3581 1305 3657 dixit
1323 3581 1411 3670 sibi,
1428 3581 1606 3659 omnibus
1621 3580 1877 3667 audientibus,

462 3716 566 3822 quod
593 3715 624 3791 si
653 3713 752 3791 calor
782 3711 958 3789 naturalis
984 3729 1149 3789 moveret
1175 3739 1280 3804 eum,
1303 3712 1415 3790 dabat
1438 3713 1472 3789 ei
1503 3712 1698 3791 licenciam
1714 3710 1878 3787 habendi

462 3873 541 3923 rem
562 3874 647 3922 cum
662 3844 739 3920 suis
754 3841 929 3920 fratribus
956 3844 1112 3921 ordinis.
1132 3843 1234 3920 Dixit
1257 3860 1381 3919 tamen
1403 3872 1471 3948 per
1484 3843 1739 3949 juramentum
1764 3868 1878 3917 suum

462 3976 566 4082 quod
584 4004 776 4081 nunquam
797 3973 899 4062 lecit,
917 4002 986 4049 nec
1006 3973 1076 4049 luit
1094 3973 1306 4079 requisitus.

516 4107 609 4181 Item
627 4105 716 4182 dixit
735 4134 802 4210 per
811 4105 1066 4211 juramentum
1082 4133 1190 4181 suum
1208 4104 1312 4210 quod
1328 4103 1446 4181 credit
1464 4104 1569 4211 quod
1582 4131 1714 4182 omnes
1728 4104 1789 4179 alii
1811 4103 1879 4180 lra-

459 4254 535 4315 tres
555 4237 643 4313 dicti
660 4236 800 4313 ordinis
820 4236 1045 4343 recipiantur
1061 4265 1127 4343 per
1147 4235 1323 4312 eumdem
1343 4236 1500 4313 modum
1520 4264 1589 4341 per
1607 4263 1723 4341 quem
1742 4234 1878 4311 luitre-

461 4386 601 4476 ceptus.

515 4490 607 4577 Item
624 4499 714 4576 dixit
725 4527 792 4604 per
800 4500 1056 4606 juramentum
1071 4527 1179 4575 suum
1191 4499 1295 4606 quod
1308 4498 1401 4575 vidit
1408 4499 1503 4575 duos
1517 4497 1646 4602 recipi,
1664 4523 1782 4572 unum
1796 4522 1878 4573 mo-

460 4648 601 4707 rantem
615 4632 655 4707 in
677 4630 791 4708 domo
812 4630 859 4706 de
874 4629 973 4708 Malo
993 4632 1170 4736 Repastu,
1201 4647 1239 4707 et
1262 4629 1413 4707 fratrem
1427 4632 1580 4707 Petrum
1606 4644 1814 4705 morantem
1837 4627 1877 4703 in

462 4757 574 4836 domo
598 4760 644 4838 de
661 4740 841 4849 Soisiaco,
858 4775 926 4864 per
945 4760 1059 4838 istum
1078 4762 1235 4840 modum
1250 4788 1446 4867 perquem
1466 4759 1539 4839 luit
1550 4775 1733 4865 receptus.
