4230 5956
694 452 890 546 rnoons
914 472 1010 544 oss
1036 471 1337 545 rsnrsmns.
1650 472 1732 543 ³57·

309 634 347 692 et
367 613 534 692 discretis
560 612 646 689 viris
663 611 839 691 fratribus
865 614 1024 718 Hugone
1052 612 1100 689 de
1129 612 1296 700 Noalhis,
1325 608 1531 688 Guillelmo
1555 609 1724 688 Durandi

308 744 449 821 ordinis
464 742 759 834 predicatorum,
780 743 956 849 magistro
975 742 1182 849 Reginaldo
1202 743 1250 818 de
1271 739 1486 848 Albignisco
1511 758 1726 817 succentore

306 873 544 964 Bituricensi‚
567 889 605 950 et
625 873 779 951 domino
796 874 955 979 Hugone
976 873 1023 950 de
1044 871 1147 950 Cella
1171 871 1309 957 milite,
1330 869 1489 948 testibus
1510 869 1558 946 ad
1578 869 1648 946 hec
1665 897 1728 946 vo-

308 1004 398 1082 catis
424 1020 463 1080 et
487 1004 637 1109 rogatis.

365 1267 414 1342 Et
431 1292 501 1370 ego
516 1265 662 1342 Evenus
675 1264 773 1341 Phili
790 1264 839 1342 de
854 1265 989 1342 Sancto
1008 1264 1150 1342 Nicasio
1170 1264 1326 1341 clericus
1340 1263 1626 1368 Corisopitensis
1647 1263 1730 1340 dio-
1803 1317 1813 1343 t

311 1396 419 1484 cesis,
440 1393 641 1500 apostolica
659 1393 835 1498 publicus
849 1395 1066 1473 auctoritate
1086 1393 1270 1481 notarius,
1283 1393 1474 1499 premissis
1494 1393 1671 1471 omnibus
1689 1394 1729 1470 in

311 1525 473 1632 presenti
498 1541 534 1601 et
560 1525 776 1629 precedenti
803 1542 901 1602 carta
928 1524 1041 1602 simul
1060 1524 1173 1611 sutis,
1194 1524 1301 1631 signo
1328 1552 1415 1600 meo
1441 1524 1611 1631 signatis,
1640 1552 1731 1602 oon-

310 1657 439 1747 tentis,
460 1682 615 1761 presens
633 1653 804 1747 interfui,
826 1674 864 1734 ct
884 1684 926 1733 ea
954 1656 1066 1734 scribi
1090 1654 1180 1742 leci,
1203 1683 1264 1731 me
1283 1654 1502 1760 subscripsi,
1524 1671 1563 1730 et
1582 1655 1730 1761 signum

285 1787 464 1863 solitum
494 1785 555 1861 hic
579 1787 734 1892 apposui
765 1800 933 1892 rogatus,
966 1815 1052 1863 cum
1079 1786 1188 1892 signo
1217 1785 1449 1862 notariorum
1477 1783 1732 1890 infrascripto-

312 1945 408 1993 mm.

369 2175 417 2252 Et
437 2202 507 2282 ego
526 2173 739 2252 Gaulredus
757 2174 947 2281 Enguelor
967 2175 1088 2252 dictus
1107 2174 1268 2280 Chalop‚
1289 2174 1444 2251 clericus
1457 2175 1631 2253 Dolensis
1650 2176 1734 2253 dio-

316 2307 423 2397 cesis,
439 2303 640 2411 apostolica
660 2304 878 2381 auctoritate
899 2305 1065 2381 notarius
1079 2303 1272 2410 publicus,
1291 2305 1482 2408 premissis
1502 2305 1679 2383 omnibus
1695 2324 1733 2383 et

315 2435 470 2542 singulis
485 2435 585 2511 dicta
599 2434 757 2541 septima
776 2435 837 2511 die
857 2435 1071 2513 novembris
1088 2436 1196 2523 actis,
1218 2435 1256 2510 in
1278 2435 1424 2513 duabus
1443 2436 1734 2542 precedentibus

315 2566 442 2670 peciis·
458 2564 568 2642 simul
595 2566 688 2642 sutis
716 2565 823 2671 signo
847 2593 933 2642 meo
958 2565 1111 2674 signatis
1134 2566 1338 2657 contentis,
1367 2591 1521 2672 presens
1546 2594 1732 2644 unacum

318 2698 426 2775 dictis
446 2696 620 2803 magistro
635 2697 760 2775 Eveno
781 2697 926 2776 notario
945 2695 1098 2803 publico
1119 2714 1157 2772 et
1173 2696 1331 2774 testibus
1349 2699 1606 2803 suprascriptis
1624 2699 1735 2775 inter-

318 2828 389 2916 fui,
407 2857 467 2904 me
487 2826 706 2933 subscripsi,
728 2844 765 2905 et
785 2828 934 2934 signnm
953 2853 1083 2903 meum
1103 2826 1256 2932 apposui
1278 2844 1501 2905 consuetum
1529 2844 1677 2905 vocatus
1697 2845 1735 2904 et

317 2976 477 3064 rogatus.

373 3223 416 3296 ln
435 3220 588 3299 nomine
606 3220 761 3300 Domini
786 3248 908 3298 amen.
933 3219 1040 3297 Anno
1062 3221 1233 3327 ejusdem
1253 3221 1405 3297 Domini
1430 3220 1632 3300 millesimo
1651 3238 1734 3303 ccc‘

318 3351 495 3457 septimo,
508 3350 698 3427 indicione
713 3368 831 3438 sexta,
849 3377 977 3428 mense
995 3350 1224 3440 novembris,
1238 3349 1409 3456 ejusdem
1421 3353 1559 3429 mensis
1579 3352 1737 3457 septima

319 3480 400 3569 die,
420 3477 661 3584 pontificatus
680 3480 899 3558 sanctissimi
917 3482 1032 3587 petris
1053 3498 1090 3558 et
1114 3479 1257 3558 domini
1283 3481 1426 3558 domini
1451 3480 1655 3558 Clementis
1674 3482 1734 3557 di-

318 3612 401 3687 vina
419 3607 657 3717 providencia
670 3638 790 3716 pappo
805 3611 929 3716 quinti
947 3639 1044 3688 anno
1065 3610 1249 3700 secundo,
1271 3613 1311 3686 in
1332 3610 1498 3717 religiosi
1517 3612 1584 3687 viri
1605 3629 1643 3686 et
1664 3610 1736 3689 bo-

320 3742 416 3819 nesti
435 3741 557 3818 fratris
572 3740 768 3821 Guillelmi
787 3740 835 3816 de
854 3741 1001 3819 Parisiis
1020 3740 1162 3818 ordinis
1181 3740 1481 3830 Predicatorum,
1502 3741 1735 3847 inquisitoris

322 3872 484 3948 heretice
503 3871 689 3978 pravitatis
708 3871 925 3949 auctoritate
943 3870 1145 3978 apostolica
1170 3872 1209 3948 in
1234 3899 1350 3978 regno
1369 3872 1520 3948 Francis
1545 3873 1733 3978 deputati,

322 4000 360 4075 in
381 3999 496 4077 domo
512 3999 650 4077 milicie
663 4000 812 4108 Templi
832 4001 1062 4091 parisiensis,
1079 4030 1147 4108 pro
1160 4002 1388 4108 inquirendo
1406 4018 1536 4079 contra
1553 4002 1734 4110 qsrasdtm

323 4157 499 4233 personas
513 4128 603 4208 dicti
622 4131 766 4209 ordinis
782 4130 907 4209 eidem
928 4130 1069 4210 delatas
1086 4158 1200 4239 super
1219 4131 1319 4209 dicto
1345 4130 1501 4211 crimine
1526 4133 1733 4220 existentis,

323 4277 495 4336 nostrum
524 4261 757 4339 notariorum
781 4261 1021 4367 publicorum
1053 4278 1093 4338 et
1119 4260 1437 4368 infrascriptorum
1471 4264 1625 4343 testium
1650 4290 1735 4370 pro—

325 4389 448 4466 sencia
473 4389 716 4495 personaliter
735 4390 959 4470 constitutus
980 4390 1095 4468 frater
1115 4391 1273 4470 lacobus
1295 4392 1430 4484 Ducis,
1451 4394 1558 4472 statis
1584 4393 1736 4499 triginta

325 4520 491 4627 quinque
514 4548 720 4611 annorum,
739 4539 784 4599 ut
797 4520 905 4611 dixit.
919 4523 1068 4631 juranis
1089 4522 1137 4599 sd
1156 4540 1280 4601 sancta
1297 4524 1367 4602 Dei
1386 4524 1600 4633 Evangelia,
1622 4523 1670 4602 ab
1689 4551 1737 4602 eo

326 4651 566 4756 corporaliter
583 4670 697 4743 tacta,
719 4653 757 4729 in
781 4680 889 4731 caum
912 4652 1001 4730 fidei
1028 4653 1136 4731 dese
1155 4671 1195 4732 et
1212 4654 1294 4732 aliis
1317 4653 1441 4734 dicere
1461 4656 1673 4746 veritatem
1698 4672 1736 4731 et

326 4783 528 4889 requisitus
543 4782 591 4861 dc
606 4799 775 4890 tempore
794 4799 834 4860 at
848 4783 963 4861 modo
976 4813 1044 4863 sue
1056 4786 1300 4892 rocepcionis,
1324 4786 1416 4865 dixit
1427 4815 1497 4895 per
1509 4814 1622 4867 suum
1635 4766 1744 4895 jura-¹
