4230 5956
642 468 838 562 ruouts
865 489 961 560 nus
989 488 1288 562 rnurmnns.
1631 501 1679 572 ao

253 629 470 734 capcionem
491 656 641 720 eorun13
663 660 751 708 nam
774 629 896 708 suerat
914 649 1088 738 receptus
1106 659 1174 739 per
1194 631 1347 709 fratrem
1366 633 1610 743 Radulpbum
1632 640 1679 717 de

252 758 349 850 Gisi,
370 776 504 837 testem
515 790 636 868 ,supra
657 763 928 850 examinatum,
950 761 998 839 de
1019 763 1128 871 cujus
1147 759 1338 871 parentela
1360 765 1513 857 exstitit,
1537 766 1576 842 in
1593 796 1680 873 pre-

251 891 348 970 senti
374 891 688 1002 Quadragessima
715 903 910 972 sunt1111⁰‘
934 893 1038 985 anni,
1065 894 1104 969 in
1133 893 1272 1001 capella
1294 894 1432 972 domus
1453 897 1604 1002 Templi
1631 899 1679 975 de

251 1022 468 1101 Latinibaco
487 1023 594 1102 Sicco
614 1024 820 1103 Meldensis
846 1024 1023 1113 diocesis,
1046 1024 1285 1132 presentibus
1309 1024 1487 1105 lratribus
1503 1027 1679 1108 Guidone

251 1153 433 1269 Lcs'colhe
457 1174 676 1265 preceptore
703 1156 750 1234 de
776 1156 1025 1246 Sabloneriis,
1053 1157 1245 1262 Stephano
1270 1157 1316 1233 de
1349 1157 1478 1248 Sanci,
1508 1160 1679 1239 iohanne

252 1285 442 1376 Monacbi,
466 1303 504 1364 et
526 1287 628 1366 dicto
648 1290 811 1366 Tossanz
833 1287 1098 1377 servientibus,
1121 1288 1169 1365 de
1189 1316 1355 1395 quorum
1375 1288 1448 1366 vita
1472 1290 1529 1368 vel
1556 1311 1679 1370 morte

251 1444 328 1494 non
346 1416 463 1496 babet
481 1417 766 1511 certitudinem,
787 1420 827 1497 in
847 1420 952 1499 bunc
970 1420 1131 1498 modum
1152 1452 1161 1496 ε
1183 1448 1270 1496 nam
1291 1449 1377 1497 cum
1396 1420 1539 1527 pluries
1563 1424 1679 1503 inter·

250 1546 374 1662 polate
391 1549 646 1657 requisivisset
664 1581 800 1660 panem
821 1568 860 1629 et
878 1581 1026 1658 aquam,
1049 1551 1266 1629 societatem
1286 1567 1325 1628 et
1341 1580 1547 1659 pauperem
1568 1556 1679 1636 vesti-

249 1693 332 1754 tum
345 1679 500 1773 ordinis,
523 1698 561 1758 et
577 1681 611 1759 ei
624 1711 849 1790 responsum
861 1681 994 1761 suisset
1013 1683 1118 1789 quod
1132 1680 1232 1759 bene
1249 1680 1497 1775 deliberaret3
1514 1683 1678 1762 finaliter

248 1809 405 1914 prestito
421 1841 490 1920 per
502 1813 763 1921 juramentum
783 1816 890 1922 quod
910 1844 987 1891 non
1008 1830 1087 1892 erat
1106 1813 1249 1891 servilis
1264 1814 1506 1905 condicionis,
1525 1845 1594 1894 nec
1615 1846 1677 1894 cx·

249 1942 564 2035 communicatus,
582 1972 654 2022 nec
668 1945 926 2037 matrimonio,
944 1944 1051 2022 alteri
1066 1943 1241 2052 religioni
1261 1971 1332 2019 nec
1347 1942 1486 2020 debitis
1504 1974 1578 2050 que
1599 1974 1676 2024 non

248 2088 375 2176 posset
396 2072 540 2151 solvere
566 2074 770 2182 obligatus,
794 2102 866 2152 nec
893 2073 1057 2151 babebat
1080 2073 1339 2148 infirmitatem
1361 2071 1560 2164 latentem,
1589 2073 1677 2154 lecit

250 2227 339 2312 eum
365 2231 500 2280 vovere
524 2220 562 2281 et
575 2204 704 2311 jurare
722 2233 836 2310 super
855 2203 1061 2310 quemdam
1080 2199 1222 2278 librum
1243 2200 1466 2296 castitatem,
1492 2203 1676 2307 obedien·
1763 2260 1771 2273 ·

249 2332 355 2424 ciam,
377 2335 497 2412 vivere
513 2335 593 2412 sine
614 2334 785 2441 proprio,
804 2349 933 2442 postea
945 2331 1127 2440 imposuit
1143 2331 1215 2410 sibi
1233 2332 1468 2423 mantellum,
1491 2335 1621 2443 etipse
1638 2355 1677 2415 et

206 2541 208 2544 ,
248 2481 407 2545 astantes
421 2465 575 2544 osculati
589 2464 745 2542 luerunt
755 2493 844 2542 eum
854 2463 894 2540 in
906 2491 988 2556 ore3
1002 2479 1039 2541 et
1050 2462 1226 2540 instruxit
1239 2492 1328 2540 eum
1341 2481 1436 2571 quot
1443 2466 1555 2545 Pater
1563 2485 1677 2548 noster

248 2594 391 2674 diceret
409 2625 478 2703 pro
499 2595 604 2674 boris
621 2595 710 2686 suis,
733 2612 772 2672 et
790 2592 953 2702 qualiter
972 2610 1121 2703 regeret
1139 2620 1178 2671 se
1196 2594 1236 2669 in
1252 2592 1398 2673 ordine.
1418 2595 1568 2676 Deinde
1593 2599 1675 2678 aliis

247 2727 532 2821 remanentibus
556 2727 596 2803 in
616 2725 757 2833 capella
781 2755 849 2832 per
871 2753 954 2802 eam
976 2724 1326 2815 deambulantibus,
1352 2728 1463 2804 traxit
1483 2758 1572 2806 eum
1593 2760 1675 2808 ver-

247 2887 314 2935 sus·
330 2857 444 2936 altare
470 2876 508 2937 et
529 2857 622 2936 dixit
641 2858 693 2948 ei,
721 2875 763 2935 ut
781 2857 931 2935 videtur
951 2855 1021 2963 ipsi
1047 2856 1154 2949 testi,
1175 2856 1283 2964 quod
1308 2857 1514 2966 abnegaret,
1532 2860 1670 2938 Deum.

246 2991 461 3098 Requisitus
476 2989 506 3068 si
520 3008 577 3069 est
587 2988 684 3067 bene
696 3007 820 3067 certus
832 2988 937 3096 quod
950 2988 984 3065 ei
999 2987 1151 3066 dixisset
1163 2988 1267 3094 quod
1279 2988 1482 3098 abnegaret
1492 2990 1670 3098 aliquem,

245 3124 443 3230 respondit
454 3123 560 3231 quod
572 3122 636 3212 sic,
659 3139 698 3199 et
712 3121 783 3200 sibi
799 3120 949 3199 videtur
964 3119 1071 3227 quod
1090 3119 1184 3196 dixit
1197 3119 1303 3227 quod
1318 3120 1520 3230 abnegaret
1532 3123 1669 3216 Deum,

247 3273 285 3333 et
311 3256 415 3364 quod
435 3256 483 3335 de
503 3255 619 3334 Jbesu
643 3252 793 3333 Christo
820 3251 965 3330 nullam
985 3251 1074 3329 lecit
1096 3252 1131 3330 ei
1154 3252 1405 3331 mencionem.
1429 3255 1560 3331 Postea
1580 3255 1673 3334 dixit

246 3387 350 3493 quod
366 3415 445 3465 non
461 3403 541 3464 erat
558 3384 658 3463 bene
676 3403 801 3463 certus
820 3385 851 3462 si
872 3384 945 3462 sibi
965 3382 1110 3462 dixerat
1124 3383 1230 3491 quod
1250 3383 1451 3492 abnegaret
1470 3385 1595 3463 Deum
1613 3387 1672 3465 vel

242 3519 400 3598 Jbesum
416 3519 612 3600 Christum
631 3550 640 3595 ι
663 3535 859 3596 esttamen
881 3535 1006 3595 certus
1021 3517 1128 3623 quod
1148 3515 1195 3594 de
1212 3515 1331 3596 altero
1352 3547 1486 3597 eorum
1505 3521 1673 3629 precepit

242 3650 315 3729 sibi
330 3651 434 3760 quod
452 3651 656 3760 abnegaret
680 3679 787 3740 eum3
809 3667 955 3727 etcum
978 3649 1058 3757 ipse
1076 3648 1181 3727 testis
1200 3649 1402 3740 resisteret,
1426 3649 1548 3728 dictus
1570 3680 1673 3730 rece·

242 3799 330 3888 ptor
343 3783 472 3862 flendo
491 3783 584 3862 dixit
601 3784 634 3861 ci
654 3783 760 3890 quod
774 3782 848 3861 boc
863 3780 1062 3889 oportebat
1078 3810 1167 3859 eum
1182 3779 1314 3875 facere,
1334 3783 1423 3890 quia
1439 3783 1488 3859 ita
1504 3783 1671 3861 servaba-

241 3914 372 3992 turin
400 3915 602 4024 religione,
630 3931 667 3992 et
690 3931 781 3991 tunc
802 3914 881 4023 ipse
910 3914 1016 3992 testis
1044 3913 1241 4021 abnegavit
1271 3915 1396 3993 Deum
1425 3912 1483 3990 vel
1513 3913 1669 3989 Jbesum

241 4046 454 4139 Christum,
481 4075 546 4126 ore
571 4075 650 4125 non
678 4044 804 4125 corde.
838 4048 971 4125 Postea
995 4046 1162 4154 precepit
1190 4044 1224 4121 ei
1249 4044 1355 4150 quod
1379 4060 1532 4148 spueret
1558 4072 1670 4150 supra

122 4258 136 4287 Ο
240 4179 446 4283 quamdam
467 4207 617 4257 crucem
639 4177 803 4285 ligneam
824 4179 863 4254 in
879 4205 952 4283 qua
972 4175 1076 4253 nulla
1092 4192 1170 4252 erat
1186 4202 1320 4282 ymago
1340 4173 1535 4264 Crucifixi,
1556 4203 1669 4283 quam
1799 4236 1802 4244 -

138 4340 148 4364 ·
241 4307 365 4386 dictus
383 4325 557 4414 receptor
575 4307 729 4385 tenebat
751 4308 790 4383 in
812 4335 946 4396 manu,
963 4334 1038 4412 que
1053 4333 1122 4411 per
1138 4303 1344 4410 quemdam
1364 4306 1481 4384 alium
1495 4304 1666 4399 lratrem,

239 4437 346 4546 cujus
360 4465 501 4516 nomen
517 4437 675 4547 ignorat,
693 4435 816 4515 luerat
836 4435 884 4514 de
899 4452 1000 4514 retro
1021 4434 1136 4513 altare
1151 4433 1262 4514 allata
1282 4437 1407 4514 eidem
1423 4437 1608 4543 receptori
1628 4439 1667 4514 in

238 4569 444 4649 tradicione
472 4568 656 4660 mantelli,
689 4569 829 4675 etipse
858 4568 965 4646 testis
985 4567 1089 4676 spuit
1112 4596 1190 4646 non
1214 4597 1326 4677 supra
1351 4569 1418 4648 sed
1438 4570 1545 4679 juxta
1569 4596 1665 4648 eam.

239 4702 410 4812 Precepit
432 4700 560 4780 tamen
586 4701 784 4810 sibiquod
808 4700 855 4778 de
876 4699 1054 4809 predictis
1079 4697 1220 4777 nemini
1241 4697 1475 4808 loqueretur,
1499 4700 1570 4778 nisi
1594 4699 1667 4777 sra-

239 4831 361 4912 tribus
381 4832 523 4913 ordinis
535 4832 697 4940 Templi,
716 4832 763 4911 de
776 4830 859 4910 aliis
873 4830 1014 4912 illicitis
1033 4830 1176 4909 nullam
1193 4826 1265 4909 sibi
1285 4832 1407 4912 dictus
1421 4851 1593 4940 receptor
1608 4831 1666 4908 vel
