4230 5956
610 436 613 441 ’
699 478 894 569 procus
920 497 1015 567 uns
1041 490 1337 566 rennuens.
1655 491 1727 564 ros

314 640 390 715 suis
406 653 541 742 aparte
557 632 748 726 anteriori,
765 638 931 742 precepit
946 637 1014 713 sibi
1027 635 1129 742 quod
1143 633 1370 710 oscularetur
1381 659 1468 707 eum
1482 632 1520 705 in
1533 631 1727 721 umbilico,

314 786 351 844 et
365 769 438 843 boc
454 768 532 871 ipse
546 766 643 843 lecit.
661 769 909 873 Interrogatus
925 785 1052 844 utrum
1063 767 1094 841 vi
1106 826 1115 854 ,
1129 766 1186 840 vel
1201 782 1305 840 metu
1318 763 1476 839 carceris.
1489 778 1554 837 aut
1564 778 1731 838 tormen-

313 918 454 987 torum,
470 924 535 974 seu
545 896 649 986 alias,
673 899 711 972 in
727 898 916 1002 premissis
930 896 1172 973 immiscuerit
1188 913 1250 971 aut
1270 894 1404 969 dixerit
1417 891 1580 997 aliquam
1598 891 1732 967 falsita-

312 1045 405 1115 tem,
419 1044 481 1103 aut
492 1026 711 1102 subticuerit
720 1029 928 1115 veritatem,
943 1028 1034 1103 dixit
1048 1054 1116 1131 per
1125 1026 1380 1132 juramentum
1396 1052 1504 1100 suum
1518 1022 1623 1127 quod
1637 1048 1729 1108 non,

316 1175 352 1232 et
373 1156 474 1262 quod
492 1185 622 1262 puram
643 1157 835 1234 veritatem
858 1158 948 1235 dixit
967 1172 1005 1232 et
1027 1184 1180 1231 meram.

372 1289 461 1362 Acta
482 1303 567 1362 sunt
588 1287 657 1362 hec
675 1288 714 1361 in
734 1287 841 1365 dictis
865 1286 1041 1363 domibus
1054 1284 1218 1390 Templi,
1235 1282 1472 1389 presentibus
1491 1283 1538 1359 ad
1556 1284 1734 1387 premissa

316 1418 414 1494 dieta
440 1417 706 1493 decimanona
737 1416 798 1493 die
828 1416 1038 1493 novembris
1063 1432 1155 1501 acta,
1184 1414 1365 1519 religiosis
1390 1430 1427 1488 et
1455 1412 1623 1489 honestis
1645 1413 1733 1490 viris

314 1546 426 1623 fratre
462 1544 630 1622 lohanne
666 1547 712 1622 de
743 1547 926 1624 Dinancio
964 1563 1001 1622 et
1032 1545 1184 1621 Alberto
1217 1544 1521 1621 Catbalaunensis
1556 1544 1729 1630 diocesis,

316 1693 351 1750 et
379 1688 583 1752 conventus
601 1674 755 1752 fratrum
776 1677 1054 1753 Predicatomm
1074 1676 1351 1760 Parmensium,
1369 1673 1525 1750 testibus
1543 1673 1679 1750 vocatis
1697 1690 1734 1748 et

314 1807 460 1911 rogatis.

372 2067 463 2141 ltem
485 2092 600 2161 anno,
623 2065 826 2152 indicione,
842 2065 1072 2171 pontificatu,
1098 2093 1196 2140 anno
1216 2082 1252 2141 et
1272 2064 1333 2139 die
1351 2092 1396 2139 xx
1419 2062 1630 2140 novembris
1648 2070 1733 2167 pre-

318 2195 446 2284 dictis,
468 2195 507 2269 in
528 2195 615 2270 dicti
640 2195 781 2270 domini
802 2194 1049 2301 inquisitoris,
1073 2211 1243 2271 nostrum
1258 2193 1399 2282 sinisii,
1417 2191 1599 2281 Gausridi‚
1613 2194 1732 2270 'Eveni

316 2343 353 2401 et
374 2323 500 2400 Jacobi
527 2326 757 2402 notariorum
784 2325 1040 2430 publicorum,
1068 2342 1106 2400 et
1128 2324 1279 2401 testium
1306 2323 1617 2428 subscriptorum,
1649 2353 1734 2429 per-

316 2453 491 2531 sonaliter
510 2455 749 2543 constitutus‚
775 2455 923 2561 juratus
944 2472 980 2531 et
1009 2455 1302 2560 'requisitus'per
1316 2455 1570 2560 juramentum
1600 2454 1734 2530 eodem

316 2583 430 2660 modo
444 2584 556 2660 frater
568 2585 739 2661 Nicolaus
753 2586 800 2662 dc
814 2586 956 2673 Treeis,
978 2585 1085 2660 etatis
1099 2611 1230 2662 xxxvm
1249 2612 1433 2661 annorum
1446 2584 1503 2661 vel
1515 2583 1622 2672 circa,
1645 2584 1735 2661 dixit

316 2741 383 2817 per
408 2716 661 2820 juramentum
682 2744 792 2792 sunm
820 2716 923 2822 quod
954 2714 1025 2791 fuit
1052 2731 1223 2820 receptus
1252 2715 1291 2789 in
1324 2714 1437 2792 domo
1467 2715 1513 2789 de
1544 2715 1736 2791 Cbeuruto

319 2844 477 2921 diocesis
501 2845 724 2934 Meldensis‚
752 2874 820 2951 per
844 2844 994 2920 fratrem
1022 2843 1231 2922 Gerardum
1259 2844 1305 2918 de
1326 2843 1476 2930 Villers,
1503 2860 1592 2919 tune
1612 2843 1736 2948 jacen-

315 2991 395 3050 tem
420 2993 457 3050 et
487 2975 703 3052 infirmitate
732 2976 926 3052 detentum
949 2976 988 3050 in
1010 2973 1281 3063 lecto,·v1·anni
1301 2974 1363 3050 vel
1384 2974 1479 3050 circa
1500 2991 1584 3050 sunt
1602 2974 1733 3082 elapsi,
1826 3079 1830 3085 ⁵

316 3105 554 3208 presentibus
584 3105 695 3181 fratre
719 3104 917 3209 Radulpho
943 3105 990 3180 de
1014 3104 1178 3190 Gisiac0,
1212 3121 1248 3179 et
1269 3103 1381 3179 fratre
1404 3103 1606 3181 Guillelmo
1626 3104 1736 3181 fratre

315 3235 498 3311 serviente
527 3234 615 3311 dicti
643 3234 765 3311 fratris
788 3234 956 3312 Gerardi.
991 3234 1092 3311 Dixit
1121 3234 1236 3309 eciam
1261 3261 1329 3337 per
1347 3234 1604 3340 juramentum
1627 3263 1735 3312 suum

315 3364 436 3470 quod,
459 3382 542 3470 post
556 3366 691 3440 multas
709 3366 973 3469 promissiones
990 3366 1037 3440 de
1058 3365 1203 3440 statutis
1224 3381 1261 3440 et
1278 3366 1429 3440 secretis
1450 3364 1591 3440 ordinis
1611 3365 1738 3443 obser·
1767 3466 1769 3471 .

317 3494 446 3571 vandis
466 3496 513 3571 ab
534 3523 579 3573 eo
600 3495 727 3582 factas,
754 3513 790 3571 et
810 3495 986 3571 mantello
1008 3494 1077 3570 sibi
1099 3495 1146 3569 ad
1167 3495 1304 3570 collum
1324 3495 1463 3600 posito,
1487 3495 1608 3570 dictus
1626 3494 1739 3571 frater

314 3626 478 3700 serviens
491 3627 577 3701 dicti
600 3625 721 3701 fratris
732 3625 906 3713 Gerardi‚
924 3625 1015 3700 dixit
1035 3625 1106 3701 sibi
1127 3624 1230 3729 quod
1245 3623 1442 3726 oportebat
1462 3625 1565 3729 quod
1581 3622 1737 3730 abnega-

319 3771 376 3831 ret
395 3757 532 3844 Deum,
554 3772 592 3830 et
615 3756 688 3831 hoc
711 3754 852 3831 diceret
885 3756 933 3830 de
959 3782 1035 3830 ore.
1060 3755 1107 3829 Et
1131 3754 1209 3857 ipse
1234 3755 1299 3858 qui
1327 3753 1496 3858 loquitur
1525 3753 1617 3828 dixit
1633 3755 1738 3859 quod

318 3883 419 3960 nullo
446 3884 560 3959 modo
588 3883 740 3972 faceret3
769 3900 894 3959 tamen
923 3881 1085 3958 finaliter
1116 3883 1307 3987 abnegavit
1327 3912 1410 3972 ore,
1441 3901 1478 3958 et
1502 3911 1578 3959 non
1610 3884 1734 3961 corde.

319 4012 419 4088 Dixit
444 4015 560 4089 eciam
579 4014 685 4120 quod
707 4031 835 4118 postea
859 4014 1038 4119 aportavit
1059 4012 1130 4090 sibi
1155 4015 1354 4119 quamdam
1381 4041 1526 4090 erucem
1550 4014 1596 4090 de
1616 4018 1737 4093 cruci-

319 4141 486 4248 busque
510 4144 630 4220 solent
655 4172 734 4222 esse
763 4146 802 4221 in
825 4144 1005 4230 ecclesiis,
1033 4162 1070 4220 et
1093 4144 1258 4249 precepit
1286 4144 1357 4221 sibi
1380 4144 1485 4250 quod
1504 4163 1655 4251 spueret
1674 4176 1737 4225 su-

319 4300 385 4377 pra
400 4301 499 4364 eam;
520 4291 557 4350 ct
577 4274 648 4351 hoc
663 4276 742 4379 ipse
756 4274 876 4352 facere
896 4275 1115 4381 aliquandiu
1132 4276 1330 4363 recusavit,
1356 4276 1483 4353 dicens
1504 4277 1607 4383 quod
1631 4278 1736 4355 nullo

320 4403 435 4480 modo
459 4421 629 4509 spueret3
654 4420 779 4481 tamen
802 4403 962 4481 finaliter
987 4403 1090 4480 finxit
1116 4433 1154 4481 se
1183 4433 1317 4509 spuere
1337 4434 1448 4511 supra
1472 4393 1638 4495 crucem,
1671 4408 1737 4485 sed

320 4561 394 4608 non
414 4534 530 4640 spuit,
555 4535 667 4612 immo
688 4535 786 4641 spuit
800 4536 847 4611 ad
861 4552 1011 4612 terram.

376 4665 588 4769 Requisitus
599 4682 725 4744 utrum
743 4665 886 4771 aliquos
905 4665 1035 4744 fratres
1047 4668 1180 4744 viderit
1194 4669 1324 4772 recipi,
1341 4669 1432 4745 dixit
1442 4668 1544 4774 quod
1560 4671 1613 4746 sic
1628 4670 1733 4759 duos,

321 4811 359 4871 et
377 4813 462 4872 sunt
483 4796 620 4902 recepti
642 4824 709 4902 per
735 4796 842 4874 illum
862 4799 1018 4876 modum
1042 4826 1110 4905 per
1138 4798 1289 4877 lratrem
1317 4800 1553 4908 badulphum
1579 4802 1626 4879 de
1655 4800 1736 4881 Gisi
