4230 5956
453 444 526 517 sse
839 426 1033 523 procus
1058 444 1153 517 ons
1179 446 1476 520 rnnrmrns

451 601 620 662 mentum
645 585 748 691 quod
773 581 844 661 fuit
861 604 1040 694 receptus
1064 587 1166 693 apud
1193 588 1311 667 Bures
1335 589 1581 696 lingonensis
1606 590 1782 683 diocesis,
1807 597 1870 673 de-

452 743 534 791 cem
555 714 612 792 vel
636 715 838 793 duodecim
862 717 949 793 enni
977 734 1063 794 sunt
1083 716 1215 823 elapsi,
1241 745 1310 824 per
1335 719 1488 797 fiunem
1514 720 1666 797 Petrum
1692 722 1740 800 de
1764 725 1867 802 Sivre

449 863 706 952 preceptorem
722 845 870 923 ballivie
888 847 934 924 de
947 849 1075 936 Buces
1088 876 1165 926 non
1181 850 1400 927 recordatur
1417 850 1465 928 de
1485 851 1702 929 nominibus
1721 882 1868 960 presen-

451 977 563 1053 cium.
581 977 682 1053 Dixit
697 976 807 1052 etiam
822 1005 889 1082 per
896 977 1155 1084 jurameutum
1169 1007 1283 1055 suum
1299 979 1404 1085 quod
1419 979 1543 1058 dictus
1560 1001 1767 1089 preceptor,
1783 1005 1869 1091 post

450 1106 586 1183 multas
605 1106 872 1211 promissiones
892 1106 937 1182 ab
959 1134 1004 1182 eo
1024 1106 1134 1184 lactas
1162 1107 1209 1183 de
1229 1108 1469 1186 observandis
1491 1111 1638 1188 statutis
1657 1130 1694 1189 et
1718 1117 1867 1192 secretis

450 1216 536 1312 dicti
557 1236 701 1314 ordinis
710 1287 727 1324 ,·
740 1254 780 1315 et
793 1235 970 1314 mantello
982 1236 1053 1315 sibi
1069 1238 1119 1315 ad
1137 1238 1276 1316 collum
1295 1237 1436 1344 posito,
1459 1239 1580 1318 dictus
1594 1262 1793 1350 preceptor
1806 1274 1869 1352 ap

448 1368 608 1472 portarit
626 1368 699 1446 sibi
717 1368 911 1473 quoddam
941 1367 1089 1444 missale
1109 1369 1149 1444 iu
1172 1396 1250 1475 quo
1279 1385 1359 1447 erat
1377 1398 1468 1446 crux
1487 1399 1574 1449 cnm
1598 1372 1721 1479 effigie
1752 1375 1866 1472 lbesu

449 1495 606 1587 Christi,
629 1516 667 1575 et
687 1499 818 1604 petivit
836 1498 883 1575 ab
903 1525 950 1577 eo
969 1515 1098 1575 utrum
1124 1501 1295 1577 crederet
1312 1499 1352 1575 in
1372 1527 1461 1577 eum
1487 1502 1595 1609 cujus
1622 1502 1764 1612 effigies
1789 1526 1868 1584 erat

448 1628 525 1718 ibi;
552 1647 591 1706 et
615 1629 693 1736 ipse
713 1628 907 1736 respondit
927 1629 1031 1736 quod
1050 1628 1120 1719 sic3
1140 1645 1180 1706 et
1200 1645 1294 1707 tunc
1310 1631 1478 1737 precepit
1496 1631 1567 1711 sibi
1586 1632 1700 1740 quod¹
1713 1656 1866 1741 negaret

448 1787 552 1849 eum,
575 1777 614 1837 et
632 1761 736 1866 quod
755 1777 907 1866 spueret
924 1787 1039 1865 super
1057 1788 1207 1836 crucem
1223 1778 1261 1838 et
1278 1760 1438 1871 effigiem
1453 1762 1674 1867 predictam,
1691 1766 1756 1870 qui
1776 1765 1864 1842 licet

447 1907 616 1999 negasset
630 1908 813 1997 quantum
829 1890 971 1997 potuit,
991 1907 1118 1967 tamen
1132 1890 1224 1967 lecit
1245 1891 1292 1969 de
1306 1910 1482 1999 precepto
1499 1911 1536 1969 et
1551 1894 1728 1972 mandato
1747 1897 1864 1999 ipsius

446 2020 512 2126 qui
528 2022 561 2097 ci
577 2022 798 2100 minabatur.
816 2021 1031 2128 Requisitus
1051 2021 1099 2097 de
1115 2022 1261 2111 osculo,
1280 2021 1373 2099 dixit
1390 2052 1458 2129 per
1471 2025 1729 2130 juramentum
1752 2056 1862 2104 suum

447 2152 551 2256 quod
573 2153 762 2231 osculatus
784 2152 856 2229 luit
878 2152 1022 2229 dictum
1042 2152 1287 2259 recipientem
1308 2153 1348 2229 in
1370 2153 1553 2231 umbilico
1578 2171 1617 2230 et
1640 2155 1678 2231 in
1699 2184 1764 2232 ore
1784 2175 1864 2234 ten-

445 2297 538 2357 turn.

501 2412 714 2519 Requisitus
733 2431 862 2489 utrum
876 2413 925 2501 vi,
947 2412 1006 2489 vel
1026 2430 1131 2489 metu
1151 2413 1307 2490 carceris
1318 2441 1386 2490 seu
1398 2430 1694 2503 tormentorum,
1709 2432 1774 2491 aut
1790 2417 1862 2493 alia

446 2544 495 2621 de
514 2571 639 2634 causa,
667 2543 826 2651 aliquam
847 2543 981 2621 dixerit
995 2542 1198 2622 falsitatem
1216 2559 1280 2621 aut
1297 2543 1544 2622 immiscuerit
1562 2545 1602 2620 in
1623 2545 1861 2651 deposicione

443 2702 524 2762 sua,
541 2692 606 2751 aut
623 2675 780 2753 tacuerit
799 2675 1009 2763 veritatem,
1034 2675 1128 2752 dixit
1146 2702 1215 2782 per
1229 2674 1488 2781 juramentum
1511 2702 1624 2753 suum
1643 2677 1749 2782 quod
1769 2705 1859 2765 nom

444 2834 514 2884 nec
531 2806 654 2913 aliqua
668 2806 847 2886 violencia
860 2805 934 2884 fnit
952 2805 1062 2896 sacta,
1085 2805 1152 2883 sed
1165 2833 1300 2912 puram
1319 2806 1515 2884 veritatem·
1532 2806 1685 2884 dixerat.

498 3071 591 3144 ltem
608 3068 721 3144 frater
742 3068 929 3145 Jobannes
950 3067 997 3144 de
1017 3067 1121 3146 Valle
1141 3067 1332 3159 Bellaudi,
1354 3068 1460 3143 etatis
1481 3064 1723 3174 quadraginta
1746 3096 1861 3144 anno-

443 3224 546 3285 rum,
567 3199 714 3304 juratus
735 3196 868 3273 eodem
892 3197 1008 3273 modo
1031 3196 1079 3272 de
1103 3224 1142 3273 se
1171 3215 1209 3273 et
1229 3197 1311 3273 aliis
1338 3198 1378 3272 in
1398 3224 1507 3273 causa
1536 3196 1627 3273 lidei
1647 3197 1772 3274 dicere
1799 3228 1859 3274 ve—

441 3328 608 3418 ritatem,
631 3344 669 3403 et
687 3328 933 3433 interrogatus
954 3325 1001 3402 de
1022 3343 1193 3431 tempore
1215 3342 1252 3404 et
1273 3325 1389 3402 modo
1410 3354 1476 3403 sue
1499 3328 1745 3434 recepcionis,
1772 3328 1862 3404 dixit

441 3487 509 3565 per
518 3461 900 3569 juramentumsuum
915 3456 1019 3564 quod
1037 3455 1109 3533 fuit
1119 3473 1289 3563 receptus
1304 3457 1406 3562 apud
1424 3457 1594 3534 Montem
1614 3458 1862 3537 Suessionen-

442 3618 539 3684 sem,
551 3589 835 3698 quatuordecim
849 3589 937 3665 anni
949 3604 1060 3665 erunt
1069 3587 1108 3663 in
1123 3587 1273 3664 instanti
1290 3587 1384 3666 festo
1399 3588 1600 3665 Natiuitatis
1610 3589 1780 3678 Domini,
1794 3618 1861 3695 per

442 3721 593 3799 fratrem
619 3721 810 3800 Nicolaum
831 3721 878 3798 de
907 3721 1040 3798 Sancto
1060 3719 1207 3797 Albano
1229 3737 1488 3825 preceptorem
1504 3718 1654 3798 ballirie
1679 3719 1775 3795 dicte
1791 3718 1859 3794 do-

442 3880 542 3942 mus,
564 3852 800 3959 presentibus
818 3851 928 3929 fratre
945 3851 1115 3928 lobanne
1134 3848 1182 3926 de
1201 3849 1402 3928 Villaribus
1417 3867 1456 3928 et
1477 3848 1588 3928 fratre
1608 3848 1789 3928 Michaele
1810 3849 1857 3925 de

442 3984 657 4061 Balainviler
673 3984 790 4061 milite
812 3983 901 4060 dicti
921 3980 1080 4070 ordinis,
1104 3998 1141 4057 et
1154 3980 1381 4087 quibusdam
1396 3980 1476 4058 aliis
1496 3979 1544 4057 de
1558 4008 1724 4088 quorum
1742 3981 1859 4057 nomi·

441 4114 553 4194 nibus
576 4144 653 4193 non
672 4115 813 4194 recolit.
837 4114 938 4194 Dixit
962 4112 1079 4191 eciam
1098 4139 1166 4219 per
1187 4110 1445 4218 juramentum
1472 4111 1593 4218 quod,
1616 4127 1700 4218 post
1723 4111 1859 4187 multas

440 4247 705 4354 promissiones
720 4248 767 4324 de
781 4247 926 4323 statutis
942 4263 979 4322 et
992 4245 1143 4323 secretis
1157 4242 1246 4320 dicti
1262 4242 1406 4320 ordinis
1422 4242 1662 4320 observandis
1681 4240 1793 4318 factas
1812 4240 1858 4317 ab

441 4404 506 4472 eo,
520 4379 642 4458 dictus
655 4397 823 4484 receptor
838 4378 944 4455 duxit
963 4405 1050 4454 eum
1065 4392 1165 4453 retro
1181 4374 1314 4464 altare,
1331 4391 1369 4452 et
1381 4373 1548 4452 ostendit
1566 4372 1638 4450 sibi
1658 4372 1857 4480 quamdam

440 4538 588 4588 crucem
617 4512 655 4587 in
676 4538 750 4617 qua
775 4525 853 4587 erat
880 4508 1022 4612 depicta
1045 4532 1178 4613 ymago
1203 4504 1320 4583 lbesu
1340 4504 1502 4594 Christi,
1531 4521 1569 4582 et
1586 4503 1716 4609 petivit
1739 4503 1786 4579 ab
1812 4530 1857 4579 eo

440 4656 568 4717 utrum
586 4641 755 4718 crederet
773 4640 812 4715 in
836 4666 924 4715 eum
944 4637 1051 4744 cujus
1067 4662 1199 4744 ymago
1221 4642 1301 4712 erat
1321 4635 1392 4724 ibi;
1416 4635 1550 4740 etipse
1570 4632 1765 4740 respondit
1785 4630 1856 4708 sibi

439 4769 543 4874 quod
560 4771 631 4859 sic;
653 4787 691 4847 et
705 4787 796 4848 tnnc
815 4768 907 4845 dixit
925 4765 994 4844 sibi
1017 4765 1123 4872 quod
1141 4765 1238 4843 male
1258 4764 1449 4855 credebat,
1467 4781 1505 4842 et
1516 4765 1622 4870 quod
1636 4763 1756 4842 luerat
1768 4763 1854 4866 qui-
