4230 5956
460 468 533 539 aco
844 442 1038 535 enocts
1063 460 1158 532 uns
1183 456 1481 529 ratramnus.

460 632 567 682 suurn
592 604 695 710 quod
718 620 885 708 receptus
909 603 1028 678 luerat
1051 602 1088 676 in
1112 598 1225 675 domo
1246 598 1294 673 de
1313 598 1472 673 Feritate
1486 596 1675 684 Galche'ri,
1702 603 1871 676 seranni

459 733 518 809 vel
535 734 630 809 circa
649 751 735 809 sunt
754 733 882 838 elapsi,
901 761 968 837 per
989 730 1138 806 fratrem
1151 726 1360 805 Gerardum
1379 726 1426 802 de
1449 727 1647 805 Villaribus
1676 745 1767 821 tunc
1785 760 1872 835 pre-

460 880 646 966 ceptorem
668 862 834 946 Francia,
854 859 1087 964 presentibus
1100 856 1272 932 fratribus
1285 854 1480 960 liudulpho
1494 854 1541 931 de
1559 856 1637 933 Gisi
1653 875 1690 934 et
1702 860 1869 935 iohanne

461 991 496 1066 le
517 992 659 1075 hlaine,
676 1007 720 1065 ut
731 990 879 1064 videtur
898 989 985 1073 sibi,
1008 1005 1044 1063 et
1057 985 1229 1091 pluribus
1247 985 1328 1060 aliis
1340 983 1387 1060 de
1397 1012 1557 1089 quorum
1570 988 1870 1065 nominibusnon

460 1119 687 1195 recordatur.
715 1119 814 1195 Dixit
834 1119 949 1194 eciam
974 1146 1041 1222 per
1059 1118 1313 1222 juramentum
1343 1140 1453 1190 suum
1477 1114 1602 1218 quod,
1629 1132 1712 1220 post
1739 1117 1872 1193 multas

460 1250 724 1355 promissiones
734 1248 780 1324 ab
796 1276 841 1323 eo
852 1246 963 1323 lactas
975 1246 1021 1322 de
1038 1245 1180 1322 statutis
1191 1261 1228 1319 at
1244 1244 1395 1319 secretis
1405 1243 1548 1319 ordinis
1563 1245 1819 1334 observandis,
1838 1265 1874 1322 et

460 1379 637 1454 mantello
655 1378 724 1454 sibi
742 1378 788 1452 ad
804 1377 941 1453 collum
954 1376 1093 1481 posito,
1112 1375 1233 1450 dictus
1247 1374 1430 1478 recipiens
1441 1373 1549 1448 traxit
1567 1377 1715 1452 eumad
1731 1393 1873 1481 partem

462 1526 561 1585 retro
575 1508 704 1589 altare,
717 1524 754 1582 et
770 1506 933 1583 ostendit
946 1505 1017 1580 sibi
1031 1503 1238 1608 ymaginem
1258 1505 1297 1576 in
1309 1501 1472 1606 quodam
1488 1501 1642 1592 missali;
1655 1506 1720 1580 sed
1735 1525 1813 1583 erat
1823 1509 1871 1582 ita

455 1637 619 1742 juvenis,
632 1636 735 1741 quod
751 1635 939 1711 nesciebat
952 1652 1041 1709 tunc
1054 1634 1158 1738 cujus
1174 1649 1252 1706 erat
1265 1659 1413 1736 ymag03
1431 1648 1468 1706 et
1481 1631 1810 1737 tuncsuitpetitum
1824 1638 1871 1712 ab

462 1792 508 1841 eo
521 1782 649 1841 utrum
670 1763 838 1839 crederet
857 1765 896 1838 in
915 1763 1018 1839 illum
1040 1761 1145 1867 cujus
1160 1778 1399 1865 erat-ymag03
1422 1777 1459 1836 et
1474 1761 1550 1864 ipse
1563 1762 1755 1866 respondit
1766 1766 1870 1868 quod

462 1894 635 1972 credebat
655 1896 691 1969 in
719 1895 874 1970 lhesum
894 1893 1083 1970 Christum
1107 1909 1144 1968 et
1170 1892 1208 1966 in
1234 1890 1483 1966 beatissimam
1505 1890 1693 1997 Virginem
1716 1910 1871 1970 matrem

461 2051 579 2101 suam.
600 2027 647 2101 Et
665 2025 743 2129 ipse
765 2022 857 2100 dixit
872 2023 973 2129 quod
990 2023 1084 2098 male
1100 2020 1289 2109 credeban
1306 2036 1344 2097 et
1363 2022 1441 2125 ipse
1457 2048 1603 2125 semper
1622 2020 1751 2098 dicens
1770 2027 1872 2130 quod

461 2154 636 2230 credebat
655 2155 692 2228 in
710 2154 862 2230 Jhesum
880 2153 1069 2230 Christum
1087 2153 1175 2227 etin
1190 2150 1387 2257 gloriosam
1401 2167 1554 2227 matrem
1570 2179 1689 2238 suam,
1711 2152 1782 2229 luit
1796 2185 1875 2231 ver-

459 2282 610 2357 beratus
626 2282 769 2387 abipso
788 2283 987 2386 recipiente
1007 2282 1148 2367 acriter,
1172 2297 1209 2355 et
1223 2298 1349 2385 postea
1361 2279 1432 2355 suit
1445 2281 1590 2385 positus
1602 2281 1795 2360 incarcere
1807 2314 1874 2389 per

461 2438 572 2486 unam
588 2410 688 2485 diem
705 2410 785 2485 sine
799 2428 892 2515 potu
905 2412 1052 2495 etcib0;
1070 2426 1105 2485 et
1122 2411 1286 2514 oportuit
1300 2409 1571 2513 finaliterlcum
1587 2409 1757 2488 dicebant
1770 2417 1871 2521 quod

463 2538 559 2614 male
579 2538 768 2643 credebat)
784 2539 887 2646 quod
901 2539 1053 2627 laceret3
1068 2556 1157 2615 tunc
1175 2538 1268 2614 dixit
1283 2567 1325 2613 ex
1349 2556 1449 2644 parte
1471 2541 1560 2630 Dei,
1582 2557 1621 2616 et
1635 2543 1752 2619 nichil
1772 2543 1871 2620 aliud

461 2696 528 2773 per
538 2669 794 2774 juramentum
807 2697 931 2756 suum3
946 2667 1065 2744 ethoc
1076 2667 1180 2754 dixit,
1197 2668 1284 2772 quia
1300 2696 1386 2743 euru
1401 2667 1573 2744 volebant
1587 2670 1724 2746 iterum
1733 2700 1873 2777 ponere

462 2799 500 2873 in
514 2826 677 2886 caruere,
694 2800 781 2905 quia
795 2799 939 2875 dicebat
951 2798 1054 2905 quod
1066 2798 1212 2875 volebat
1224 2799 1322 2874 exire
1338 2814 1375 2874 et
1390 2799 1443 2874 ire
1456 2797 1502 2873 ad
1511 2798 1668 2877 domum
1679 2804 1793 2906 patris
1802 2805 1871 2880 sui.

517 2930 767 3035 Interrogatus
787 2930 833 3007 de
853 2929 1000 3016 osculo,
1019 2929 1111 3004 dixit
1129 2928 1232 3033 quod
1251 2928 1301 3004 ita
1316 2944 1394 3004 erat
1406 2944 1651 3006 tormentatus
1670 2959 1738 3036 per
1757 2932 1874 3010 dictos

462 3058 607 3144 fratres,
624 3059 728 3163 quod
744 3086 821 3135 non
836 3060 966 3135 recolit
980 3060 1083 3165 quod
1095 3058 1198 3136 aliud
1211 3087 1325 3165 quam
1342 3060 1432 3134 dixit
1446 3058 1559 3136 luerit
1572 3060 1643 3137 sihi
1659 3060 1796 3139 lactum
1807 3091 1871 3141 seu

461 3185 616 3261 dictum.
639 3188 886 3291 Interrogatus
910 3204 1036 3263 utrum
1060 3189 1112 3273 vi,
1138 3187 1196 3263 vel
1218 3205 1359 3264 terrore
1380 3205 1651 3266 tormentorum
1671 3208 1735 3267 aut
1754 3220 1874 3268 carce-

460 3314 527 3399 ris,
545 3315 582 3387 in
597 3341 663 3388 sua
679 3313 915 3416 deposicione
936 3314 1070 3391 dixerit
1082 3333 1147 3390 aut
1166 3317 1409 3394 immiscuerit
1429 3318 1639 3411 salsitatem,
1662 3338 1724 3396 aut
1741 3324 1874 3398 verita-

461 3460 535 3519 tem
555 3443 787 3529 subticuerit,
812 3443 902 3518 dixit
920 3472 987 3548 per
1001 3446 1256 3550 juramentum
1277 3476 1384 3522 suurn
1407 3450 1511 3552 quod
1528 3477 1621 3536 non,
1642 3452 1755 3526 immo
1771 3454 1874 3557 quod

462 3572 556 3650 illud
576 3576 679 3678 quod
697 3575 786 3649 dixit
807 3602 936 3650 verunt
953 3592 1017 3651 est.

516 3840 604 3910 ltem
619 3835 731 3911 frater
744 3835 942 3911 Baldoinns
954 3839 1000 3912 de
1011 3839 1062 3913 W
1064 3838 1172 3924 aben,
1187 3840 1290 3914 etatis
1300 3841 1481 3944 sexaginta
1492 3869 1678 3916 annorum
1691 3840 1747 3915 vel
1759 3842 1870 3932 circa,

461 3967 595 4041 eodem
617 3966 730 4042 modo
745 3967 980 4055 constitutus,
998 3968 1142 4072 juratus
1163 3985 1200 4043 et
1220 3968 1482 4073 interrogatus,
1499 3970 1590 4046 dixit
1604 4001 1671 4076 per
1681 3972 1874 4077 juramen-

459 4112 538 4170 tum
555 4124 662 4171 suum
682 4098 784 4201 quod
803 4113 974 4202 receptus
991 4097 1060 4174 luit
1081 4098 1117 4172 in
1138 4098 1249 4175 domo
1272 4099 1319 4176 de
1340 4101 1456 4176 Bosco
1477 4101 1514 4174 in
1534 4102 1787 4190 Viromandis,
1807 4132 1876 4207 per

459 4223 609 4300 fratrem
629 4225 835 4302 Guarinum
852 4227 898 4303 de
913 4228 1051 4306 Grandi
1071 4226 1215 4317 villari,
1231 4229 1291 4305 die
1306 4229 1499 4304 Dominica
1515 4233 1681 4333 proximo
1699 4233 1874 4336 preterita

460 4373 546 4431 sunt
569 4358 773 4443 octonum,
797 4359 1032 4462 presentibus
1061 4358 1170 4434 fratre
1196 4357 1328 4436 Odone
1360 4360 1406 4434 dc
1432 4360 1570 4438 Grandi
1593 4361 1718 4438 Villari
1738 4380 1874 4467 nepote

460 4483 548 4561 dicti
565 4488 778 4591 receptoris,
801 4487 910 4562 fratre
926 4489 1075 4563 Matheo
1090 4490 1136 4562 dc
1157 4488 1281 4594 Tilloy
1295 4507 1331 4564 et
1350 4489 1521 4594 pluribus
1541 4491 1621 4566 aliis
1643 4493 1689 4568 de
1710 4522 1875 4597 quorum

459 4616 675 4691 nominibus
691 4645 767 4691 non
780 4617 921 4692 recolit.
936 4618 1035 4692 Dixit
1050 4620 1165 4693 eciam
1182 4648 1249 4724 per
1262 4621 1516 4724 juramentum
1535 4650 1642 4697 suum
1657 4622 1778 4727 quod,
1791 4641 1877 4728 post

459 4741 592 4816 multas
607 4746 870 4846 promissiones
885 4746 931 4820 ab
951 4771 994 4820 eo
1016 4744 1126 4822 lactas
1146 4748 1192 4822 de
1209 4749 1353 4825 statutis
1372 4767 1409 4825 et
1424 4750 1574 4825 secretis
1586 4750 1730 4827 ordinis
1744 4752 1874 4827 obser-
