4230 5956
485 443 558 513 aes
873 414 1070 511 crocus
1095 431 1192 511 nus
1216 431 1512 505 raururms.

481 578 611 663 iratres
629 577 723 653 vidit
743 574 859 679 recipi
877 573 918 651 in
937 572 1039 653 dicto
1065 571 1200 651 ordine
1225 572 1432 677 parietum
1456 571 1625 655 modum.
1649 575 1900 683 Interrogatus

481 724 609 785 utrum
622 707 673 796 si,
690 722 754 781 aut
767 703 1041 783 metucerceris
1054 730 1122 781 seu
1134 718 1424 791 tormentorum.
1441 719 1509 779 aut
1518 701 1589 781 aliu
1600 730 1839 813 quocumque
1853 708 1899 784 dc

483 864 606 925 carue,
622 835 785 941 aliquam
796 833 995 911 falsitatem
1007 832 1265 923 immiscuerit,
1277 849 1346 909 aut
1358 832 1549 909 veritatem
1562 836 1718 913 tucuerit
1727 836 1769 915 iu
1783 838 1900 942 depo-
1988 880 1991 885 ·

481 967 621 1049 sicione
635 994 719 1053 sua,
730 965 824 1043 dixit
837 993 905 1068 per
913 965 1171 1069 juramentum
1187 963 1518 1068 utrumquoduom
1530 963 1645 1043 imme
1655 967 1898 1068 puremdixe-

481 1113 538 1173 rat
556 1110 762 1173 veritatem.
880 1162 883 1167 .
940 1150 943 1155 -

537 1359 630 1433 item
646 1354 759 1441 frater
778 1294 980 1437 Gauinidus
994 1351 1043 1427 de
1054 1350 1260 1448 Gonrviiit
1274 1326 1405 1450 'utilem
1426 1371 1624 1457 preceptor
1641 1352 1840 1459 Aquitanie
1863 1374 1899 1432 et

480 1486 653 1568 Pictavie,
675 1483 809 1561 eodem
821 1482 938 1569 modo
951 1480 1191 1569 constitutus,
1204 1532 1207 1539 ,
1209 1481 1358 1588 jureum
1379 1497 1419 1559 ct
1432 1482 1700 1591 interrogatus,
1719 1483 1814 1561 dixit
1831 1514 1898 1590 per

474 1616 734 1722 juramentum
750 1595 863 1691 'suurn
877 1611 982 1717 qaod
998 1610 1070 1689 suit
1083 1627 1256 1717 receptus
1266 1610 1308 1687 in
1322 1610 1472 1717 Anglia‚
1492 1612 1699 1701 Londonis,
1719 1614 1760 1689 in
1780 1614 1895 1691 domo

479 1744 645 1850 Templi,
662 1771 729 1849 per
742 1742 893 1821 fratrem
903 1741 1112 1821 achonum
1128 1740 1179 1817 de
1196 1730 1399 1819 Tortoville
1420 1740 1594 1831 militem,
1610 1742 1829 1848 magistrum
1838 1761 1896 1820 to-

478 1872 727 1982 einsdnglie,
747 1896 859 1952 xxvrrr
882 1871 975 1957 enni·
990 1870 1233 1977 sunt-elapsi,
1251 1871 1500 1976 presentibus
1522 1871 1821 1949 frutre'Henrico
1847 1875 1894 1949 de

480 2002 684 2081 Torteviile
705 2020 742 2079 et
755 2003 980 2108 quibusdam
996 2000 1078 2078 aliis
1087 2000 1135 2076 de
1150 2029 1312 2106 quorum
1324 2000 1542 2079 nominibus
1553 2029 1628 2078 non
1640 2001 1785 2080 recolit.
1795 2001 1897 2080 Dixit

384 2145 385 2149 ’
479 2136 597 2213 etium
623 2163 691 2238 per
708 2134 961 2239 juramentum
979 2147 1091 2209 suum
1109 2130 1215 2237 quod
1229 2129 1359 2209 dietus
1376 2131 1562 2237 recipiens
1576 2130 1664 2209 fecit
1679 2132 1755 2209 sibi
1768 2133 1895 2239 jurare

479 2291 625 2349 serrare
644 2279 780 2341 statuta
798 2280 836 2338 ot
849 2262 968 2341 honus
983 2260 1389 2339 eonsuetudines-dicti
1411 2260 1553 2339 ordinis
1564 2289 1641 2367 que
1655 2277 1698 2341 et
1710 2289 1803 2366 quas
1816 2290 1895 2337 ver-

478 2394 641 2470 botenus
657 2391 911 2507 coenavitrpt
922 2406 1049 2495 postea
1063 2389 1325 2469 mantello-sibi
1337 2391 1460 2496 posito
1472 2391 1521 2469 ud
1532 2391 1693 2479 collum,
1713 2391 1894 2495 recipiens

479 2520 645 2597 ostendit
654 2519 725 2597 sibi
736 2520 775 2595 in
790 2519 953 2625 quodam
966 2519 1102 2597 missali
1119 2520 1321 2625 qutundsm
1334 2548 1485 2603 crucem
1497 2549 1585 2599 cum
1596 2521 1769 2628 ymagine
1778 2520 1893 2597 Jhesu

423 2636 427 2643 ¹
478 2649 631 2741 Christi,
654 2667 691 2726 et
709 2650 875 2756 precepit
894 2648 965 2726 sibi
985 2650 1089 2754 quod
1109 2649 1307 2756 abnegaret
1321 2649 1512 2727 Christum
1531 2653 1597 2756 qui
1615 2649 1686 2728 fuit
1697 2651 1840 2755 positus
1854 2650 1893 2724 in

479 2806 609 2867 cruoe;
632 2780 768 2884 etipse
792 2794 895 2856 totus
912 2778 1064 2855 territus
1087 2777 1366 2867 noluitfeo'ere‚
1392 2796 1431 2857 et
1455 2779 1578 2857 dixit:
1596 2783 1699 2866 «He,
1720 2779 1889 2862 domine,
1969 2844 1973 2854 .
2044 2843 2048 2851 .

477 2936 594 3014 quare
608 2907 790 2987 testem?
808 2909 887 3014 Ego
897 2909 970 2985 hoc
983 2906 1089 2983 nulio
1100 2907 1401 2985 modo-fucerem.
1416 2909 1493 2986 :Et
1506 2926 1598 2987 tunc
1609 2910 1689 3012 ipsc
1698 2908 1790 2985 dixit
1798 2907 1890 2984 sibi:

476 3018 584 3115 «Hoc
597 3037 708 3115 incus
718 3036 909 3126 audacter;
937 3064 1005 3142 ego
1012 3035 1101 3141 juro
1115 3033 1183 3113 tihi
1194 3036 1422 3142 inpericulo
1437 3038 1560 3115 anime
1575 3066 1660 3115 mec
1676 3039 1781 3144 quod
1795 3064 1892 3114 nun·

477 3195 589 3271 qrmm
617 3165 864 3273 prejudicabit
880 3165 949 3243 tibi
976 3182 1160 3272 quantum
1182 3165 1232 3247 ad
1251 3167 1415 3245 animam
1434 3183 1473 3242 ct
1495 3167 1776 3256 conscienciam
1804 3165 1891 3270 quia

477 3295 613 3373 modus
632 3312 689 3372 est
703 3295 844 3372 ordinis
863 3295 995 3383 nostri,
1015 3295 1081 3401 qui
1095 3294 1423 3377 fuit-introductus
1442 3322 1487 3373 ex
1505 3297 1750 3400 promissione
1769 3295 1893 3400 cujus·

478 3424 563 3502 dem
582 3424 669 3502 mali
689 3426 853 3531 Magistri
871 3426 936 3531 qui
958 3443 1037 3503 erat
1049 3426 1089 3501 in
1105 3453 1250 3501 carcere
1267 3425 1458 3530 cujusdam
1472 3425 1634 3514 soldani,
1652 3443 1690 3501 et
1704 3453 1780 3500 non
1788 3442 1892 3528 pote-

476 3558 532 3632 rat
561 3554 716 3631 evadere
741 3555 813 3631 nisi
831 3557 977 3661 juraret
994 3554 1099 3661 quod
1125 3555 1370 3643 detruderet,
1399 3556 1479 3659 ipse
1504 3555 1757 3632 introduceret
1777 3555 1891 3631 istum

478 3686 635 3763 modum
649 3685 688 3769 in
701 3685 835 3769 ..ordine
850 3702 995 3775 nostro,
1009 3685 1116 3790 quod
1130 3712 1262 3763 omues
1276 3684 1341 3790 qui
1355 3684 1611 3789 reciperentur
1629 3687 1676 3761 de
1689 3700 1811 3761 cetero
1828 3683 1892 3759 ab·

476 3834 654 3922 negarent
670 3816 799 3893 Jesum
814 3816 1023 3904 Christum,
1043 3831 1081 3892 et
1100 3816 1150 3891 ita
1166 3813 1237 3892 fnit
1250 3815 1486 3895 observatum
1505 3843 1670 3920 semper3
1686 3833 1723 3890 et
1739 3830 1891 3918 propter

476 3946 668 4048 hocpotes
682 3944 921 4023 benefacere.
939 3947 1012 4022 ·Et
1025 3961 1115 4021 tuuc
1135 3944 1200 4021 ille
1214 3945 1281 4050 qui
1296 3945 1601 4051 loquiturnoluit
1614 3944 1751 4031 iacere,
1774 3942 1890 4019 immo

476 4074 713 4163 contradixit,
731 4092 769 4153 et
779 4076 909 4180 petivit
925 4074 988 4152 ubi
1008 4093 1088 4152 erat
1101 4075 1303 4153 avunculus
1317 4103 1406 4152 suus
1419 4093 1457 4153 et
1471 4075 1541 4152 alie
1555 4075 1657 4152 bone
1668 4090 1796 4181 gentes
1816 4101 1889 4177 que

474 4203 597 4307 ipsum
614 4204 843 4282 adduxerant
860 4205 967 4295 illuc;
987 4223 1026 4282 et
1043 4223 1134 4284 ttmc
1154 4205 1338 4311 recipiens
1358 4205 1452 4282 dixit
1469 4205 1562 4284 sibi:
1582 4242 1595 4273 ι
1626 4207 1887 4293 Recesserunt‚

475 4349 512 4410 ct
542 4350 691 4440 oportet
712 4336 818 4441 quod
846 4334 956 4414 iacias
983 4336 1054 4414 hoc
1078 4336 1181 4441 quod
1207 4335 1277 4413 tibi
1305 4335 1511 4441 precipio.»
1540 4336 1588 4410 Et
1614 4333 1737 4409 noluit
1764 4331 1890 4409 adhuc

474 4462 605 4542 facere.
624 4467 733 4542 Tunc
746 4466 874 4543 videns
893 4465 1076 4569 recipiens
1092 4466 1342 4543 resistanciam
1354 4493 1459 4542 suum
1475 4464 1568 4541 dixit
1582 4464 1654 4541 sibi
1670 4495 1678 4539 ε
1694 4500 1707 4531 ι
1721 4464 1760 4540 Si
1775 4462 1889 4539 velles

474 4596 588 4671 nuchi
598 4596 725 4700 jurare
740 4595 790 4702 ad
808 4611 931 4672 sancta
947 4595 1016 4672 Dei
1036 4595 1230 4705 Evangelia
1248 4596 1354 4703 quod
1368 4595 1544 4673 omnibus
1555 4593 1730 4671 iratribus
1742 4593 1887 4670 ordinis

474 4723 538 4826 qui
558 4725 629 4803 hoc
648 4742 818 4830 peterent
836 4753 856 4800 a
875 4741 912 4800 te
933 4723 1077 4802 diceres
1096 4726 1202 4832 quod
1220 4724 1281 4805 illa
1301 4753 1374 4833 que
1390 4725 1555 4831 precipio
1573 4724 1642 4803 tibi
1657 4723 1792 4810 fecisti,
1815 4751 1886 4829 ego
