4230 5956
677 459 873 551 rnocss
898 476 993 546 uns
1019 474 1315 545 rnurmnns.
1633 424 1720 550 ιοι

345 617 391 692 Et
412 643 480 721 ego
499 617 647 692 Evenus
666 616 772 722 Phily
788 617 841 694 de·
850 618 985 694 Sancto
1001 615 1143 692 Nicasio
1155 615 1312 691 clericus
1326 613 1610 718 Corisopitensis
1630 616 1709 695 dio

288 745 395 832 cesis,
419 745 618 850 apostolica
639 746 812 849 publicus
835 747 1052 823 auctoritate
1073 746 1254 833 notarius,
1280 743 1468 849 premissis
1486 745 1525 818 in
1544 748 1705 849 presenti

287 893 384 951 carte
404 876 508 980 pecia
524 893 562 951 et
575 876 861 981 precedentibus
881 878 989 954 cartis
1010 878 1193 953 contentis
1213 905 1296 953 cum
1321 873 1478 951 testibus
1498 891 1536 949 et
1555 877 1708 952 notariis
1792 858 1808 883 ⁸

289 1035 399 1110 supra
413 1023 450 1082 et
464 1007 703 1110 infrascriptis
724 1007 891 1094 interlui,
913 1025 950 1083 et
963 1036 1037 1084 una
1052 1036 1138 1084 cum
1154 1008 1267 1112 signis
1287 1007 1455 1110 ipsorum
1475 1005 1706 1081 notariorum

289 1137 435 1239 signum
455 1165 586 1212 ,meum
604 1138 666 1214 hic
684 1148 835 1243 rogatus
854 1139 1009 1243 apposui
1026 1165 1087 1214 me
1103 1137 1352 1214 subscribens.

288 1452 291 1458 -
344 1401 391 1474 Et
408 1426 476 1503 ego
496 1399 653 1475 lacobus
673 1399 720 1474 de
733 1400 879 1476 Vi1tuto
899 1397 1053 1474 clericus
1073 1397 1378 1475 Cathalaunensis
1401 1395 1571 1481 diocesis,
1592 1395 1710 1500 publi-

290 1558 356 1605 cus
385 1528 569 1632 imperiali
606 1529 823 1605 auctoritate
852 1529 1036 1629 notarius,
1062 1528 1249 1632 premissis
1274 1526 1450 1603 omnibus
1473 1543 1511 1601 et
1534 1526 1706 1631 singulis,

288 1676 399 1762 prout
417 1658 457 1731 in
478 1659 639 1762 presenti
661 1675 758 1735 carta
778 1685 844 1735 seu
863 1658 967 1762 pecia
988 1674 1026 1735 ct
1044 1656 1330 1762 precedentibus
1348 1655 1497 1761 plenius
1515 1655 1709 1730 continen-

288 1808 359 1875 tur,
386 1816 459 1863 una
480 1816 565 1864 cum
584 1788 742 1864 testibus
762 1805 799 1864 et
824 1788 977 1865 notariis
1006 1788 1261 1891 suprascriptis
1284 1812 1437 1890 presens
1459 1783 1627 1871 interfui,
1653 1801 1705 1872 ct,

289 1918 335 1993 ad
348 1915 563 1993 mandatum
579 1934 616 1993 et
631 1917 918 2021 requisicionem
938 1917 1027 1992 dicti
1046 1914 1304 2001 commissarii,
1328 1915 1397 1990 hoc
1416 1915 1706 1991 instrumentum

289 2054 402 2121 manu
419 2048 567 2150 propria
591 2044 729 2149 scripsi
744 2045 782 2119 in
811 2044 1068 2127 testimonium
1092 2044 1375 2149 premissorum,
1406 2043 1575 2148 illudque
1602 2045 1707 2150 signo

290 2204 376 2252 meo
394 2175 503 2251 solito
520 2175 657 2280 signavi
677 2191 841 2278 rogatus*
944 2186 946 2190 ’

345 2440 387 2513 lu
403 2436 539 2515 Christi
556 2438 705 2513 nomine
720 2464 840 2512 amen.
858 2438 983 2513 Pateat
1000 2437 1179 2512 universis
1193 2437 1297 2542 quod
1313 2462 1412 2512 anno
1422 2436 1573 2513 Domini
1590 2436 1711 2511 mille-

290 2569 386 2644 simo
401 2583 481 2643 ccc⁰
491 2568 664 2672 septimo,
678 2568 869 2658 indicione
883 2585 993 2656 sexta,
1010 2567 1244 2674 pontificatus
1256 2568 1475 2645 sanctissimi
1490 2566 1633 2643 domini
1647 2566 1711 2642 do

290 2698 383 2773 mini
403 2697 607 2774 Clementis
633 2726 728 2803 pape
749 2699 871 2803 quinti
892 2726 990 2774 anno
1017 2699 1201 2785 secunde,
1225 2699 1286 2773 die
1308 2725 1379 2777 xvu
1399 2699 1538 2774 mensis
1556 2724 1709 2772 novem-

291 2827 384 2914 bris,
399 2829 437 2903 in
452 2829 642 2933 presencia
661 2828 823 2934 religiosi
836 2845 879 2904 et
893 2829 1038 2904 honesti
1052 2829 1119 2904 viri
1138 2828 1258 2904 fratris
1273 2827 1465 2905 Guillelmi
1484 2826 1532 2903 de
1548 2825 1709 2902 Parisius

292 2956 434 3032 ordinis
448 2956 603 3033 fratrum
615 2958 909 3044 Predicatorum‚
927 2959 1158 3064 inquisitoris
1172 2958 1336 3034 heretice
1347 2957 1533 3062 pravitatis
1543 2957 1582 3030 in
1591 2983 1708 3060 regno

292 3088 319 3160 F
320 3087 441 3162 rancie
455 3089 671 3164 auctoritate
682 3089 882 3194 apostolica
894 3089 1076 3193 deputati,
1089 3106 1258 3164 nostrum
1270 3089 1502 3163 notariorum
1514 3104 1551 3162 et
1559 3086 1709 3162 testium

290 3215 625 3322 infrascriptorum‚
655 3219 901 3322 personaliter
929 3221 1150 3295 constitutus
1181 3217 1292 3294 frater
1318 3219 1499 3294 chricus
1525 3217 1571 3292 de
1600 3216 1706 3320 Supi,

290 3349 546 3452 sexagenarius
579 3349 637 3425 vel
673 3351 784 3437 circa,
806 3350 917 3428 frater
950 3351 1099 3427 ordinis*
1122 3350 1261 3427 milicie
1290 3350 1457 3455 Templi,
1483 3350 1630 3456 juratus
1662 3349 1709 3424 ad

290 3495 412 3554 sancta
432 3481 503 3555 Dei
525 3480 718 3588 Evangelia
744 3497 838 3557 tacta
858 3482 1098 3586 corporaliter
1118 3481 1164 3556 ab
1191 3481 1341 3569 eodem,
1360 3498 1398 3556 et
1416 3480 1618 3585 requisitus
1643 3507 1711 3581 per

285 3609 540 3714 juramentum
562 3611 684 3686 dicere
700 3610 746 3686 de
778 3641 816 3686 se
845 3629 884 3687 et
898 3612 978 3687 aliis
999 3612 1088 3687 dicti
1109 3602 1251 3686 ordinis
1271 3609 1409 3685 milicie
1432 3608 1576 3712 Templi
1598 3635 1710 3711 super

291 3739 390 3815 dicto
418 3741 572 3815 crimine
590 3741 732 3816 heresis
755 3740 905 3830 delatis,
927 3770 968 3815 ac
988 3742 1036 3816 de
1058 3740 1172 3815 modo
1186 3740 1415 3843 recepcionis
1435 3765 1517 3823 sue,
1540 3739 1579 3811 in
1600 3764 1709 3813 causa

291 3867 378 3944 lidei
392 3868 516 3944 dicere
529 3871 731 3956 veritatem,
756 3869 846 3944 dixit
859 3898 928 3974 per
937 3869 1193 3974 jurameutum
1215 3897 1323 3945 suum
1342 3867 1445 3974 quod
1465 3868 1544 3970 ipse
1564 3866 1635 3942 suit
1648 3894 1709 3942 re-

291 4014 429 4101 ceptus,
450 3998 574 4102 viginti
589 4001 672 4074 anni
694 4017 780 4075 sunt
800 4000 929 4105 elapsi,
944 4001 983 4074 in
1004 4000 1118 4076 domo
1131 3998 1279 4105 Templi
1301 3998 1532 4089 Parisiensis‚
1554 4024 1621 4100 per
1636 3996 1710 4073 lra-
1834 4011 1838 4024 '

290 4144 384 4201 trem
395 4126 619 4203 Amalricum
638 4130 853 4234 magistrum
866 4147 957 4205 tunc
971 4131 1140 4216 Francie,
1157 4129 1325 4216 militem,
1346 4125 1579 4235 presentibus
1597 4125 1708 4202 fratre

292 4256 460 4334 Huberto
481 4257 713 4335 thesaurario
732 4276 831 4347 tunc,
852 4276 887 4334 et
905 4258 1016 4335 fratre
1037 4263 1070 4334 J.
1092 4260 1139 4335 de
1154 4261 1295 4346 Tum0‚
1312 4261 1376 4364 qni
1397 4275 1524 4363 postea
1539 4257 1610 4367 suit
1627 4257 1710 4332 the-

291 4386 487 4463 saurarius.
508 4387 609 4463 Dixit
624 4391 740 4464 eciam
754 4397 820 4492 per
833 4389 1089 4494 juramentum
1106 4416 1214 4464 suum
1232 4390 1347 4493 quod,
1370 4406 1455 4494 post
1471 4386 1607 4464 multas
1621 4414 1710 4492 pro·

292 4516 487 4592 missiones
505 4517 552 4593 de
569 4518 714 4595 statutis
727 4534 772 4594 ct
791 4518 943 4594 secretis
967 4519 1111 4595 ordinis
1136 4518 1376 4596 observandis
1403 4518 1515 4594 factas
1539 4517 1706 4620 abipso,

293 4663 328 4721 et
340 4646 516 4723 mantello
527 4647 597 4723 sibi
609 4648 656 4722 ad
671 4648 810 4723 collum
821 4649 959 4751 posito,
971 4648 1091 4725 dictus
1103 4649 1301 4754 recipiens,
1315 4649 1502 4726 sublevata
1512 4665 1612 4724 veste
1622 4676 1704 4735 sua,

292 4777 455 4881 precepit
464 4778 534 4854 sibi
551 4780 655 4884 quod
676 4778 905 4857 oscularetur
924 4806 1012 4857 cum
1033 4780 1072 4856 in
1092 4778 1286 4870 umbilico;
1304 4797 1342 4857 ct
1360 4780 1439 4886 ipse
1456 4779 1521 4885 qui
1538 4778 1706 4885 loquitur

376 4935 482 4994 rnociss
498 4951 549 4992 nss
564 4953 736 4994 reuertens.
753 4968 795 4980 -
811 4954 842 4993 ιι.
1520 4933 1553 4993 5ι
