4230 5956
472 489 522 558 oe
859 465 1053 556 enocbs
1080 482 1174 555 nes
1200 473 1502 556 rnurmnss.

475 645 512 703 et
531 622 626 701 vidit
647 622 739 700 alios
767 621 902 727 recipi;
923 622 1000 700 sed.
1014 638 1102 729 post
1121 623 1336 727 capcionem
1363 649 1513 713 eorum,
1535 623 1694 701 credidit
1714 642 1752 702 et
1771 628 1891 704 credit

477 756 580 863 quod
609 752 859 832 diversimode
887 752 1153 857 reciperentur,
1183 768 1339 857 propter
1361 750 1633 830 confessionem
1660 752 1825 863 Magistri
1853 775 1891 834 et

471 887 631 965 aliorum
657 884 934 991 deponentium
963 881 1068 989 quod
1095 881 1218 987 aliqua
1249 881 1389 975 illicita,
1407 880 1706 961 interveniebant
1730 884 1768 959 in
1798 885 1889 993 ipsis

471 1013 755 1123 recepcionibus
773 1013 833 1090 vel
852 1030 948 1120 post,
973 1010 1243 1119 lnjungcbatur
1264 1011 1317 1087 eis
1337 1038 1405 1116 per
1426 1023 1701 1088 sacramentum
1721 1040 1769 1090 ne
1789 1039 1891 1092 reve-

469 1145 590 1223 larent
616 1161 758 1221 secreta
785 1142 1055 1248 capitulorum,
1086 1140 1133 1217 de
1159 1141 1273 1217 modo
1303 1139 1534 1248 recepciouis
1556 1140 1707 1248 speciali
1729 1169 1807 1221 non
1826 1144 1891 1221 ha-

467 1275 546 1353 bita
563 1272 773 1352 mencione.
795 1273 835 1350 Si
852 1270 1092 1359 revelassent,
1111 1270 1231 1347 nescit
1243 1269 1405 1376 qualiter
1420 1271 1542 1377 puniti
1558 1270 1733 1377 luissent3
1750 1273 1889 1380 absque

470 1403 624 1480 licencia
651 1430 728 1478 non
758 1417 931 1508 poterant
960 1401 1030 1478 nisi
1063 1399 1321 1478 sacerdotibus
1353 1400 1497 1477 ordinis
1529 1401 1711 1481 confiteri.
1742 1405 1888 1482 Fratres

466 1534 626 1610 scientes
653 1558 797 1608 errores
824 1530 977 1608 luerunt
997 1530 1229 1638 negligentes
1256 1530 1445 1635 quianon
1473 1546 1714 1610 correxerunt
1733 1561 1798 1612 eos
1817 1564 1887 1613 nec

468 1664 786 1740 denunciaverunt
801 1661 978 1739 Ecclesie.
1000 1662 1042 1738 ln
1063 1658 1240 1736 domibus
1257 1659 1401 1738 ordinis
1420 1661 1460 1736 in
1479 1662 1619 1768 quibus
1635 1665 1774 1741 exstitit
1787 1693 1887 1743 com-

467 1812 634 1871 moratus
652 1793 746 1870 vidit
764 1793 986 1870 elemosinas
1007 1809 1044 1868 et
1062 1790 1354 1898 hospitalitatem
1376 1792 1641 1869 convenienter
1656 1784 1739 1870 lieri
1754 1811 1791 1872 et
1806 1823 1883 1872 ser·

466 1924 557 2009 vari,
578 1941 615 2000 et
630 1921 795 1999 dellendi
813 1950 861 1999 ne
877 1921 1113 2029 acquirerent
1134 1911 1302 1996 indebite
1324 1919 1471 2012 ordini,
1493 1938 1531 1998 et
1550 1919 1746 1999 dicebatur
1762 1925 1881 2030 quod,

464 2056 494 2130 si
523 2055 760 2160 acquirerent
784 2051 969 2139 indebite,
993 2077 1124 2126 eorum
1154 2049 1277 2124 anime
1307 2067 1556 2155 gravarentur.
1579 2051 1708 2126 lenuis
1727 2052 1879 2141 clausis,

463 2183 580 2260 nullis
593 2181 830 2288 presentibus
848 2181 918 2258 nisi
936 2179 1110 2256 fratribus
1126 2178 1285 2266 ordinis,
1303 2206 1436 2256 corum
1453 2179 1626 2286 capitulia
1640 2181 1877 2260 tenebantur.

465 2311 645 2390 Ordinata
665 2338 732 2416 per
746 2310 963 2417 Magistrum
984 2337 1070 2386 cum
1091 2326 1276 2386 conventu
1297 2327 1476 2387 servasset
1494 2327 1598 2387 totus
1623 2311 1734 2404 ordo,
1757 2332 1882 2391 contra

463 2469 579 2547 quem
598 2468 701 2516 nunc
720 2439 873 2546 grandia
893 2441 1081 2531 scandala,
1099 2440 1261 2545 suspicio
1280 2456 1317 2516 et
1333 2439 1483 2516 infamia
1499 2459 1586 2517 sunt
1600 2459 1736 2518 exorta.
1755 2443 1884 2521 Credit

461 2571 585 2677 quod,
604 2571 632 2647 si
650 2570 778 2649 illicita
796 2570 937 2648 liebant
957 2571 995 2646 in
1017 2571 1167 2660 ordine,
1190 2585 1313 2646 essent
1336 2587 1425 2648 uota
1445 2570 1520 2648 illis
1540 2573 1605 2677 qui
1627 2600 1669 2647 ea
1686 2571 1878 2653 faciebant.

462 2703 543 2780 Non
565 2699 752 2779 obtulerat
776 2728 814 2778 se
841 2700 888 2777 ad
913 2699 1187 2777 deffensionem
1208 2699 1362 2777 ordinis.
1386 2702 1601 2807 Requisitus
1626 2702 1708 2790 ubi,
1730 2706 1882 2808 quando

461 2850 499 2908 et
519 2832 679 2938 qualiter
698 2849 871 2938 receptus
889 2830 1009 2907 suerat
1026 2849 1064 2909 et
1078 2829 1301 2936 quosrecipi
1319 2830 1480 2920 viderat,
1499 2832 1750 2938 respondit-se
1768 2832 1881 2913 luisse

460 2980 653 3067 receptum
674 2960 713 3036 in
733 2960 872 3067 capella
893 2960 1030 3038 domus
1054 2959 1203 3065 Templi
1228 2959 1275 3036 de
1300 2960 1531 3038 Molendinis
1554 2962 1777 3039 Pictavensis
1799 2963 1881 3041 dio-

455 3092 569 3176 cesis,
587 3092 625 3168 in
642 3090 792 3169 instanti
814 3090 908 3168 festo
929 3093 1166 3168 Pentecostes
1187 3108 1298 3167 erunt
1318 3116 1392 3167 xxn
1410 3092 1498 3167 anni
1519 3089 1577 3168 vel
1595 3093 1709 3181 circa,
1727 3092 1829 3198 perf
1863 3141 1881 3155 -

458 3239 555 3296 trem
580 3220 825 3299 Amblardum
848 3220 1006 3299 militem
1028 3221 1221 3329 quondam
1246 3221 1488 3308 Vienensem,
1511 3238 1602 3298 tunc
1619 3240 1877 3328 preceptorem

459 3350 632 3436 Pictavie,
656 3353 891 3456 presentibus
919 3352 1094 3430 fratribus
1122 3352 1291 3428 Johaune
1319 3351 1366 3427 de
1400 3352 1535 3429 Sancto
1560 3351 1766 3430 benedicto
1794 3383 1880 3459 pre-

458 3497 608 3586 ceptore
631 3483 677 3559 de
699 3484 821 3561 lnsula
841 3485 1043 3575 Bochardi,
1064 3500 1159 3560 teste
1175 3511 1287 3588 supra
1306 3483 1532 3568 examinato,
1555 3483 1706 3561 Matheo
1726 3484 1879 3564 Velbier

457 3613 707 3700 Turonensis,
739 3614 907 3694 Gerardo
937 3616 983 3691 de
1015 3617 1142 3721 Nonay
1165 3614 1361 3690 Vienensis
1389 3613 1594 3690 diocesium
1613 3615 1874 3705 servientibus,

457 3741 670 3830 dellunctis,
702 3722 743 3819 in·
769 3745 870 3822 hune
898 3745 1055 3822 modum
1079 3776 1087 3818 :
1109 3771 1196 3819 nam
1218 3771 1303 3819 cum
1331 3740 1502 3847 peciissct
1526 3770 1663 3849 panem
1684 3761 1722 3820 et
1740 3772 1876 3850 aquam

456 3876 613 3960 ordinis,
636 3894 673 3952 et
692 3904 914 3983 responsum
936 3878 970 3954 ei
991 3876 1122 3954 luisset
1146 3876 1369 3983 quod‘bene
1391 3874 1631 3963 deliberaret,
1655 3876 1741 3982 quia
1769 3883 1876 3981 opor·

455 4023 550 4080 teret
576 4036 662 4082 eum
688 4007 861 4085 abdicare
882 4036 901 4082 a
927 4034 965 4083 se
986 4006 1177 4112 propriam
1198 4004 1426 4082 voluntatem
1454 4021 1490 4082 et
1515 4003 1648 4112 subjici
1670 4005 1812 4091 aliene,
1836 4023 1874 4081 et

456 4135 572 4231 multa
598 4137 690 4212 dura
711 4156 748 4214 et
777 4166 904 4244 aspera
931 4139 1136 4227 sustinere,
1164 4153 1201 4212 et
1228 4137 1306 4241 ipse
1333 4135 1587 4242 respondisset
1615 4133 1718 4241 quod
1747 4135 1874 4210 omnia

453 4263 671 4356 sustineret,
703 4263 864 4346 finaliter
893 4270 1035 4374 poscito
1064 4296 1131 4373 per
1146 4268 1404 4373 juramentum
1429 4265 1476 4344 ab
1504 4293 1550 4343 eo
1570 4263 1676 4373 quod
1696 4292 1775 4343 non
1795 4283 1874 4342 erat

452 4393 594 4470 servilis
609 4395 859 4484 condicionis,
879 4398 1136 4485 matrimonio,
1155 4398 1261 4475 alteri
1277 4397 1449 4503 religioni
1470 4396 1528 4474 vel
1547 4396 1686 4475 debitis
1705 4423 1779 4501 que
1795 4422 1872 4472 non

453 4542 577 4627 posset
606 4525 748 4602 solvere
776 4523 978 4632 obligatus,
1001 4554 1071 4602 nee
1097 4525 1259 4603 babebat
1279 4526 1536 4605 infirmitatem
1560 4526 1756 4609 latentem,
1784 4522 1871 4599 fecit

454 4678 540 4728 cum
555 4653 682 4757 jurare
702 4680 814 4761 supra
833 4653 1037 4760 quemdam
1059 4652 1198 4731 librum
1216 4656 1317 4762 qnod
1335 4672 1496 4733 servaret
1510 4653 1631 4732 bonos
1646 4679 1737 4728 usus
1752 4669 1791 4727 et
1804 4650 1870 4728 bo·

452 4798 517 4856 nas
542 4785 833 4863 consuetudines
861 4807 936 4890 que
960 4802 1051 4861 tuuc
1082 4805 1184 4863 erant
1219 4788 1257 4862 in
1286 4785 1498 4871 ordine,··et
1526 4784 1589 4889 qui
1615 4782 1868 4886 inposterum
