4230 5956
706 443 900 537 eaocts
927 464 1022 535 nus
1051 463 1350 535 rsuexruas.
1661 465 1735 536 sos

321 629 512 709 nunquam
526 628 565 678 se
580 602 791 679 immiscuit.
806 601 1018 707 Requisitus
1032 619 1160 679 utrum
1173 602 1224 690 vi,
1243 601 1299 678 vel
1315 617 1419 678 metu
1434 603 1588 677 carceris
1597 602 1655 678 vel
1666 619 1738 681 tor·

321 750 551 821 mentorum,
573 749 636 808 aut
652 731 724 808 alia
743 759 977 837 quacumque
994 733 1041 808 de
1058 761 1182 821 causa,
1200 732 1332 808 dixerit
1347 748 1410 807 aut
1422 731 1663 807 immiscuerit
1671 731 1737 809 ali-

322 892 434 970 quam
452 861 664 950 falsitatem,
680 879 744 940 aut
763 863 920 939 tacuerit
938 863 1147 957 veritatem,
1166 861 1257 937 dixit
1278 889 1345 966 per
1355 860 1612 965 juramentum
1626 888 1738 937 suum

322 993 427 1099 quod
438 1020 531 1082 non3
553 992 671 1070 immo
692 992 796 1098 quod
816 991 906 1068 dixit
918 1021 1049 1097 puram
1064 1009 1102 1069 et
1115 1020 1257 1069 meram
1271 991 1463 1068 veritatem
1478 1005 1632 1094 propter
1643 989 1740 1067 salu·

321 1141 399 1198 tem
420 1149 542 1198 anime
562 1149 640 1199 sue.

380 1387 472 1461 item
494 1382 606 1459 frater
623 1384 753 1459 Petrus
769 1383 816 1459 dc
840 1384 942 1461 Sivre
960 1383 1060 1459 filius
1080 1383 1225 1458 domini
1241 1382 1390 1459 Acherii
1404 1381 1451 1457 de
1471 1381 1574 1458 Sivre
1592 1379 1739 1466 militis,

325 1514 430 1589 etatis
449 1513 637 1589 sexdecim
656 1512 714 1587 vel
734 1538 807 1589 xvrr
831 1540 1028 1599 annorum,
1055 1512 1163 1587 miles
1188 1512 1277 1586 dicti
1298 1510 1456 1597 ordinis,
1477 1537 1628 1587 morans
1642 1509 1742 1614 apud

324 1643 576 1748 Latigniacum
597 1641 762 1728 Siccum,
774 1642 922 1747 juratus
939 1642 984 1718 de
997 1670 1035 1717 se
1050 1659 1086 1718 et
1098 1642 1178 1717 aliis
1193 1641 1233 1716 in
1246 1668 1354 1717 causa
1371 1639 1459 1716 fidei
1476 1639 1600 1715 dicere
1614 1639 1742 1715 verita·

324 1788 415 1860 tem,
440 1787 477 1846 et
496 1771 744 1874 interrogatus
765 1768 812 1845 dc
831 1787 1000 1875 tempore
1021 1787 1057 1845 et
1076 1771 1191 1846 modo
1210 1798 1276 1846 sue
1294 1768 1541 1872 recepcionis,
1564 1767 1657 1843 dixit
1675 1795 1742 1871 per

319 1902 575 2006 juramentum
594 1926 704 1974 suum
723 1899 826 2003 quod
852 1916 1021 2003 receptus
1040 1899 1112 1974 suit
1130 1899 1306 1984 Parisius,
1333 1898 1371 1971 in
1392 1897 1453 1972 die
1473 1897 1652 1975 Cinerum
1672 1897 1742 1972 erit

325 2056 458 2114 annus,
484 2055 552 2132 per
578 2026 728 2102 sratrem
752 2029 948 2133 Hugonem
979 2027 1026 2102 de
1056 2027 1223 2103 Paraudo
1255 2025 1481 2103 visitatorem
1505 2025 1674 2113 Francis,
1702 2027 1741 2101 in

326 2184 468 2234 camera
488 2156 616 2260 ipsius.
637 2155 791 2230 Etdixit
804 2183 872 2259 per
881 2157 1137 2261 juramentum
1149 2184 1261 2232 suum
1275 2154 1380 2261 quod
1395 2172 1594 2260 postquam
1606 2156 1743 2260 juravit

326 2313 468 2362 servare
490 2300 625 2360 statuta
657 2284 815 2372 ordinis,
839 2300 877 2360 et
897 2285 1074 2361 mantello
1098 2285 1145 2361 ad
1175 2285 1315 2362 collum
1340 2312 1449 2360 suum
1473 2284 1612 2389 posito,
1641 2284 1742 2362 idem

325 2416 437 2491 frater
456 2417 565 2518 Hugo
584 2413 744 2519 portavit
763 2429 800 2490 et
814 2415 937 2489 tenuit
949 2431 1033 2490 ante
1047 2441 1134 2490 eum
1146 2414 1347 2519 quamdam
1362 2441 1511 2490 crucem
1527 2414 1565 2488 in
1579 2441 1651 2517 qua
1665 2430 1744 2489 erat

328 2545 471 2649 depicta
487 2570 618 2649 ymago
638 2542 751 2618 Jhesu
765 2540 920 2630 Christi,
944 2559 981 2617 et
998 2543 1111 2648 peciit
1132 2542 1178 2619 ab
1198 2569 1243 2618 eo
1261 2559 1388 2618 utrum
1407 2544 1576 2619 crederet
1597 2542 1635 2616 in
1656 2569 1743 2617 eum

327 2676 432 2780 cujus
446 2673 655 2779 ymaginem
669 2671 830 2748 videbat.
849 2671 922 2764 Qui
937 2672 1131 2777 respondit
1140 2673 1244 2777 quod
1259 2673 1310 2748 sic
1325 2702 1334 2747 τ
1347 2689 1437 2747 tunc
1452 2671 1543 2746 dixit
1556 2670 1626 2747 sibi
1641 2671 1744 2774 quod

329 2801 424 2879 male
445 2801 634 2888 credebat,
653 2819 690 2877 et
704 2798 790 2876 fecit
804 2828 890 2877 eum
909 2801 1090 2907 abnegare
1105 2801 1260 2877 Jhesum
1280 2799 1470 2876 Christum
1486 2817 1544 2876 ter
1558 2816 1595 2876 et
1609 2826 1743 2903 spuere

327 2931 495 3036 qualibet
512 2932 589 3006 vice
605 2957 715 3034 supra
736 2956 894 3006 crucem.

384 3062 632 3166 Interrogatus
652 3059 698 3134 de
715 3059 862 3145 osculo,
885 3058 978 3134 dixit
994 3087 1062 3163 per
1072 3059 1329 3165 juramentum
1350 3083 1461 3134 suum
1480 3058 1584 3162 quod
1598 3058 1745 3135 oscula·

328 3206 387 3267 tus
407 3190 479 3266 suit
502 3190 541 3265 in
568 3188 746 3265 umbilico
767 3206 805 3265 et
827 3189 867 3263 in
887 3214 952 3263 ore
970 3187 1104 3264 solum.
1127 3188 1340 3291 Requisitus
1364 3205 1492 3264 utrum
1519 3188 1653 3293 aliquis
1672 3188 1742 3266 sibi

328 3319 487 3425 injunxit
504 3319 609 3423 quod
627 3318 884 3394 commisceret
898 3345 937 3393 se
959 3345 1046 3393 cum
1061 3318 1170 3394 sociis
1187 3319 1280 3405 suis,
1304 3318 1396 3394 dixit
1410 3345 1478 3422 per
1488 3317 1744 3423 juramentum

327 3477 436 3524 suum
455 3449 560 3554 quod
578 3475 772 3553 nunquam
789 3447 861 3523 fuit
876 3446 945 3523 sihi
967 3446 1108 3522 dictum
1123 3447 1180 3523 vel
1196 3448 1417 3554 injunctum.

382 3578 596 3682 Requisitus
614 3596 741 3654 utrum
756 3578 820 3664 vi„
833 3594 897 3652 aut
921 3595 1025 3653 metu
1043 3593 1332 3664 tormentorum,
1355 3577 1525 3662 carceris,
1542 3593 1606 3652 aut
1622 3575 1744 3679 aliqua

328 3705 397 3781 alia
417 3734 543 3795 causa,
568 3707 608 3782 in
628 3734 692 3782 sua
712 3705 952 3810 deposicione
975 3705 1109 3781 dixerit
1131 3704 1343 3794 falsitatem,
1374 3706 1465 3781 dixit
1483 3733 1550 3809 per
1560 3704 1745 3808 juramen-

328 3852 406 3913 tum
427 3863 540 3911 suum
557 3836 661 3940 quod
680 3861 772 3924 non;
794 3835 909 3911 immo
930 3862 1062 3938 puram
1084 3851 1121 3910 et
1140 3862 1280 3910 meram
1302 3834 1443 3910 dixerat
1456 3833 1657 3910 veritatem.

299 4162 301 4167 .
384 4094 477 4184 item
494 4093 607 4171 srater
625 4095 790 4171 Thomas
809 4095 857 4170 de
877 4095 1075 4198 Quosneyo
1095 4121 1211 4199 prope
1229 4092 1443 4180 Britolium,
1463 4094 1568 4169 etatis
1587 4091 1664 4170 xhu
1679 4120 1744 4168 an-

330 4249 466 4298 norum
487 4223 544 4297 vel
566 4225 676 4312 circa,
709 4224 813 4300 testis
833 4224 969 4300 eodem
989 4223 1103 4300 modo
1119 4223 1267 4327 juratus
1286 4221 1333 4297 de
1355 4250 1393 4297 se
1419 4239 1456 4299 et
1474 4222 1556 4299 aliis
1577 4224 1616 4298 in
1637 4250 1745 4298 causa

328 4349 417 4427 fidei
439 4351 562 4435 dicere
582 4352 789 4442 veritatem,
809 4369 848 4428 et
867 4351 1069 4456 requisitus
1088 4351 1136 4427 de
1152 4343 1320 4455 tempore
1339 4369 1376 4428 et
1390 4350 1504 4428 modo
1517 4349 1745 4456 recepcionis

330 4508 394 4556 sue
414 4480 452 4556 in
468 4480 567 4558 dicto
581 4481 728 4569 ordine,
750 4481 841 4559 dixit
860 4510 927 4586 per
942 4482 1194 4588 juramentum
1214 4510 1322 4558 suum
1344 4481 1449 4587 quod
1466 4508 1529 4561 viu
1554 4481 1640 4557 anni
1661 4497 1746 4556 sunt

329 4611 385 4686 vei
407 4612 501 4687 circa
521 4612 624 4718 quod
637 4612 708 4688 fuit
721 4630 892 4717 receptus
911 4611 1011 4717 apud
1030 4612 1247 4719 Soisyacum
1271 4611 1473 4690 Meldensis
1489 4611 1662 4700 diocesis,
1678 4638 1746 4714 per

330 4740 478 4818 fratrem
499 4745 693 4850 Hugonem
715 4742 957 4832 deParaudo,
974 4742 1212 4849 presentibus
1225 4742 1334 4819 fratre
1352 4741 1501 4819 Nicolao
1515 4740 1744 4845 Flammingo
