<?xml version="1.0" encoding="UTF-8"?>
<!DOCTYPE html PUBLIC "-//W3C//DTD XHTML 1.0 Transitional//EN"
    "http://www.w3.org/TR/xhtml1/DTD/xhtml1-transitional.dtd">
<html xmlns="http://www.w3.org/1999/xhtml" xml:lang="en" lang="en">
 <head>
  <title>
</title>
<meta http-equiv="Content-Type" content="text/html;charset=utf-8" />
  <meta name='ocr-system' content='tesseract 3.04.00' />
  <meta name='ocr-capabilities' content='ocr_page ocr_carea ocr_par ocr_line ocrx_word'/>
</head>
<body>
  <div class='ocr_page' id='page_1' title='image "./procsdestemplie01defegoog/procsdestemplie01defegoog_0220.png"; bbox 0 0 4230 5956; ppageno 0'>
   <div class='ocr_carea' id='block_1_1' title="bbox 447 424 1481 522">
    <p class='ocr_par' dir='ltr' id='par_1_1' title="bbox 447 424 1481 522">
     <span class='ocr_line' id='line_1_1' title="bbox 447 424 1481 522; baseline -0.009 -1"><span class='ocrx_word' id='word_1_1' title='bbox 447 445 517 522; x_wconf 81' lang='lat' dir='ltr'>rea</span> <span class='ocrx_word' id='word_1_2' title='bbox 822 424 1015 520; x_wconf 73' lang='lat' dir='ltr'>esoces</span> <span class='ocrx_word' id='word_1_3' title='bbox 1047 444 1144 514; x_wconf 84' lang='lat' dir='ltr'>oss</span> <span class='ocrx_word' id='word_1_4' title='bbox 1174 442 1481 517; x_wconf 70' lang='lat' dir='ltr'>canuslnus.</span> 
     </span>
    </p>
   </div>
   <div class='ocr_carea' id='block_1_2' title="bbox 426 581 1863 1731">
    <p class='ocr_par' dir='ltr' id='par_1_2' title="bbox 426 581 1863 1731">
     <span class='ocr_line' id='line_1_2' title="bbox 442 581 1858 690; baseline -0.004 -23"><span class='ocrx_word' id='word_1_5' title='bbox 442 605 532 671; x_wconf 85' lang='lat' dir='ltr'>suut</span> <span class='ocrx_word' id='word_1_6' title='bbox 546 612 621 664; x_wconf 83' lang='lat' dir='ltr'>mm</span> <span class='ocrx_word' id='word_1_7' title='bbox 635 584 722 660; x_wconf 88' lang='lat' dir='ltr'>anni</span> <span class='ocrx_word' id='word_1_8' title='bbox 737 582 868 690; x_wconf 89' lang='lat' dir='ltr'>elapsi,</span> <span class='ocrx_word' id='word_1_9' title='bbox 883 583 1120 690; x_wconf 80' lang='lat' dir='ltr'>presentibus</span> <span class='ocrx_word' id='word_1_10' title='bbox 1140 581 1316 659; x_wconf 81' lang='lat' dir='ltr'>fratribus</span> <span class='ocrx_word' id='word_1_11' title='bbox 1336 581 1496 689; x_wconf 86' lang='lat' dir='ltr'>Rogerio</span> <span class='ocrx_word' id='word_1_12' title='bbox 1521 596 1740 687; x_wconf 67' lang='lat' dir='ltr'>preceptore</span> <span class='ocrx_word' id='word_1_13' title='bbox 1758 581 1858 661; x_wconf 90' lang='lat' dir='ltr'>dicte</span> 
     </span>
     <span class='ocr_line' id='line_1_3' title="bbox 444 708 1860 819; baseline -0.003 -25"><span class='ocrx_word' id='word_1_14' title='bbox 444 718 596 806; x_wconf 89' lang='lat' dir='ltr'>domus,</span> <span class='ocrx_word' id='word_1_15' title='bbox 616 712 753 790; x_wconf 84' lang='lat' dir='ltr'>Anrico</span> <span class='ocrx_word' id='word_1_16' title='bbox 766 711 922 819; x_wconf 81' lang='lat' dir='ltr'>Anglico</span> <span class='ocrx_word' id='word_1_17' title='bbox 938 728 976 789; x_wconf 88' lang='lat' dir='ltr'>et</span> <span class='ocrx_word' id='word_1_18' title='bbox 989 710 1072 789; x_wconf 90' lang='lat' dir='ltr'>aliis</span> <span class='ocrx_word' id='word_1_19' title='bbox 1086 709 1300 787; x_wconf 80' lang='lat' dir='ltr'>deffunctis.</span> <span class='ocrx_word' id='word_1_20' title='bbox 1318 709 1421 789; x_wconf 87' lang='lat' dir='ltr'>Vidit</span> <span class='ocrx_word' id='word_1_21' title='bbox 1441 708 1557 785; x_wconf 89' lang='lat' dir='ltr'>eciam</span> <span class='ocrx_word' id='word_1_22' title='bbox 1578 708 1693 814; x_wconf 84' lang='lat' dir='ltr'>recipi</span> <span class='ocrx_word' id='word_1_23' title='bbox 1706 709 1860 790; x_wconf 73' lang='lat' dir='ltr'>lienem</span> 
     </span>
     <span class='ocr_line' id='line_1_4' title="bbox 442 839 1861 950; baseline -0.004 -26"><span class='ocrx_word' id='word_1_24' title='bbox 442 845 636 925; x_wconf 84' lang='lat' dir='ltr'>Matbeum</span> <span class='ocrx_word' id='word_1_25' title='bbox 656 842 848 950; x_wconf 82' lang='lat' dir='ltr'>Ruynaudi</span> <span class='ocrx_word' id='word_1_26' title='bbox 876 841 1070 948; x_wconf 91' lang='lat' dir='ltr'>quondam</span> <span class='ocrx_word' id='word_1_27' title='bbox 1092 842 1342 930; x_wconf 89' lang='lat' dir='ltr'>Normanum,</span> <span class='ocrx_word' id='word_1_28' title='bbox 1361 839 1601 928; x_wconf 86' lang='lat' dir='ltr'>servientem,</span> <span class='ocrx_word' id='word_1_29' title='bbox 1618 839 1657 915; x_wconf 91' lang='lat' dir='ltr'>iu</span> <span class='ocrx_word' id='word_1_30' title='bbox 1678 840 1775 918; x_wconf 88' lang='lat' dir='ltr'>dicta</span> <span class='ocrx_word' id='word_1_31' title='bbox 1803 872 1861 919; x_wconf 90' lang='lat' dir='ltr'>ca-</span> 
     </span>
     <span class='ocr_line' id='line_1_5' title="bbox 442 967 1863 1081; baseline -0.002 -28"><span class='ocrx_word' id='word_1_32' title='bbox 442 973 557 1081; x_wconf 88' lang='lat' dir='ltr'>pella,</span> <span class='ocrx_word' id='word_1_33' title='bbox 574 1002 643 1077; x_wconf 92' lang='lat' dir='ltr'>per</span> <span class='ocrx_word' id='word_1_34' title='bbox 655 971 799 1048; x_wconf 84' lang='lat' dir='ltr'>dictum</span> <span class='ocrx_word' id='word_1_35' title='bbox 819 972 972 1049; x_wconf 89' lang='lat' dir='ltr'>fratrem</span> <span class='ocrx_word' id='word_1_36' title='bbox 992 970 1230 1076; x_wconf 87' lang='lat' dir='ltr'>Philippum,</span> <span class='ocrx_word' id='word_1_37' title='bbox 1246 986 1335 1047; x_wconf 90' lang='lat' dir='ltr'>sunt</span> <span class='ocrx_word' id='word_1_38' title='bbox 1358 969 1504 1047; x_wconf 84' lang='lat' dir='ltr'>circiter</span> <span class='ocrx_word' id='word_1_39' title='bbox 1521 994 1567 1046; x_wconf 81' lang='lat' dir='ltr'>xv</span> <span class='ocrx_word' id='word_1_40' title='bbox 1587 967 1696 1060; x_wconf 85' lang='lat' dir='ltr'>anui,</span> <span class='ocrx_word' id='word_1_41' title='bbox 1712 999 1863 1076; x_wconf 90' lang='lat' dir='ltr'>presen-</span> 
     </span>
     <span class='ocr_line' id='line_1_6' title="bbox 442 1098 1861 1208; baseline -0.002 -26"><span class='ocrx_word' id='word_1_42' title='bbox 442 1105 545 1182; x_wconf 80' lang='lat' dir='ltr'>tibus</span> <span class='ocrx_word' id='word_1_43' title='bbox 558 1133 619 1180; x_wconf 82' lang='lat' dir='ltr'>ser</span> <span class='ocrx_word' id='word_1_44' title='bbox 630 1103 687 1180; x_wconf 89' lang='lat' dir='ltr'>vel</span> <span class='ocrx_word' id='word_1_45' title='bbox 696 1121 840 1208; x_wconf 86' lang='lat' dir='ltr'>septem</span> <span class='ocrx_word' id='word_1_46' title='bbox 852 1101 1044 1189; x_wconf 90' lang='lat' dir='ltr'>fratribus,</span> <span class='ocrx_word' id='word_1_47' title='bbox 1060 1129 1224 1207; x_wconf 90' lang='lat' dir='ltr'>quorum</span> <span class='ocrx_word' id='word_1_48' title='bbox 1238 1100 1395 1177; x_wconf 91' lang='lat' dir='ltr'>nomina</span> <span class='ocrx_word' id='word_1_49' title='bbox 1409 1117 1446 1177; x_wconf 90' lang='lat' dir='ltr'>et</span> <span class='ocrx_word' id='word_1_50' title='bbox 1459 1098 1684 1206; x_wconf 88' lang='lat' dir='ltr'>cognomina</span> <span class='ocrx_word' id='word_1_51' title='bbox 1698 1099 1861 1207; x_wconf 73' lang='lat' dir='ltr'>ignorat,</span> 
     </span>
     <span class='ocr_line' id='line_1_7' title="bbox 443 1229 1863 1348; baseline -0.001 -36"><span class='ocrx_word' id='word_1_52' title='bbox 443 1251 482 1312; x_wconf 91' lang='lat' dir='ltr'>et</span> <span class='ocrx_word' id='word_1_53' title='bbox 493 1235 598 1342; x_wconf 89' lang='lat' dir='ltr'>prius</span> <span class='ocrx_word' id='word_1_54' title='bbox 612 1233 756 1309; x_wconf 90' lang='lat' dir='ltr'>viderat</span> <span class='ocrx_word' id='word_1_55' title='bbox 770 1233 809 1309; x_wconf 89' lang='lat' dir='ltr'>in</span> <span class='ocrx_word' id='word_1_56' title='bbox 823 1233 958 1310; x_wconf 91' lang='lat' dir='ltr'>eodem</span> <span class='ocrx_word' id='word_1_57' title='bbox 973 1232 1057 1348; x_wconf 86' lang='lat' dir='ltr'>loeo</span> <span class='ocrx_word' id='word_1_58' title='bbox 1072 1232 1206 1337; x_wconf 88' lang='lat' dir='ltr'>recipi,</span> <span class='ocrx_word' id='word_1_59' title='bbox 1227 1247 1315 1308; x_wconf 90' lang='lat' dir='ltr'>sunt</span> <span class='ocrx_word' id='word_1_60' title='bbox 1330 1230 1477 1308; x_wconf 83' lang='lat' dir='ltr'>circiter</span> <span class='ocrx_word' id='word_1_61' title='bbox 1490 1256 1563 1308; x_wconf 77' lang='lat' dir='ltr'>xxti</span> <span class='ocrx_word' id='word_1_62' title='bbox 1584 1229 1691 1322; x_wconf 91' lang='lat' dir='ltr'>anni,</span> <span class='ocrx_word' id='word_1_63' title='bbox 1711 1231 1863 1310; x_wconf 87' lang='lat' dir='ltr'>fratrem</span> 
     </span>
     <span class='ocr_line' id='line_1_8' title="bbox 444 1359 1862 1469; baseline -0.002 -27"><span class='ocrx_word' id='word_1_64' title='bbox 444 1363 624 1442; x_wconf 79' lang='lat' dir='ltr'>Albinum</span> <span class='ocrx_word' id='word_1_65' title='bbox 633 1363 792 1440; x_wconf 88' lang='lat' dir='ltr'>diocesis</span> <span class='ocrx_word' id='word_1_66' title='bbox 808 1362 1056 1449; x_wconf 88' lang='lat' dir='ltr'>Ebroicensis,</span> <span class='ocrx_word' id='word_1_67' title='bbox 1070 1362 1293 1438; x_wconf 91' lang='lat' dir='ltr'>servientem</span> <span class='ocrx_word' id='word_1_68' title='bbox 1306 1361 1517 1466; x_wconf 91' lang='lat' dir='ltr'>quondam,</span> <span class='ocrx_word' id='word_1_69' title='bbox 1531 1359 1640 1465; x_wconf 90' lang='lat' dir='ltr'>cujus</span> <span class='ocrx_word' id='word_1_70' title='bbox 1651 1389 1862 1469; x_wconf 86' lang='lat' dir='ltr'>cognomen</span> 
     </span>
     <span class='ocr_line' id='line_1_9' title="bbox 426 1487 1862 1600; baseline 0 -31"><span class='ocrx_word' id='word_1_71' title='bbox 426 1495 601 1600; x_wconf 83' lang='lat' dir='ltr'>ignorat,</span> <span class='ocrx_word' id='word_1_72' title='bbox 615 1522 683 1598; x_wconf 91' lang='lat' dir='ltr'>per</span> <span class='ocrx_word' id='word_1_73' title='bbox 694 1491 845 1570; x_wconf 88' lang='lat' dir='ltr'>lratrem</span> <span class='ocrx_word' id='word_1_74' title='bbox 859 1491 1047 1569; x_wconf 83' lang='lat' dir='ltr'>Andream</span> <span class='ocrx_word' id='word_1_75' title='bbox 1069 1491 1117 1567; x_wconf 94' lang='lat' dir='ltr'>de</span> <span class='ocrx_word' id='word_1_76' title='bbox 1137 1489 1375 1597; x_wconf 79' lang='lat' dir='ltr'>Saquenvilla</span> <span class='ocrx_word' id='word_1_77' title='bbox 1391 1487 1604 1596; x_wconf 87' lang='lat' dir='ltr'>quondam,</span> <span class='ocrx_word' id='word_1_78' title='bbox 1618 1505 1711 1566; x_wconf 91' lang='lat' dir='ltr'>tunc</span> <span class='ocrx_word' id='word_1_79' title='bbox 1732 1518 1862 1596; x_wconf 84' lang='lat' dir='ltr'>prece-</span> 
     </span>
     <span class='ocr_line' id='line_1_10' title="bbox 443 1617 1863 1731; baseline -0.003 -30"><span class='ocrx_word' id='word_1_80' title='bbox 443 1640 590 1731; x_wconf 89' lang='lat' dir='ltr'>ptorem</span> <span class='ocrx_word' id='word_1_81' title='bbox 603 1623 821 1712; x_wconf 87' lang='lat' dir='ltr'>Normunie,</span> <span class='ocrx_word' id='word_1_82' title='bbox 836 1651 913 1700; x_wconf 91' lang='lat' dir='ltr'>non</span> <span class='ocrx_word' id='word_1_83' title='bbox 929 1622 1062 1699; x_wconf 89' lang='lat' dir='ltr'>recolit</span> <span class='ocrx_word' id='word_1_84' title='bbox 1076 1621 1215 1727; x_wconf 92' lang='lat' dir='ltr'>quibus</span> <span class='ocrx_word' id='word_1_85' title='bbox 1227 1617 1467 1727; x_wconf 85' lang='lat' dir='ltr'>presentibus</span> <span class='ocrx_word' id='word_1_86' title='bbox 1486 1647 1557 1697; x_wconf 91' lang='lat' dir='ltr'>nec</span> <span class='ocrx_word' id='word_1_87' title='bbox 1577 1619 1624 1698; x_wconf 90' lang='lat' dir='ltr'>de</span> <span class='ocrx_word' id='word_1_88' title='bbox 1645 1618 1863 1698; x_wconf 86' lang='lat' dir='ltr'>nominibus</span> 
     </span>
    </p>
   </div>
   <div class='ocr_carea' id='block_1_3' title="bbox 316 1748 1861 1864">
    <p class='ocr_par' dir='ltr' id='par_1_3' title="bbox 316 1748 1861 1864">
     <span class='ocr_line' id='line_1_11' title="bbox 316 1748 1861 1864; baseline -0.001 -35"><span class='ocrx_word' id='word_1_89' title='bbox 316 1847 326 1864; x_wconf 24' lang='lat'>³</span> <span class='ocrx_word' id='word_1_90' title='bbox 444 1753 604 1831; x_wconf 93' lang='lat' dir='ltr'>aliorum</span> <span class='ocrx_word' id='word_1_91' title='bbox 627 1763 723 1859; x_wconf 89' lang='lat' dir='ltr'>quo&#39;s</span> <span class='ocrx_word' id='word_1_92' title='bbox 742 1751 835 1829; x_wconf 87' lang='lat' dir='ltr'>vidit</span> <span class='ocrx_word' id='word_1_93' title='bbox 853 1752 985 1857; x_wconf 84' lang='lat' dir='ltr'>recipi,</span> <span class='ocrx_word' id='word_1_94' title='bbox 1009 1751 1098 1857; x_wconf 91' lang='lat' dir='ltr'>quia</span> <span class='ocrx_word' id='word_1_95' title='bbox 1117 1749 1247 1827; x_wconf 92' lang='lat' dir='ltr'>nullus</span> <span class='ocrx_word' id='word_1_96' title='bbox 1266 1777 1310 1826; x_wconf 86' lang='lat' dir='ltr'>ex</span> <span class='ocrx_word' id='word_1_97' title='bbox 1328 1749 1382 1828; x_wconf 91' lang='lat' dir='ltr'>eis</span> <span class='ocrx_word' id='word_1_98' title='bbox 1401 1749 1490 1828; x_wconf 80' lang='lat' dir='ltr'>vivit</span> <span class='ocrx_word' id='word_1_99' title='bbox 1508 1748 1612 1855; x_wconf 92' lang='lat' dir='ltr'>quod</span> <span class='ocrx_word' id='word_1_100' title='bbox 1632 1748 1732 1827; x_wconf 88' lang='lat' dir='ltr'>sciat.</span> <span class='ocrx_word' id='word_1_101' title='bbox 1750 1751 1861 1841; x_wconf 90' lang='lat' dir='ltr'>ltem,</span> 
     </span>
    </p>
   </div>
   <div class='ocr_carea' id='block_1_4' title="bbox 444 1878 1864 2122">
    <p class='ocr_par' dir='ltr' id='par_1_4' title="bbox 444 1878 1864 2122">
     <span class='ocr_line' id='line_1_12' title="bbox 446 1878 1864 1989; baseline -0.002 -29"><span class='ocrx_word' id='word_1_102' title='bbox 446 1882 538 1961; x_wconf 82' lang='lat' dir='ltr'>dixit</span> <span class='ocrx_word' id='word_1_103' title='bbox 562 1883 667 1989; x_wconf 93' lang='lat' dir='ltr'>quod</span> <span class='ocrx_word' id='word_1_104' title='bbox 688 1883 769 1987; x_wconf 88' lang='lat' dir='ltr'>ipse</span> <span class='ocrx_word' id='word_1_105' title='bbox 796 1883 895 1959; x_wconf 92' lang='lat' dir='ltr'>bene</span> <span class='ocrx_word' id='word_1_106' title='bbox 916 1881 1092 1959; x_wconf 91' lang='lat' dir='ltr'>credebat</span> <span class='ocrx_word' id='word_1_107' title='bbox 1121 1880 1377 1958; x_wconf 86' lang='lat' dir='ltr'>ecclesiasticis</span> <span class='ocrx_word' id='word_1_108' title='bbox 1400 1878 1657 1971; x_wconf 80' lang='lat' dir='ltr'>sacramentis,</span> <span class='ocrx_word' id='word_1_109' title='bbox 1683 1897 1722 1956; x_wconf 90' lang='lat' dir='ltr'>et</span> <span class='ocrx_word' id='word_1_110' title='bbox 1744 1881 1864 1957; x_wconf 91' lang='lat' dir='ltr'>credit</span> 
     </span>
     <span class='ocr_line' id='line_1_13' title="bbox 444 2009 1861 2122; baseline -0.004 -30"><span class='ocrx_word' id='word_1_111' title='bbox 444 2015 548 2122; x_wconf 91' lang='lat' dir='ltr'>quod</span> <span class='ocrx_word' id='word_1_112' title='bbox 579 2012 642 2089; x_wconf 85' lang='lat' dir='ltr'>alii</span> <span class='ocrx_word' id='word_1_113' title='bbox 669 2011 800 2089; x_wconf 82' lang='lat' dir='ltr'>fratres</span> <span class='ocrx_word' id='word_1_114' title='bbox 825 2011 968 2089; x_wconf 89' lang='lat' dir='ltr'>ordinis</span> <span class='ocrx_word' id='word_1_115' title='bbox 999 2010 1136 2088; x_wconf 88' lang='lat' dir='ltr'>eodem</span> <span class='ocrx_word' id='word_1_116' title='bbox 1161 2011 1278 2088; x_wconf 91' lang='lat' dir='ltr'>modo</span> <span class='ocrx_word' id='word_1_117' title='bbox 1298 2009 1512 2098; x_wconf 88' lang='lat' dir='ltr'>crederent,</span> <span class='ocrx_word' id='word_1_118' title='bbox 1540 2027 1579 2088; x_wconf 88' lang='lat' dir='ltr'>et</span> <span class='ocrx_word' id='word_1_119' title='bbox 1601 2009 1710 2115; x_wconf 89' lang='lat' dir='ltr'>quod·</span> <span class='ocrx_word' id='word_1_120' title='bbox 1729 2037 1861 2088; x_wconf 92' lang='lat' dir='ltr'>eorum</span> 
     </span>
    </p>
   </div>
   <div class='ocr_carea' id='block_1_5' title="bbox 444 2138 1997 2247">
    <p class='ocr_par' dir='ltr' id='par_1_5' title="bbox 444 2138 1997 2247">
     <span class='ocr_line' id='line_1_14' title="bbox 444 2138 1997 2247; baseline -0.003 -26"><span class='ocrx_word' id='word_1_121' title='bbox 444 2143 655 2222; x_wconf 89' lang='lat' dir='ltr'>sacerdotes</span> <span class='ocrx_word' id='word_1_122' title='bbox 682 2142 809 2220; x_wconf 89' lang='lat' dir='ltr'>debite</span> <span class='ocrx_word' id='word_1_123' title='bbox 830 2141 1074 2223; x_wconf 88' lang='lat' dir='ltr'>celebrarent.</span> <span class='ocrx_word' id='word_1_124' title='bbox 1106 2140 1286 2218; x_wconf 78' lang='lat' dir='ltr'>durabant</span> <span class='ocrx_word' id='word_1_125' title='bbox 1309 2140 1485 2218; x_wconf 89' lang='lat' dir='ltr'>ordinem</span> <span class='ocrx_word' id='word_1_126' title='bbox 1504 2167 1583 2218; x_wconf 91' lang='lat' dir='ltr'>non</span> <span class='ocrx_word' id='word_1_127' title='bbox 1603 2140 1703 2218; x_wconf 84' lang='lat' dir='ltr'>exire</span> <span class='ocrx_word' id='word_1_128' title='bbox 1723 2138 1863 2247; x_wconf 88' lang='lat' dir='ltr'>absque</span> <span class='ocrx_word' id='word_1_129' title='bbox 1996 2146 1997 2150; x_wconf 71' lang='grc'>’</span> 
     </span>
    </p>
   </div>
   <div class='ocr_carea' id='block_1_6' title="bbox 442 2269 1864 4189">
    <p class='ocr_par' dir='ltr' id='par_1_6' title="bbox 442 2269 1864 4189">
     <span class='ocr_line' id='line_1_15' title="bbox 444 2269 1862 2378; baseline -0.004 -27"><span class='ocrx_word' id='word_1_130' title='bbox 444 2273 599 2350; x_wconf 83' lang='lat' dir='ltr'>licencia</span> <span class='ocrx_word' id='word_1_131' title='bbox 625 2273 828 2377; x_wconf 83' lang='lat' dir='ltr'>superioris</span> <span class='ocrx_word' id='word_1_132' title='bbox 851 2300 1004 2360; x_wconf 89' lang='lat' dir='ltr'>eorum,</span> <span class='ocrx_word' id='word_1_133' title='bbox 1034 2272 1099 2378; x_wconf 93' lang='lat' dir='ltr'>qui</span> <span class='ocrx_word' id='word_1_134' title='bbox 1127 2286 1254 2377; x_wconf 89' lang='lat' dir='ltr'>posset</span> <span class='ocrx_word' id='word_1_135' title='bbox 1272 2297 1355 2347; x_wconf 92' lang='lat' dir='ltr'>eam</span> <span class='ocrx_word' id='word_1_136' title='bbox 1380 2269 1481 2349; x_wconf 83' lang='lat' dir='ltr'>dare.</span> <span class='ocrx_word' id='word_1_137' title='bbox 1509 2269 1751 2349; x_wconf 88' lang='lat' dir='ltr'>Clandestiue</span> <span class='ocrx_word' id='word_1_138' title='bbox 1770 2272 1862 2350; x_wconf 88' lang='lat' dir='ltr'>reci·</span> 
     </span>
     <span class='ocr_line' id='line_1_16' title="bbox 444 2400 1862 2512; baseline -0.003 -31"><span class='ocrx_word' id='word_1_139' title='bbox 444 2402 656 2512; x_wconf 87' lang='lat' dir='ltr'>piebantur‚</span> <span class='ocrx_word' id='word_1_140' title='bbox 678 2402 794 2480; x_wconf 91' lang='lat' dir='ltr'>nullis</span> <span class='ocrx_word' id='word_1_141' title='bbox 813 2400 1052 2507; x_wconf 88' lang='lat' dir='ltr'>presentibus</span> <span class='ocrx_word' id='word_1_142' title='bbox 1068 2403 1139 2479; x_wconf 93' lang='lat' dir='ltr'>nisi</span> <span class='ocrx_word' id='word_1_143' title='bbox 1159 2400 1338 2480; x_wconf 80' lang='lat' dir='ltr'>fratribus</span> <span class='ocrx_word' id='word_1_144' title='bbox 1358 2400 1515 2479; x_wconf 86' lang='lat' dir='ltr'>ordinis.</span> <span class='ocrx_word' id='word_1_145' title='bbox 1536 2401 1688 2508; x_wconf 85' lang='lat' dir='ltr'>Absque</span> <span class='ocrx_word' id='word_1_146' title='bbox 1708 2401 1862 2479; x_wconf 86' lang='lat' dir='ltr'>licencia</span> 
     </span>
     <span class='ocr_line' id='line_1_17' title="bbox 444 2530 1859 2639; baseline 0.001 -31"><span class='ocrx_word' id='word_1_147' title='bbox 444 2559 523 2609; x_wconf 90' lang='lat' dir='ltr'>nou</span> <span class='ocrx_word' id='word_1_148' title='bbox 550 2548 724 2638; x_wconf 87' lang='lat' dir='ltr'>poterunt</span> <span class='ocrx_word' id='word_1_149' title='bbox 751 2530 924 2609; x_wconf 87' lang='lat' dir='ltr'>confiteri</span> <span class='ocrx_word' id='word_1_150' title='bbox 950 2532 1032 2610; x_wconf 88' lang='lat' dir='ltr'>aliis</span> <span class='ocrx_word' id='word_1_151' title='bbox 1063 2561 1176 2639; x_wconf 88' lang='lat' dir='ltr'>quam</span> <span class='ocrx_word' id='word_1_152' title='bbox 1208 2530 1386 2609; x_wconf 79' lang='lat' dir='ltr'>frutribus</span> <span class='ocrx_word' id='word_1_153' title='bbox 1414 2532 1672 2611; x_wconf 87' lang='lat' dir='ltr'>sacerdotibus</span> <span class='ocrx_word' id='word_1_154' title='bbox 1700 2532 1859 2622; x_wconf 87' lang='lat' dir='ltr'>ordinis,</span> 
     </span>
     <span class='ocr_line' id='line_1_18' title="bbox 445 2661 1863 2769; baseline 0 -29"><span class='ocrx_word' id='word_1_155' title='bbox 445 2664 628 2769; x_wconf 80' lang='lat' dir='ltr'>quamdiu</span> <span class='ocrx_word' id='word_1_156' title='bbox 649 2692 713 2741; x_wconf 90' lang='lat' dir='ltr'>eos</span> <span class='ocrx_word' id='word_1_157' title='bbox 733 2661 873 2741; x_wconf 85' lang='lat' dir='ltr'>habere</span> <span class='ocrx_word' id='word_1_158' title='bbox 898 2680 1082 2769; x_wconf 88' lang='lat' dir='ltr'>poterant.</span> <span class='ocrx_word' id='word_1_159' title='bbox 1104 2665 1252 2742; x_wconf 88' lang='lat' dir='ltr'>Fratres</span> <span class='ocrx_word' id='word_1_160' title='bbox 1271 2662 1432 2741; x_wconf 89' lang='lat' dir='ltr'>scientes</span> <span class='ocrx_word' id='word_1_161' title='bbox 1453 2691 1600 2741; x_wconf 89' lang='lat' dir='ltr'>errores</span> <span class='ocrx_word' id='word_1_162' title='bbox 1618 2681 1657 2741; x_wconf 91' lang='lat' dir='ltr'>et</span> <span class='ocrx_word' id='word_1_163' title='bbox 1681 2663 1863 2740; x_wconf 90' lang='lat' dir='ltr'>habentes</span> 
     </span>
     <span class='ocr_line' id='line_1_19' title="bbox 444 2792 1864 2902; baseline -0.003 -30"><span class='ocrx_word' id='word_1_164' title='bbox 444 2811 666 2899; x_wconf 88' lang='lat' dir='ltr'>potestatem</span> <span class='ocrx_word' id='word_1_165' title='bbox 683 2792 894 2899; x_wconf 90' lang='lat' dir='ltr'>corrigendi</span> <span class='ocrx_word' id='word_1_166' title='bbox 908 2821 973 2871; x_wconf 91' lang='lat' dir='ltr'>eos</span> <span class='ocrx_word' id='word_1_167' title='bbox 991 2792 1146 2871; x_wconf 87' lang='lat' dir='ltr'>luerunt</span> <span class='ocrx_word' id='word_1_168' title='bbox 1159 2792 1410 2902; x_wconf 78' lang='lat' dir='ltr'>negligentes,</span> <span class='ocrx_word' id='word_1_169' title='bbox 1427 2792 1514 2899; x_wconf 90' lang='lat' dir='ltr'>quia</span> <span class='ocrx_word' id='word_1_170' title='bbox 1530 2820 1608 2870; x_wconf 88' lang='lat' dir='ltr'>non</span> <span class='ocrx_word' id='word_1_171' title='bbox 1621 2811 1864 2871; x_wconf 80' lang='lat' dir='ltr'>correxerunt</span> 
     </span>
     <span class='ocr_line' id='line_1_20' title="bbox 445 2921 1863 3029; baseline -0.001 -29"><span class='ocrx_word' id='word_1_172' title='bbox 445 2952 509 3002; x_wconf 91' lang='lat' dir='ltr'>eos</span> <span class='ocrx_word' id='word_1_173' title='bbox 528 2952 598 3001; x_wconf 91' lang='lat' dir='ltr'>nec</span> <span class='ocrx_word' id='word_1_174' title='bbox 617 2924 940 3002; x_wconf 83' lang='lat' dir='ltr'>denunciaverunt</span> <span class='ocrx_word' id='word_1_175' title='bbox 953 2922 1128 3000; x_wconf 87' lang='lat' dir='ltr'>Ecclesie.</span> <span class='ocrx_word' id='word_1_176' title='bbox 1148 2924 1383 3001; x_wconf 88' lang='lat' dir='ltr'>Elemosinas</span> <span class='ocrx_word' id='word_1_177' title='bbox 1402 2940 1441 3000; x_wconf 93' lang='lat' dir='ltr'>et</span> <span class='ocrx_word' id='word_1_178' title='bbox 1457 2921 1749 3029; x_wconf 86' lang='lat' dir='ltr'>hospitalitatem</span> <span class='ocrx_word' id='word_1_179' title='bbox 1769 2924 1863 3001; x_wconf 89' lang='lat' dir='ltr'>vidit</span> 
     </span>
     <span class='ocr_line' id='line_1_21' title="bbox 445 3052 1861 3162; baseline -0.001 -32"><span class='ocrx_word' id='word_1_180' title='bbox 445 3055 646 3160; x_wconf 90' lang='lat' dir='ltr'>aliquando</span> <span class='ocrx_word' id='word_1_181' title='bbox 668 3055 841 3160; x_wconf 86' lang='lat' dir='ltr'>restringi</span> <span class='ocrx_word' id='word_1_182' title='bbox 858 3055 896 3130; x_wconf 92' lang='lat' dir='ltr'>in</span> <span class='ocrx_word' id='word_1_183' title='bbox 912 3055 1105 3160; x_wconf 87' lang='lat' dir='ltr'>aliquibus</span> <span class='ocrx_word' id='word_1_184' title='bbox 1128 3053 1308 3142; x_wconf 88' lang='lat' dir='ltr'>domibus</span> <span class='ocrx_word' id='word_1_185' title='bbox 1326 3052 1472 3131; x_wconf 89' lang='lat' dir='ltr'>ordinis</span> <span class='ocrx_word' id='word_1_186' title='bbox 1490 3070 1644 3162; x_wconf 89' lang='lat' dir='ltr'>propter</span> <span class='ocrx_word' id='word_1_187' title='bbox 1662 3070 1861 3160; x_wconf 90' lang='lat' dir='ltr'>pauperta-</span> 
     </span>
     <span class='ocr_line' id='line_1_22' title="bbox 442 3175 1861 3289; baseline -0.001 -28"><span class='ocrx_word' id='word_1_188' title='bbox 442 3201 542 3272; x_wconf 78' lang='lat' dir='ltr'>tem3</span> <span class='ocrx_word' id='word_1_189' title='bbox 565 3184 654 3261; x_wconf 88' lang='lat' dir='ltr'>alias</span> <span class='ocrx_word' id='word_1_190' title='bbox 673 3184 912 3261; x_wconf 87' lang='lat' dir='ltr'>servabantur</span> <span class='ocrx_word' id='word_1_191' title='bbox 932 3201 970 3260; x_wconf 88' lang='lat' dir='ltr'>et</span> <span class='ocrx_word' id='word_1_192' title='bbox 989 3184 1132 3261; x_wconf 87' lang='lat' dir='ltr'>fiebant</span> <span class='ocrx_word' id='word_1_193' title='bbox 1160 3183 1429 3261; x_wconf 85' lang='lat' dir='ltr'>convenienter</span> <span class='ocrx_word' id='word_1_194' title='bbox 1447 3184 1653 3262; x_wconf 86' lang='lat' dir='ltr'>elemosine</span> <span class='ocrx_word' id='word_1_195' title='bbox 1675 3175 1713 3262; x_wconf 91' lang='lat' dir='ltr'>et</span> <span class='ocrx_word' id='word_1_196' title='bbox 1733 3184 1861 3289; x_wconf 90' lang='lat' dir='ltr'>bospi-</span> 
     </span>
     <span class='ocr_line' id='line_1_23' title="bbox 444 3313 1859 3421; baseline 0.001 -32"><span class='ocrx_word' id='word_1_197' title='bbox 444 3313 566 3390; x_wconf 89' lang='lat' dir='ltr'>talitas</span> <span class='ocrx_word' id='word_1_198' title='bbox 587 3315 809 3419; x_wconf 89' lang='lat' dir='ltr'>supradicte.</span> <span class='ocrx_word' id='word_1_199' title='bbox 836 3316 978 3392; x_wconf 86' lang='lat' dir='ltr'>Eorum</span> <span class='ocrx_word' id='word_1_200' title='bbox 1001 3314 1174 3420; x_wconf 81' lang='lat' dir='ltr'>capitulis</span> <span class='ocrx_word' id='word_1_201' title='bbox 1195 3314 1288 3391; x_wconf 88' lang='lat' dir='ltr'>vidit</span> <span class='ocrx_word' id='word_1_202' title='bbox 1307 3314 1514 3421; x_wconf 90' lang='lat' dir='ltr'>aliquando</span> <span class='ocrx_word' id='word_1_203' title='bbox 1533 3316 1654 3393; x_wconf 90' lang='lat' dir='ltr'>teneri</span> <span class='ocrx_word' id='word_1_204' title='bbox 1671 3316 1719 3392; x_wconf 95' lang='lat' dir='ltr'>de</span> <span class='ocrx_word' id='word_1_205' title='bbox 1733 3332 1859 3402; x_wconf 90' lang='lat' dir='ltr'>nocte,</span> 
     </span>
     <span class='ocr_line' id='line_1_24' title="bbox 445 3443 1859 3550; baseline 0.001 -30"><span class='ocrx_word' id='word_1_206' title='bbox 445 3462 482 3520; x_wconf 90' lang='lat' dir='ltr'>et</span> <span class='ocrx_word' id='word_1_207' title='bbox 496 3443 697 3550; x_wconf 88' lang='lat' dir='ltr'>aliquando</span> <span class='ocrx_word' id='word_1_208' title='bbox 715 3445 762 3520; x_wconf 91' lang='lat' dir='ltr'>de</span> <span class='ocrx_word' id='word_1_209' title='bbox 776 3445 856 3532; x_wconf 92' lang='lat' dir='ltr'>die,</span> <span class='ocrx_word' id='word_1_210' title='bbox 879 3445 990 3532; x_wconf 91' lang='lat' dir='ltr'>clam,</span> <span class='ocrx_word' id='word_1_211' title='bbox 1014 3444 1129 3522; x_wconf 91' lang='lat' dir='ltr'>nullis</span> <span class='ocrx_word' id='word_1_212' title='bbox 1148 3445 1386 3550; x_wconf 84' lang='lat' dir='ltr'>presentibus</span> <span class='ocrx_word' id='word_1_213' title='bbox 1409 3444 1480 3522; x_wconf 89' lang='lat' dir='ltr'>nisi</span> <span class='ocrx_word' id='word_1_214' title='bbox 1500 3444 1678 3523; x_wconf 82' lang='lat' dir='ltr'>fratribus</span> <span class='ocrx_word' id='word_1_215' title='bbox 1700 3446 1859 3534; x_wconf 90' lang='lat' dir='ltr'>ordinis,</span> 
     </span>
     <span class='ocr_line' id='line_1_25' title="bbox 445 3575 1862 3683; baseline -0.001 -32"><span class='ocrx_word' id='word_1_216' title='bbox 445 3593 483 3651; x_wconf 89' lang='lat' dir='ltr'>et</span> <span class='ocrx_word' id='word_1_217' title='bbox 502 3575 740 3680; x_wconf 87' lang='lat' dir='ltr'>ponebantur</span> <span class='ocrx_word' id='word_1_218' title='bbox 760 3576 933 3654; x_wconf 88' lang='lat' dir='ltr'>custodes</span> <span class='ocrx_word' id='word_1_219' title='bbox 948 3586 996 3652; x_wconf 67' lang='lat' dir='ltr'>‘ne</span> <span class='ocrx_word' id='word_1_220' title='bbox 1010 3576 1233 3652; x_wconf 85' lang='lat' dir='ltr'>audirentur</span> <span class='ocrx_word' id='word_1_221' title='bbox 1256 3576 1505 3682; x_wconf 76' lang='lat' dir='ltr'>exteriusque</span> <span class='ocrx_word' id='word_1_222' title='bbox 1525 3575 1683 3654; x_wconf 89' lang='lat' dir='ltr'>interius</span> <span class='ocrx_word' id='word_1_223' title='bbox 1702 3576 1862 3683; x_wconf 86' lang='lat' dir='ltr'>ageban-</span> 
     </span>
     <span class='ocr_line' id='line_1_26' title="bbox 443 3705 1859 3813; baseline 0.003 -34"><span class='ocrx_word' id='word_1_224' title='bbox 443 3722 517 3782; x_wconf 91' lang='lat' dir='ltr'>tur.</span> <span class='ocrx_word' id='word_1_225' title='bbox 547 3705 727 3783; x_wconf 87' lang='lat' dir='ltr'>Ordinuta</span> <span class='ocrx_word' id='word_1_226' title='bbox 749 3734 816 3813; x_wconf 87' lang='lat' dir='ltr'>per</span> <span class='ocrx_word' id='word_1_227' title='bbox 838 3707 1058 3813; x_wconf 86' lang='lat' dir='ltr'>Magistrum</span> <span class='ocrx_word' id='word_1_228' title='bbox 1092 3735 1177 3782; x_wconf 93' lang='lat' dir='ltr'>cum</span> <span class='ocrx_word' id='word_1_229' title='bbox 1202 3722 1390 3782; x_wconf 85' lang='lat' dir='ltr'>conventu</span> <span class='ocrx_word' id='word_1_230' title='bbox 1418 3723 1595 3784; x_wconf 86' lang='lat' dir='ltr'>servasset</span> <span class='ocrx_word' id='word_1_231' title='bbox 1621 3724 1724 3785; x_wconf 92' lang='lat' dir='ltr'>totus</span> <span class='ocrx_word' id='word_1_232' title='bbox 1746 3706 1859 3794; x_wconf 90' lang='lat' dir='ltr'>ordo,</span> 
     </span>
     <span class='ocr_line' id='line_1_27' title="bbox 445 3835 1858 3942; baseline 0 -32"><span class='ocrx_word' id='word_1_233' title='bbox 445 3853 572 3912; x_wconf 90' lang='lat' dir='ltr'>contra</span> <span class='ocrx_word' id='word_1_234' title='bbox 587 3865 702 3942; x_wconf 93' lang='lat' dir='ltr'>quem</span> <span class='ocrx_word' id='word_1_235' title='bbox 718 3865 819 3913; x_wconf 91' lang='lat' dir='ltr'>nunc</span> <span class='ocrx_word' id='word_1_236' title='bbox 834 3838 987 3942; x_wconf 90' lang='lat' dir='ltr'>grandia</span> <span class='ocrx_word' id='word_1_237' title='bbox 1003 3836 1193 3924; x_wconf 90' lang='lat' dir='ltr'>scandala,</span> <span class='ocrx_word' id='word_1_238' title='bbox 1216 3836 1380 3942; x_wconf 91' lang='lat' dir='ltr'>suspicio</span> <span class='ocrx_word' id='word_1_239' title='bbox 1394 3853 1432 3912; x_wconf 89' lang='lat' dir='ltr'>et</span> <span class='ocrx_word' id='word_1_240' title='bbox 1444 3835 1597 3914; x_wconf 83' lang='lat' dir='ltr'>infamia</span> <span class='ocrx_word' id='word_1_241' title='bbox 1616 3854 1705 3915; x_wconf 90' lang='lat' dir='ltr'>sunt</span> <span class='ocrx_word' id='word_1_242' title='bbox 1723 3854 1858 3914; x_wconf 82' lang='lat' dir='ltr'>exorta.</span> 
     </span>
     <span class='ocr_line' id='line_1_28' title="bbox 445 3965 1858 4073; baseline 0 -31"><span class='ocrx_word' id='word_1_243' title='bbox 445 3966 567 4057; x_wconf 90' lang='lat' dir='ltr'>Quem</span> <span class='ocrx_word' id='word_1_244' title='bbox 593 3967 750 4072; x_wconf 89' lang='lat' dir='ltr'>quidem</span> <span class='ocrx_word' id='word_1_245' title='bbox 774 3967 946 4044; x_wconf 91' lang='lat' dir='ltr'>ordinem</span> <span class='ocrx_word' id='word_1_246' title='bbox 971 3967 1064 4043; x_wconf 84' lang='lat' dir='ltr'>dixit</span> <span class='ocrx_word' id='word_1_247' title='bbox 1086 3965 1344 4072; x_wconf 87' lang='lat' dir='ltr'>principaliter</span> <span class='ocrx_word' id='word_1_248' title='bbox 1367 3993 1407 4043; x_wconf 90' lang='lat' dir='ltr'>se</span> <span class='ocrx_word' id='word_1_249' title='bbox 1424 3966 1579 4044; x_wconf 70' lang='lat' dir='ltr'>&#39;exivisse</span> <span class='ocrx_word' id='word_1_250' title='bbox 1606 3983 1757 4073; x_wconf 89' lang='lat' dir='ltr'>propter</span> <span class='ocrx_word' id='word_1_251' title='bbox 1775 3994 1858 4071; x_wconf 87' lang='lat' dir='ltr'>pre·</span> 
     </span>
     <span class='ocr_line' id='line_1_29' title="bbox 444 4094 1862 4189; baseline 0.002 -21"><span class='ocrx_word' id='word_1_252' title='bbox 444 4094 543 4170; x_wconf 90' lang='lat' dir='ltr'>dicta</span> <span class='ocrx_word' id='word_1_253' title='bbox 557 4096 701 4189; x_wconf 90' lang='lat' dir='ltr'>illicita,</span> <span class='ocrx_word' id='word_1_254' title='bbox 719 4128 787 4175; x_wconf 90' lang='lat' dir='ltr'>nec</span> <span class='ocrx_word' id='word_1_255' title='bbox 802 4127 970 4177; x_wconf 89' lang='lat' dir='ltr'>reversus</span> <span class='ocrx_word' id='word_1_256' title='bbox 989 4097 1120 4174; x_wconf 84' lang='lat' dir='ltr'>suisset</span> <span class='ocrx_word' id='word_1_257' title='bbox 1142 4096 1190 4172; x_wconf 91' lang='lat' dir='ltr'>ad</span> <span class='ocrx_word' id='word_1_258' title='bbox 1207 4095 1350 4173; x_wconf 91' lang='lat' dir='ltr'>dictum</span> <span class='ocrx_word' id='word_1_259' title='bbox 1367 4095 1559 4184; x_wconf 89' lang='lat' dir='ltr'>ordinem,</span> <span class='ocrx_word' id='word_1_260' title='bbox 1582 4096 1655 4174; x_wconf 91' lang='lat' dir='ltr'>uisi</span> <span class='ocrx_word' id='word_1_261' title='bbox 1673 4096 1862 4173; x_wconf 88' lang='lat' dir='ltr'>timuisset</span> 
     </span>
    </p>
   </div>
   <div class='ocr_carea' id='block_1_7' title="bbox 322 4223 1861 4336">
    <p class='ocr_par' dir='ltr' id='par_1_7' title="bbox 322 4223 1861 4336">
     <span class='ocr_line' id='line_1_30' title="bbox 322 4223 1861 4336; baseline 0.006 -39"><span class='ocrx_word' id='word_1_262' title='bbox 322 4314 325 4319; x_wconf 21' lang='grc' dir='ltr'>Ι</span> <span class='ocrx_word' id='word_1_263' title='bbox 442 4223 548 4328; x_wconf 90' lang='lat' dir='ltr'>quod</span> <span class='ocrx_word' id='word_1_264' title='bbox 568 4223 698 4302; x_wconf 85' lang='lat' dir='ltr'>luisset</span> <span class='ocrx_word' id='word_1_265' title='bbox 716 4229 964 4306; x_wconf 88' lang='lat' dir='ltr'>incarceratus</span> <span class='ocrx_word' id='word_1_266' title='bbox 982 4243 1166 4334; x_wconf 91' lang='lat' dir='ltr'>perpetuo</span> <span class='ocrx_word' id='word_1_267' title='bbox 1180 4227 1212 4303; x_wconf 93' lang='lat' dir='ltr'>si</span> <span class='ocrx_word' id='word_1_268' title='bbox 1232 4224 1436 4330; x_wconf 91' lang='lat' dir='ltr'>Templarii</span> <span class='ocrx_word' id='word_1_269' title='bbox 1456 4253 1546 4303; x_wconf 90' lang='lat' dir='ltr'>eum</span> <span class='ocrx_word' id='word_1_270' title='bbox 1565 4256 1698 4336; x_wconf 86' lang='lat' dir='ltr'>capere</span> <span class='ocrx_word' id='word_1_271' title='bbox 1717 4228 1861 4334; x_wconf 86' lang='lat' dir='ltr'>potuis·</span> 
     </span>
    </p>
   </div>
   <div class='ocr_carea' id='block_1_8' title="bbox 441 4353 1861 4853">
    <p class='ocr_par' dir='ltr' id='par_1_8' title="bbox 441 4353 1861 4853">
     <span class='ocr_line' id='line_1_31' title="bbox 444 4353 1861 4463; baseline 0.004 -36"><span class='ocrx_word' id='word_1_272' title='bbox 444 4369 542 4445; x_wconf 90' lang='lat' dir='ltr'>sent,</span> <span class='ocrx_word' id='word_1_273' title='bbox 566 4370 604 4430; x_wconf 90' lang='lat' dir='ltr'>et</span> <span class='ocrx_word' id='word_1_274' title='bbox 625 4355 694 4432; x_wconf 90' lang='lat' dir='ltr'>nisi</span> <span class='ocrx_word' id='word_1_275' title='bbox 724 4358 803 4463; x_wconf 88' lang='lat' dir='ltr'>ejus</span> <span class='ocrx_word' id='word_1_276' title='bbox 823 4359 932 4434; x_wconf 92' lang='lat' dir='ltr'>amici</span> <span class='ocrx_word' id='word_1_277' title='bbox 956 4358 1002 4434; x_wconf 93' lang='lat' dir='ltr'>ad</span> <span class='ocrx_word' id='word_1_278' title='bbox 1024 4357 1262 4434; x_wconf 89' lang='lat' dir='ltr'>redeundum</span> <span class='ocrx_word' id='word_1_279' title='bbox 1281 4353 1554 4459; x_wconf 90' lang='lat' dir='ltr'>compulissent</span> <span class='ocrx_word' id='word_1_280' title='bbox 1568 4357 1769 4449; x_wconf 83' lang='lat' dir='ltr'>eumdem;</span> <span class='ocrx_word' id='word_1_281' title='bbox 1793 4385 1861 4434; x_wconf 89' lang='lat' dir='ltr'>nec</span> 
     </span>
     <span class='ocr_line' id='line_1_32' title="bbox 443 4483 1861 4593; baseline 0.004 -36"><span class='ocrx_word' id='word_1_282' title='bbox 443 4511 556 4561; x_wconf 91' lang='lat' dir='ltr'>ausus</span> <span class='ocrx_word' id='word_1_283' title='bbox 577 4483 709 4562; x_wconf 86' lang='lat' dir='ltr'>fuisset</span> <span class='ocrx_word' id='word_1_284' title='bbox 724 4487 864 4576; x_wconf 88' lang='lat' dir='ltr'>redire,</span> <span class='ocrx_word' id='word_1_285' title='bbox 889 4487 959 4561; x_wconf 92' lang='lat' dir='ltr'>nisi</span> <span class='ocrx_word' id='word_1_286' title='bbox 982 4487 1163 4564; x_wconf 91' lang='lat' dir='ltr'>dominus</span> <span class='ocrx_word' id='word_1_287' title='bbox 1186 4515 1249 4563; x_wconf 82' lang='lat' dir='ltr'>rer</span> <span class='ocrx_word' id='word_1_288' title='bbox 1270 4485 1424 4562; x_wconf 85' lang='lat' dir='ltr'>Francia</span> <span class='ocrx_word' id='word_1_289' title='bbox 1444 4513 1513 4590; x_wconf 92' lang='lat' dir='ltr'>pro</span> <span class='ocrx_word' id='word_1_290' title='bbox 1538 4486 1619 4593; x_wconf 89' lang='lat' dir='ltr'>ejus</span> <span class='ocrx_word' id='word_1_291' title='bbox 1643 4485 1861 4563; x_wconf 89' lang='lat' dir='ltr'>reconcilia-</span> 
     </span>
     <span class='ocr_line' id='line_1_33' title="bbox 442 4612 1860 4721; baseline 0.004 -36"><span class='ocrx_word' id='word_1_292' title='bbox 442 4612 548 4688; x_wconf 90' lang='lat' dir='ltr'>cione</span> <span class='ocrx_word' id='word_1_293' title='bbox 562 4615 837 4693; x_wconf 90' lang='lat' dir='ltr'>intercessisset.</span> <span class='ocrx_word' id='word_1_294' title='bbox 851 4615 981 4692; x_wconf 88' lang='lat' dir='ltr'>Credit</span> <span class='ocrx_word' id='word_1_295' title='bbox 994 4616 1097 4719; x_wconf 89' lang='lat' dir='ltr'>quod</span> <span class='ocrx_word' id='word_1_296' title='bbox 1112 4615 1242 4692; x_wconf 88' lang='lat' dir='ltr'>illicita</span> <span class='ocrx_word' id='word_1_297' title='bbox 1250 4614 1454 4693; x_wconf 80' lang='lat' dir='ltr'>consessata</span> <span class='ocrx_word' id='word_1_298' title='bbox 1467 4643 1535 4721; x_wconf 90' lang='lat' dir='ltr'>per</span> <span class='ocrx_word' id='word_1_299' title='bbox 1543 4643 1631 4693; x_wconf 90' lang='lat' dir='ltr'>eum</span> <span class='ocrx_word' id='word_1_300' title='bbox 1642 4634 1764 4693; x_wconf 89' lang='lat' dir='ltr'>essent</span> <span class='ocrx_word' id='word_1_301' title='bbox 1773 4632 1860 4692; x_wconf 87' lang='lat' dir='ltr'>nota</span> 
     </span>
     <span class='ocr_line' id='line_1_34' title="bbox 441 4739 1859 4853; baseline 0.003 -39"><span class='ocrx_word' id='word_1_302' title='bbox 441 4739 617 4819; x_wconf 84' lang='lat' dir='ltr'>fratribus</span> <span class='ocrx_word' id='word_1_303' title='bbox 638 4744 797 4836; x_wconf 88' lang='lat' dir='ltr'>ordinis,</span> <span class='ocrx_word' id='word_1_304' title='bbox 824 4761 862 4821; x_wconf 89' lang='lat' dir='ltr'>et</span> <span class='ocrx_word' id='word_1_305' title='bbox 884 4745 988 4849; x_wconf 94' lang='lat' dir='ltr'>quod</span> <span class='ocrx_word' id='word_1_306' title='bbox 1013 4743 1135 4822; x_wconf 92' lang='lat' dir='ltr'>dictus</span> <span class='ocrx_word' id='word_1_307' title='bbox 1161 4745 1337 4853; x_wconf 87' lang='lat' dir='ltr'>Magister</span> <span class='ocrx_word' id='word_1_308' title='bbox 1354 4745 1473 4824; x_wconf 64' lang='lat' dir='ltr'>etalii,</span> <span class='ocrx_word' id='word_1_309' title='bbox 1492 4745 1626 4823; x_wconf 89' lang='lat' dir='ltr'>eadem</span> <span class='ocrx_word' id='word_1_310' title='bbox 1648 4745 1777 4823; x_wconf 90' lang='lat' dir='ltr'>illicita</span> <span class='ocrx_word' id='word_1_311' title='bbox 1800 4743 1859 4819; x_wconf 87' lang='lat' dir='ltr'>vel</span> 
     </span>
    </p>
   </div>
   <div class='ocr_carea' id='block_1_9' title="bbox 0 0 2120 5956">
    <p class='ocr_par' dir='ltr' id='par_1_9' title="bbox 0 0 2120 5956">
     <span class='ocr_line' id='line_1_35' title="bbox 0 0 2120 5956; baseline 0 0"><span class='ocrx_word' id='word_1_312' title='bbox 0 0 2120 5956; x_wconf 95' lang='lat' dir='ltr'> </span> 
     </span>
    </p>
   </div>
  </div>
 </body>
</html>
