4230 5956
704 459 898 554 procus
924 480 1020 552 ons
1045 474 1344 551 ruurmnus.
1658 474 1731 549 aas

316 622 511 702 missiones
525 620 572 697 de
588 620 827 698 observandis
840 621 984 697 statutis
997 638 1034 695 et
1050 619 1202 697 secretis
1217 617 1304 692 dicti
1327 615 1485 702 ordinis,
1503 631 1540 690 et
1557 618 1732 693 mantello

316 757 362 831 ad
376 753 512 831 collum
529 753 665 857 posito,
679 767 845 857 aportata
854 749 926 827 fuit
940 749 1010 827 sibi
1025 749 1188 854 quedam
1200 776 1305 834 crux,
1320 764 1357 823 et
1366 745 1533 850 precepit
1545 745 1613 821 sibi
1629 748 1734 851 qnod

315 884 514 989 abnegaret
529 884 683 958 Jhesum
699 882 912 969 Christum,
932 898 968 957 et
985 881 1089 984 quod
1109 894 1259 982 spueret
1277 905 1385 981 snpra
1403 902 1568 963 crucem3
1591 893 1629 950 et
1648 877 1732 980 quia

315 1014 440 1091 noluit
458 1013 597 1099 lacere,
620 1011 692 1087 fuit
712 1012 751 1088 in
764 1011 929 1116 prisione
943 1038 1011 1114 per
1026 1009 1193 1085 triduum
1210 1009 1247 1083 in
1269 1036 1363 1112 pane
1385 1023 1423 1082 et
1437 1033 1542 1110 aqua.
1565 1006 1611 1081 Et
1629 1021 1733 1096 tnnc,

315 1145 452 1219 timore
472 1142 623 1226 mortis,
645 1140 838 1246 abnegavit
861 1142 1016 1217 lhesum
1037 1140 1243 1225 Christum,
1265 1156 1303 1214 et
1322 1137 1423 1242 spuit
1443 1164 1554 1240 supra
1574 1165 1733 1214 crucem.

317 1273 529 1378 Requisitus
555 1273 603 1348 de
629 1270 773 1358 osculo,
801 1271 892 1347 dixit
918 1298 986 1376 per
1007 1271 1260 1375 juramentum
1290 1297 1400 1345 suum
1424 1267 1527 1372 quod
1552 1267 1736 1343 oscidauu

317 1402 389 1479 fuit
409 1430 496 1479 enm
524 1403 561 1476 in
586 1401 765 1479 umbilico
790 1417 826 1477 et
852 1404 892 1476 in
917 1428 981 1477 ore
1006 1399 1256 1476 solummodo.
1281 1398 1383 1475 Dixit
1407 1399 1522 1475 eciam
1547 1426 1614 1502 per
1632 1398 1736 1503 jura·

318 1549 485 1607 mentum
505 1559 616 1607 sunm
636 1530 740 1636 quod
764 1531 974 1637 injunctum
999 1530 1068 1606 luit
1092 1530 1162 1606 sibi
1187 1530 1291 1635 quod
1314 1529 1469 1606 omnino
1492 1529 1695 1607 abstineret
1717 1558 1736 1603 a

316 1659 554 1747 mulieribus,
572 1679 610 1737 et
626 1660 730 1765 quod
743 1660 773 1737 si
787 1661 888 1736 calor
899 1660 1076 1736 natxualis
1095 1676 1261 1735 moveret
1280 1687 1383 1745 eum,
1404 1659 1509 1763 quod
1522 1658 1738 1734 commisce-

317 1806 374 1865 ret
389 1817 428 1865 se
448 1818 534 1866 oum
551 1789 724 1866 fratribus
745 1791 838 1878 suis,
861 1807 898 1866 et
918 1792 990 1868 hoc
1006 1791 1108 1866 idem
1127 1789 1173 1865 eb
1187 1790 1267 1865 aliis
1286 1805 1485 1892 pateretur.
1499 1788 1600 1866 Dixit
1620 1789 1735 1864 eciam

316 1947 384 2023 per
395 1919 647 2024 juramentum
667 1948 778 1996 suum
791 1921 893 2024 quod
912 1919 1032 1995 credit
1040 1919 1145 2022 quod
1158 1918 1219 1993 alii
1231 1919 1364 1994 eodem
1374 1918 1489 1993 modo
1499 1919 1733 2022 recipiantur.

374 2042 624 2152 Interrogatus
636 2065 761 2124 utrum
775 2050 827 2133 vi,
841 2047 1015 2124 velmetu
1030 2048 1183 2124 carceris
1199 2046 1256 2124 vel
1272 2064 1560 2136 tormentorum,
1576 2047 1736 2153 aliquem

319 2175 452 2251 dixerit
470 2175 664 2252 falsitatem
680 2194 745 2253 ant
762 2176 1006 2253 immiscuerit
1028 2177 1065 2251 in
1086 2176 1324 2280 deposicione
1347 2205 1428 2263 sua,
1448 2177 1540 2253 dixit
1558 2206 1626 2282 per
1639 2180 1736 2283 juru-

318 2322 487 2382 mentum
508 2307 613 2410 quod
635 2307 860 2395 nontimmo
879 2306 970 2383 dixit
983 2307 1186 2383 veritatem.

374 2568 468 2640 ltem
490 2563 603 2640 frater
624 2564 849 2668 Reginaldus
874 2562 921 2642 de
945 2565 974 2641 F
977 2565 1138 2652 ontanis,
1166 2565 1269 2643 etatis
1292 2565 1443 2671 triginta
1468 2594 1652 2644 annorum
1678 2570 1737 2647 vel

320 2694 431 2779 circa,
453 2693 600 2799 juratus
625 2693 759 2769 eodem
783 2694 899 2771 modo
924 2712 961 2771 ct
983 2694 1185 2798 requisitus
1209 2695 1257 2769 de
1281 2711 1450 2799 tempore
1476 2715 1514 2771 et
1534 2699 1648 2774 ruodo
1667 2727 1734 2775 sue
1848 2682 1852 2687 ¹

320 2823 563 2928 recepcionis,
582 2823 675 2900 dixit
692 2851 760 2927 per
770 2824 1022 2929 juramentum
1044 2851 1153 2900 suum
1168 2825 1272 2929 quod
1286 2824 1357 2901 luit
1376 2842 1545 2929 receptus
1566 2827 1604 2901 in
1621 2827 1734 2906 domo

321 2953 368 3027 de
388 2950 586 3030 Coloribus
606 2954 644 3028 in
663 2954 751 3044 Ota,
769 2981 837 3057 per
856 2953 1005 3029 fratrem
1026 2955 1070 3029 H.
1093 2953 1141 3030 de
1161 2954 1345 3041 Parando,
1368 2954 1498 3031 decem
1519 2957 1605 3032 anni
1630 2974 1732 3045 sunt,

320 3083 554 3186 presentibus
577 3083 688 3160 fratre
708 3087 865 3190 Hugone
883 3085 935 3161 de
953 3084 1097 3163 Cbalou
1118 3101 1254 3189 nepote
1276 3085 1363 3161 dicti
1387 3085 1509 3162 fratris
1532 3088 1575 3162 ll.
1593 3088 1640 3163 de
1667 3090 1733 3165 Pa·

319 3212 454 3299 raudo,
476 3231 513 3290 et
538 3213 764 3318 quibusdam
782 3214 863 3291 aliis
884 3214 932 3292 de
952 3242 1114 3319 quorum
1136 3215 1352 3292 nominibus
1376 3242 1451 3290 nou
1469 3215 1612 3293 recolit,
1635 3218 1779 3303 Dixit

321 3345 436 3419 eciam
470 3371 537 3447 per
560 3345 817 3450 juramentum
848 3372 959 3423 suum
981 3344 1101 3450 quod,
1122 3363 1207 3450 post
1235 3345 1371 3422 multas
1393 3347 1659 3450 promissiones
1687 3348 1735 3425 de

321 3473 464 3568 statutis
484 3491 522 3550 et
544 3477 695 3552 secretis
719 3475 806 3552 dicti
828 3475 971 3553 ordinis
993 3475 1232 3553 observandis
1252 3475 1379 3561 lamas,
1405 3476 1528 3551 dictus
1554 3477 1736 3577 recipiens

322 3602 486 3679 ostendit
499 3603 569 3680 sibi
586 3630 735 3682 crucem
747 3607 785 3681 in
800 3605 965 3709 quodam
976 3604 1130 3694 missali,
1145 3623 1183 3681 et
1196 3606 1362 3709 precepit
1377 3604 1447 3680 sibi
1460 3605 1564 3708 quod
1578 3605 1734 3680 lhesum

321 3730 511 3806 Christum
525 3732 740 3837 abnegaret,
757 3750 793 3808 et
805 3733 908 3837 quod
920 3748 1069 3836 spueret
1083 3760 1192 3836 supra
1201 3760 1364 3820 crucem,
1380 3733 1443 3836 qui
1457 3732 1543 3807 lecit
1554 3732 1732 3835 predicta.

322 3858 420 3934 Dixit
440 3862 555 3935 eciam
574 3888 643 3964 per
656 3862 910 3967 juramentum
931 3888 1039 3936 sunm
1059 3861 1164 3965 quod
1185 3861 1370 3937 osculatus
1390 3859 1462 3935 fuit
1479 3860 1619 3936 dictum
1645 3862 1735 3935 reci-

322 3986 486 4089 pientem
514 3991 553 4065 in
583 3994 648 4067 ore
673 4006 711 4067 et
734 3991 773 4065 in
803 3989 982 4068 umbilico
1002 4007 1041 4066 et
1063 3989 1101 4065 in
1125 3988 1201 4067 [ine
1226 3991 1330 4095 spine
1354 3990 1466 4066 dorsi.
1493 3990 1592 4067 Dixit
1620 3991 1734 4066 eciam

322 4142 390 4217 per
398 4115 652 4219 juramentum
671 4147 783 4195 suum
798 4120 902 4225 quod
921 4119 1126 4225 injunctum
1147 4120 1217 4195 fuit
1238 4120 1307 4195 sibi
1328 4118 1430 4223 quod
1449 4122 1604 4196 omnino
1623 4121 1737 4197 absti-

323 4259 429 4319 neret
443 4273 464 4320 a
480 4245 715 4339 mulieribus,
730 4266 768 4324 et
780 4249 812 4326 si
824 4248 924 4325 calor
937 4247 1112 4325 naturalis
1128 4264 1293 4325 moveret
1308 4276 1412 4336 eum,
1425 4250 1684 4328 commisceret
1696 4280 1736 4326 se

324 4400 409 4449 cnm
429 4374 510 4451 aliis
529 4373 720 4467 fratribus,
742 4394 779 4453 et
798 4378 872 4453 hoc
890 4378 992 4454 idem
1009 4377 1058 4453 de
1077 4377 1157 4453 aliis
1176 4376 1350 4456 fratribus
1365 4397 1564 4485 pateretur.
1586 4380 1687 4457 Dixit
1701 4398 1738 4455 et

323 4532 391 4608 per
404 4503 662 4609 juramentum
679 4533 789 4583 sumn
808 4507 911 4612 quod
931 4506 1049 4585 credit
1065 4508 1169 4613 quod
1185 4535 1317 4585 omnes
1333 4509 1394 4586 alii
1415 4509 1526 4587 simili
1547 4510 1660 4587 modo
1677 4538 1738 4587 re-

325 4634 516 4737 cipiantur.

380 4765 594 4869 llequisitus
607 4782 736 4843 utrum
747 4765 797 4858 vi,
819 4764 876 4843 vel
887 4782 992 4845 metu
1012 4769 1167 4845 carceris
1187 4770 1243 4847 vel
1262 4782 1555 4863 tormentorum,
1575 4771 1737 4879 aliquam
