4230 5956
475 484 548 555 370
858 460 1053 551 PROCES
1080 477 1176 549 DES
1201 478 1498 553 TEMPLIERS.

527 622 574 696 Et
588 648 657 726 ego
676 617 834 695 lacobus
850 618 898 695 de
911 618 1060 696 Virtute
1081 618 1238 695 clericus
1252 618 1554 697 Cathalaunensis
1569 619 1743 708 diocesis,
1761 621 1885 727 publi-

473 778 538 829 cus
551 748 733 854 imperiali
752 747 968 824 auctoritate
983 748 1166 835 notarius,
1189 748 1481 827 confessionibus
1500 750 1689 854 premissis
1706 767 1744 826 et
1763 750 1884 827 omni-

472 880 543 958 bus
562 879 642 956 aliis
663 896 699 954 et
725 877 895 983 singulis,
917 893 1030 981 prout
1048 879 1087 952 in
1105 878 1269 983 presenti
1296 895 1393 954 carta
1412 906 1478 955 seu
1497 878 1600 982 pecia
1619 906 1729 982 supra
1749 894 1787 954 et
1804 907 1884 982 pre-

473 1010 620 1086 cedenti
636 1008 742 1113 siguo
758 1034 843 1083 meo
858 1007 1008 1114 signatis
1027 1006 1276 1095 continentur,
1299 1035 1451 1113 presens
1465 1007 1615 1083 interfui
1631 1035 1717 1084 cum
1726 1007 1882 1084 testibus

472 1138 730 1243 suprascriptis
746 1154 782 1213 et
797 1138 973 1242 magistro
983 1136 1124 1213 Amisio
1139 1136 1185 1213 de
1200 1135 1403 1215 Aureliano
1417 1138 1561 1215 notario
1575 1137 1744 1244 publico,
1761 1165 1818 1223 ac,
1835 1136 1882 1211 de

472 1268 648 1345 mandato
669 1266 825 1372 predicti
845 1267 1102 1354 commissarii,
1123 1267 1161 1341 in
1182 1266 1256 1343 hoc
1271 1267 1519 1343 instrumento
1539 1265 1692 1372 publico
1712 1294 1775 1343 me
1795 1264 1883 1340 snb-

472 1397 598 1503 scripsi
620 1398 658 1471 in
679 1396 933 1473 testimonium
954 1395 1237 1500 premissorum,
1268 1396 1439 1503 illudque
1466 1397 1570 1504 signo
1596 1423 1681 1473 meo
1702 1395 1812 1474 solito
1834 1395 1883 1469 si·

471 1528 577 1632 gnavi
598 1543 758 1633 rogatus.

527 1788 570 1862 In
581 1784 717 1864 Christi
730 1786 884 1862 nomine
898 1812 1018 1860 amen.
1032 1782 1155 1860 Pateat
1171 1785 1350 1862 universis
1363 1813 1431 1890 per
1443 1785 1515 1863 hoc
1523 1812 1676 1889 presens
1685 1783 1881 1892 publicum

472 1917 763 1993 instrumentum
784 1915 888 2020 quod
907 1941 1005 1990 anno
1026 1913 1176 1991 Domini
1199 1914 1400 1991 millesimo
1421 1916 1684 1991 trecentesimo
1705 1915 1879 2016 septimo,

471 2046 661 2122 indicione
677 2064 794 2134 sexta,
815 2043 1051 2150 pontificatus
1071 2044 1290 2121 sanctissimi
1310 2045 1425 2151 patris
1438 2062 1475 2121 et
1486 2043 1630 2121 domini
1647 2043 1788 2119 domini
1802 2042 1884 2120 Cle·

471 2177 608 2252 mentis
631 2175 754 2250 divina
772 2176 1003 2279 providentia
1022 2202 1117 2279 pape
1138 2176 1259 2280 quinti
1280 2202 1378 2252 anno
1398 2174 1581 2262 secundo,
1604 2173 1664 2249 die
1684 2172 1783 2249 lovis
1802 2188 1884 2277 post

473 2302 642 2381 octabam
666 2303 847 2379 Omnium
869 2303 1108 2390 Sanctorum,
1130 2303 1271 2379 scilicet
1293 2332 1390 2380 nona
1412 2303 1473 2381 die
1494 2302 1722 2393 novembris,
1743 2301 1781 2376 in
1800 2329 1883 2405 pre-

472 2431 594 2508 sencia
623 2430 783 2536 religiosi
808 2447 847 2505 et
869 2429 1014 2506 honesti
1040 2430 1106 2504 viri
1137 2428 1258 2506 fratris
1281 2431 1421 2508 Nicolai
1448 2432 1495 2509 de
1520 2432 1718 2510 Anessiaco
1743 2430 1883 2507 ordinis

471 2560 626 2637 botrum
651 2559 944 2646 Prodicatorum,
972 2554 1213 2636 commissarii
1237 2559 1312 2636 dati
1333 2589 1353 2635 a
1372 2560 1548 2667 religioso
1570 2578 1608 2636 et
1627 2561 1786 2637 honesto
1804 2560 1882 2635 viro

472 2690 584 2767 fratrc
604 2688 808 2769 Guillelmo
829 2689 876 2765 de
897 2688 1057 2765 Parisios
1077 2689 1166 2765 dicti
1186 2688 1347 2778 ordinis,
1373 2689 1594 2796 inquisitore
1619 2690 1782 2766 heretice
1801 2717 1884 2794 pra-

470 2820 592 2897 vitatis
610 2821 649 2897 in
671 2848 786 2927 regno
803 2821 955 2896 Francie
974 2821 1189 2897 auctoritate
1207 2820 1406 2927 apostolica
1421 2821 1613 2926 deputato,
1636 2837 1806 2896 nostrum
1823 2847 1885 2895 no·

470 2952 651 3028 lariorum
671 2950 912 3057 publicorum
936 2968 973 3026 et
991 2950 1143 3028 testium
1164 2949 1481 3056 infrascriptorum
1499 2950 1689 3056 presencia
1710 2976 1885 3053 persona·

471 3078 557 3155 liter
578 3080 800 3156 constitutus
825 3079 937 3156 frater
958 3080 1130 3156 Nicolaus
1152 3080 1200 3156 de
1220 3081 1328 3157 Sarra
1355 3080 1523 3185 dyocesis
1546 3077 1757 3165 Trecensis,
1780 3079 1884 3154 etatis

470 3232 552 3283 xxvi
573 3235 758 3284 annorum
776 3207 833 3280 vel
855 3209 966 3293 circa,
994 3209 1150 3311 agricola
1180 3209 1218 3282 in
1244 3209 1420 3285 domibus
1442 3208 1490 3283 de
1510 3207 1709 3287 Villaribus
1734 3207 1882 3311 Templi

471 3337 663 3413 Trecensis
684 3336 864 3440 dyocesis,
882 3335 1026 3439 juratus
1046 3336 1093 3410 ad
1109 3354 1231 3412 sancta
1246 3337 1315 3413 Dei
1330 3337 1526 3440 Evangelia
1535 3353 1629 3412 tacta
1643 3336 1883 3442 corporaliter

472 3466 681 3556 abeodem,
700 3482 735 3540 et
750 3465 951 3569 requisitus
969 3464 1016 3539 de
1032 3494 1070 3540 se
1087 3482 1125 3540 et
1141 3465 1187 3540 de
1203 3465 1285 3541 aliis
1301 3466 1389 3542 dicti
1411 3466 1553 3543 ordinis
1573 3467 1801 3571 superdicto
1818 3467 1883 3540 cri-

472 3597 573 3671 mine
585 3594 716 3670 delatis
736 3612 773 3670 et
794 3595 841 3670 de
861 3595 975 3670 modo
991 3596 1220 3699 recepcionis
1240 3622 1306 3672 sue
1326 3596 1450 3673 dicere
1467 3596 1505 3670 in
1521 3625 1629 3672 causa
1648 3595 1737 3671 fidei
1753 3597 1880 3670 verita-

471 3743 564 3814 tem,
583 3725 675 3800 dixit
691 3753 757 3828 per
769 3725 1022 3828 juramentum
1041 3754 1153 3801 suum
1171 3727 1275 3830 quod
1289 3724 1361 3803 fuit
1375 3743 1545 3831 receptus
1560 3755 1627 3831 per
1643 3725 1791 3801 fratrem
1809 3726 1879 3798 lla-

474 3855 657 3959 dulphuiu
674 3856 720 3930 de
733 3854 893 3945 Gisiaco,
911 3855 950 3929 in
961 3856 1120 3931 crastino
1135 3855 1215 3932 sesti
1232 3857 1502 3961 Assumptionis
1515 3858 1621 3934 beate
1632 3856 1746 3933 Maria
1758 3882 1880 3958 nuper

471 3985 652 4090 preteriti,
680 3985 720 4059 in
746 3984 859 4060 domo
883 3984 929 4060 de
956 3984 1063 4060 Sanci
1088 3987 1283 4064 Trecensis
1311 3987 1485 4072 diocesis,
1511 3985 1743 4093 presentibus
1764 3982 1874 4058 fratre

471 4114 679 4193 Christiano
700 4114 880 4220 clavigero
892 4115 1027 4191 domus
1039 4115 1205 4219 predicte
1220 4115 1404 4205 deSanci‚
1423 4133 1459 4192 et
1474 4115 1585 4192 fratre
1598 4113 1793 4218 Radulplro
1804 4111 1875 4186 lra-

471 4263 525 4321 tre
542 4244 629 4320 dicti
643 4242 829 4332 Baldoini,
851 4261 890 4320 et
901 4243 1010 4321 fratre
1025 4246 1161 4322 Jacobo
1174 4247 1220 4322 de
1236 4247 1364 4322 Saoce.
1383 4247 1477 4322 ltcm
1497 4245 1588 4321 dixit
1604 4273 1673 4349 per
1685 4245 1876 4349 juramen-

470 4393 549 4451 tum
570 4403 680 4451 suum
693 4375 811 4481 quod,
831 4402 874 4451 eo
891 4393 1054 4480 recepto,
1070 4376 1279 4481 juramento
1298 4376 1345 4452 ab
1366 4405 1410 4453 eo
1432 4377 1585 4483 prestito
1606 4375 1653 4451 de
1675 4372 1818 4450 statutis
1840 4389 1876 4445 et

469 4509 618 4585 secretis
631 4507 773 4584 ordinis
788 4507 1041 4595 observandis,
1061 4525 1097 4584 et
1109 4509 1284 4587 mantello
1294 4509 1364 4586 sibi
1380 4511 1427 4586 ad
1440 4509 1578 4586 collum
1595 4509 1735 4614 posito,
1755 4507 1875 4582 dictus

470 4637 687 4741 Radnlphus
707 4638 889 4742 recipiens
908 4635 995 4712 fecit
1011 4638 1081 4714 sibi
1102 4640 1246 4716 ostendi
1263 4641 1450 4745 quandam
1471 4668 1619 4716 crucem
1637 4639 1821 4742 depictam
1835 4637 1874 4709 in

469 4764 631 4868 quodam
647 4765 743 4841 libro
759 4794 842 4841 cum
858 4765 1026 4872 ymagine
1040 4766 1218 4855 crucifixi,
1229 4768 1356 4846 diceus
1368 4767 1438 4844 sibi
1452 4769 1555 4873 quod
1566 4765 1761 4872 oportebat
1772 4763 1874 4867 quod
