4230 5956
384 400 388 410 ’
473 449 547 522 aas
857 427 1054 521 anonas
1081 442 1176 517 nas
1202 446 1503 519 ratramnus.

527 588 662 666 citavit
678 587 832 692 insuper
845 587 949 664 idern
969 586 1136 663 officialis
1149 587 1366 662 auctoritate
1379 585 1545 692 predicta
1563 582 1716 660 fratrem
1729 584 1905 661 Bertho-

471 718 637 797 lorneum
658 716 750 823 [tet]
770 717 880 793 Turri
898 715 1158 823 presbyterum
1181 745 1248 792 seu
1271 713 1502 822 capellanum
1531 713 1621 790 dicti
1641 711 1809 818 Templi,
1834 732 1902 801 ut,

471 848 711 925 incontinenti
731 847 823 923 lacta
843 847 1039 936 citacione,
1056 863 1288 951 compareret
1307 844 1551 952 personaliter
1569 870 1696 921 coram
1710 843 1813 921 dicto
1830 843 1905 919 do-

470 979 576 1055 mino
588 977 757 1084 [episcopo
765 976 795 1082 2]
806 994 843 1053 et
851 977 960 1054 dictis
979 976 1065 1052 viris
1077 977 1243 1083 providis
1251 976 1323 1053 sibi
1336 976 1540 1063 associatis,
1555 974 1656 1080 apud
1665 972 1835 1061 Trulars,
1853 975 1900 1050 in

473 1108 587 1184 domo
599 1107 834 1212 prepositure
850 1105 1019 1213 ejusdem
1032 1105 1139 1182 castri
1158 1106 1207 1182 de
1218 1105 1399 1183 Trulhars
1411 1105 1460 1182 ad
1473 1104 1674 1181 Elnensem
1694 1103 1901 1181 eeclesiam

472 1237 704 1341 pertinentis.
714 1237 790 1330 Qui
803 1237 960 1342 quidem
979 1236 1092 1312 frater
1105 1236 1391 1314 Bartholomeus
1402 1235 1532 1311 volens
1547 1262 1677 1339 parere
1695 1234 1795 1311 dicte
1810 1236 1904 1311 cita-

472 1368 570 1445 cioni
597 1367 645 1443 de
674 1395 713 1443 se
743 1366 853 1455 lacte,
883 1366 1091 1472 comparuit
1111 1366 1173 1442 die
1191 1366 1365 1472 predicta.
1375 1363 1624 1472 personaliter
1641 1392 1765 1443 coram
1788 1364 1902 1442 dicto

472 1497 628 1573 domino
647 1498 821 1602 episcopo
837 1514 875 1572 et
894 1496 973 1573 aliis
990 1526 1100 1602 supra
1118 1497 1318 1573 nominatis
1337 1495 1408 1573 sibi
1425 1495 1628 1586 associatis,
1645 1495 1684 1570 in
1704 1495 1791 1572 loco
1811 1522 1901 1601 pre

472 1625 572 1703 dicto
594 1625 641 1704 de
660 1626 858 1719 Trulhars‚
880 1644 918 1703 et
940 1628 1102 1732 prestitit
1125 1627 1174 1703 ad
1193 1644 1318 1704 sancta
1336 1628 1407 1705 Dei
1427 1625 1626 1733 Evangelia
1644 1624 1901 1731 corporaliter

465 1758 724 1862 juramentum
736 1786 848 1862 super
866 1757 974 1834 dictis
993 1757 1170 1848 articulis,
1188 1775 1226 1834 et
1235 1757 1420 1834 contentis
1435 1756 1474 1832 in
1486 1756 1606 1845 cis,et
1618 1783 1733 1861 super
1746 1754 1830 1831 aliis
1840 1755 1896 1830 de

471 1887 611 1993 quibus
625 1887 913 1994 interrogabitur
921 1917 990 1993 per
1003 1888 1178 1965 eumdem
1193 1887 1387 1965 dominum
1399 1888 1632 1992 episcopum,
1643 1913 1795 1992 puram,
1812 1913 1898 1960 rne-

470 2045 551 2093 ram
571 2035 608 2094 et
626 2017 776 2122 plenam
796 2018 922 2096 dicere
942 2020 1151 2104 veritatem,
1172 2019 1220 2096 de
1239 2046 1280 2096 se
1299 2036 1343 2094 ut
1361 2016 1591 2123 principalis,
1613 2032 1652 2093 et
1669 2015 1719 2092 de
1736 2015 1823 2093 aliis
1840 2016 1900 2091 sic

471 2165 515 2224 ut
531 2150 648 2225 testis.
664 2151 712 2225 Et
725 2149 830 2227 lectis
846 2151 917 2226 sihi
933 2151 1096 2227 articulis
1109 2151 1287 2256 predictis
1302 2166 1340 2226 et
1350 2149 1524 2254 expositis
1535 2149 1575 2224 in
1590 2146 1751 2255 walgeri,
1764 2147 1899 2254 primo

469 2305 584 2381 super
603 2278 726 2382 primo
746 2278 900 2354 articulo
920 2280 1169 2387 interrogatus
1187 2307 1256 2386 per
1276 2279 1418 2357 dictum
1434 2278 1635 2355 dominnm
1649 2277 1894 2381 episcopum,

470 2405 703 2510 respondens
728 2435 797 2512 per
812 2408 1084 2512 juramentum,
1115 2409 1261 2515 negavit
1279 2410 1404 2513 ipsum
1421 2409 1589 2514 primurn
1609 2405 1826 2493 articulum,
1853 2425 1897 2482 et

470 2538 595 2613 omnia
615 2556 653 2614 et
671 2537 814 2645 singula
833 2555 1007 2615 contenta
1025 2540 1065 2614 in
1084 2567 1142 2617 eo.
1163 2541 1204 2615 In
1223 2568 1300 2646 quo
1314 2540 1470 2647 quidem
1482 2536 1637 2615 articulo
1651 2538 1772 2643 agitur
1785 2539 1897 2642 quod

469 2665 508 2740 in
532 2668 751 2774 receptione
777 2670 945 2773 ipsorum
968 2668 1125 2747 fratrum
1153 2669 1224 2775 ipsi
1242 2669 1373 2746 fratres
1388 2671 1584 2777 ,abnegant
1600 2667 1812 2756 Christum,
1833 2667 1893 2742 vel

467 2796 640 2887 lhesum,
661 2798 719 2876 vel
738 2798 968 2876 crucifixum,
988 2800 1141 2877 Addens
1155 2800 1260 2907 quod
1280 2801 1360 2906 ipse
1374 2801 1463 2878 totis
1481 2798 1714 2905 temporibus
1733 2797 1806 2873 vite
1821 2827 1895 2874 sue

468 2954 547 3004 non
569 2929 711 3005 audivit
733 2928 815 3006 steri
843 2931 1079 3007 mencionem
1100 2931 1148 3008 de
1167 2932 1350 3008 contentis
1371 2932 1411 3006 in
1430 2931 1531 3006 dicto
1550 2926 1726 3014 articulo,
1745 2927 1818 3003 nisi
1842 2930 1893 3005 ab

469 3085 515 3134 eo
533 3074 704 3164 tempore
724 3059 814 3135 citra
833 3087 910 3165 quo
925 3061 1021 3166 capti
1034 3059 1188 3137 fuerunt
1206 3059 1337 3137 fratres
1351 3060 1497 3137 ordinis
1515 3057 1731 3165 supradicti.

525 3189 648 3292 Super
661 3187 826 3265 secundo
838 3190 992 3266 articulo
1002 3190 1264 3296 interrogatus,
1277 3192 1579 3297 negavitprorsus
1588 3204 1762 3264 contenta
1773 3189 1812 3263 in
1825 3216 1888 3264 eo.

524 3319 580 3395 Ad
601 3319 758 3395 tercium
773 3319 969 3396 articulum
984 3320 1227 3425 respondens,
1242 3322 1387 3428 negavit
1398 3320 1570 3397 similiter
1581 3336 1755 3395 contenta
1773 3320 1812 3395 in
1827 3347 1889 3395 eo.

524 3451 580 3526 Ad
603 3477 746 3526 uu—vr
766 3451 941 3527 articulos
960 3452 1116 3557 negavit.

523 3581 580 3656 Ad
608 3608 656 3657 vu
680 3581 876 3657 articulum
904 3582 1152 3687 respondens,
1178 3582 1323 3688 negavit
1345 3611 1432 3658 eum
1461 3601 1498 3660 et
1527 3583 1650 3659 omnia
1677 3600 1715 3658 et
1738 3582 1890 3687 singula

468 3727 642 3786 contenta
666 3711 705 3784 in
730 3737 787 3785 eo.
815 3712 1081 3816 Interrogatus,
1104 3712 1209 3818 juxta
1227 3730 1396 3790 tenorem
1420 3713 1509 3788 dicti
1531 3711 1693 3795 articuli,
1715 3714 1744 3787 si
1765 3712 1890 3786 credit

466 3839 656 3916 Christum
675 3841 830 3917 lhesum
845 3841 915 3917 Dei
936 3840 1057 3917 filiurn
1077 3872 1173 3929 esse,
1196 3860 1235 3919 et
1254 3845 1293 3918 in
1314 3872 1380 3919 sua
1400 3845 1631 3919 humanitate
1650 3870 1764 3948 quam
1789 3871 1891 3918 surn-

466 3970 539 4072 psit
552 3971 599 4045 de
615 3988 723 4047 utero
735 3972 895 4078 Virginis
906 3973 1033 4048 matris
1047 4002 1113 4049 sue
1132 4001 1280 4077 passum
1297 4003 1394 4061 esse,
1413 3992 1603 4050 mortuum
1621 3990 1658 4048 et
1671 3972 1887 4077 sepultum,

467 4114 505 4173 et
517 4097 578 4174 die
596 4102 707 4176 tercia
721 4131 741 4176 a
757 4104 915 4177 mortuis
928 4104 1145 4190 surrexisse,
1167 4121 1204 4179 et
1215 4121 1341 4180 utrum
1358 4105 1522 4209 predicta
1537 4104 1649 4180 fuerit
1660 4104 1739 4208 ipse
1756 4132 1890 4208 passus

464 4258 534 4334 pro
554 4230 632 4305 suis
655 4259 701 4304 an
720 4259 808 4308 vero
827 4261 894 4336 pro
915 4235 1050 4309 nostris
1069 4235 1247 4337 peccatis;
1270 4235 1316 4310 ad
1341 4263 1414 4339 que
1442 4233 1635 4339 respondit
1658 4260 1698 4308 se
1729 4233 1887 4309 credere

464 4360 622 4436 firmiter
641 4378 679 4436 et
693 4360 905 4438 nullatenus
921 4364 1091 4440 dubitare
1104 4364 1209 4470 quod
1221 4363 1341 4440 dictus
1356 4365 1542 4442 Dominus
1560 4364 1694 4439 Jhesus
1711 4362 1888 4440 Christus

463 4490 511 4566 sit
531 4510 567 4567 et
585 4491 699 4568 luerit
716 4493 881 4569 l'erbum
904 4495 973 4571 Dei
994 4495 1123 4584 Patris,
1148 4512 1186 4571 et
1207 4495 1405 4571 humanam
1430 4513 1598 4570 naturam
1621 4495 1823 4599 sumpserit
1848 4512 1887 4569 et

465 4623 613 4695 traxerit
633 4624 680 4698 de
697 4650 800 4698 sacro
815 4639 922 4699 utero
943 4623 1154 4699 beatissime
1175 4626 1290 4701 Marie
1305 4654 1453 4730 semper
1472 4625 1632 4728 Virginis
1652 4624 1783 4699 matris
1803 4652 1883 4707 sue,

464 4746 503 4820 in
522 4775 598 4850 qno
619 4752 697 4826 sine
718 4751 813 4826 virili
834 4753 975 4829 semine
996 4754 1044 4828 de
1064 4755 1205 4858 Spiritu
1223 4757 1356 4832 Sancto
1377 4756 1447 4831 luit
1464 4772 1682 4859 conceptus,
1700 4771 1738 4830 et
1752 4782 1884 4858 passus
