4230 5956
656 478 851 572 rnocts
881 498 979 570 ons
1008 498 1320 576 rnnrnrnns.
1618 510 1691 580 aaa

279 633 439 712 licencia
453 663 531 713 non
544 637 815 717 confiterentur
828 637 911 716 aliis
925 664 1039 743 quam
1056 638 1313 718 sacerdotibus
1327 640 1487 728 ordinis,
1504 644 1612 749 cujus
1623 645 1695 724 fra-

278 782 364 858 tres,
374 764 513 872 quibus
523 767 759 846 creditnotas'
769 767 882 846 finisse
893 767 1185 875 abnegacionem
1196 786 1235 847 et
1248 769 1481 877 spuicionem
1492 772 1693 875 predictas,

277 891 432 973 luerunt
443 895 690 1004 negligentes,
704 898 790 1006 quia
805 925 883 976 non
899 915 1140 977 correxerunt
1153 927 1223 976 nco
1235 899 1557 977 denunciaverunt
1568 902 1696 981 Eoole⁴

277 1024 342 1102 sie.
363 1024 596 1105 Elemosinas
622 1045 660 1105 et
685 1027 1091 1135 hospitalitatem-vidit
1115 1029 1380 1108 convenienter
1402 1029 1485 1107 fieri
1504 1046 1542 1106 et
1559 1034 1693 1109 servari

279 1154 318 1230 in
341 1154 520 1232 domibus
541 1157 686 1235 ordinis
706 1159 746 1235 in
769 1158 908 1264 quibus
931 1158 1053 1235 extitit
1073 1175 1343 1248 commoratus,
1365 1175 1403 1237 et
1418 1159 1695 1266 precipiebatur

280 1282 446 1390 eisquod
455 1284 553 1362 bene
564 1305 825 1365 conservarent
833 1287 1096 1378 bonaordinis,
1105 1288 1257 1395 etquod
1266 1288 1393 1366 debite
1401 1289 1637 1394 acquirerent
1645 1292 1692 1367 ei.

279 1411 432 1493 Audiuit
445 1413 519 1492 dici
533 1416 638 1523 quod
651 1444 781 1494 corum
797 1417 972 1523 capitolia
984 1410 1172 1524 generalia
1181 1418 1221 1494 in
1234 1444 1366 1495 aurora
1378 1416 1582 1524 aliquando
1593 1435 1695 1497 tene

279 1542 434 1636 bantur,
451 1543 701 1633 clandestine,
717 1545 834 1625 nnllis
846 1545 1084 1652 presentibus
1098 1546 1171 1624 nisi
1190 1545 1368 1640 iratribus
1387 1538 1540 1644 ordinis.
1564 1548 1695 1626 Credit

278 1672 382 1778 quod
400 1673 570 1750 ordinata
584 1702 653 1779 per
667 1675 886 1782 Magistrum
905 1705 991 1753 cum
1012 1693 1198 1754 conventu
1217 1675 1375 1754 luissent
1394 1693 1532 1753 serrata
1553 1677 1593 1751 in
1611 1692 1693 1753 toto

278 1801 428 1894 ordina,
442 1820 481 1881 et
492 1803 597 1910 quod
612 1805 714 1881 nunc
725 1804 880 1913 grandia
893 1805 1082 1896 scandala,
1096 1805 1259 1910 suspicio
1270 1822 1309 1882 et
1319 1803 1473 1880 infamia
1484 1821 1608 1881 exorta
1618 1804 1694 1883 sint

277 1949 406 2010 contra
415 1933 554 2038 ipsum,
573 1951 611 2010 et
627 1936 732 2040 quod
749 1935 871 2011 dictus
890 1935 1067 2042 Magister
1086 1951 1124 2012 et
1142 1933 1205 2010 alii
1225 1933 1518 2040 abnegacionem
1534 1950 1571 2009 et
1590 1933 1693 2038 spui-

278 2060 424 2138 oionem
439 2061 488 2138 de
502 2062 641 2168 qtribos
654 2063 733 2167 ipse
747 2063 852 2139 testis
866 2063 1041 2168 deposuit
1053 2063 1129 2140 sint
1141 2061 1312 2139 confessi.
1325 2061 1437 2138 Plura
1449 2061 1496 2137 de
1509 2061 1694 2138 contentis

278 2187 318 2263 in
345 2187 454 2266 dictis
473 2188 638 2266 articulis
658 2183 752 2266 dixit
769 2217 809 2268 se
828 2190 989 2283 nescire,
1008 2218 1078 2267 nco
1097 2190 1268 2282 credere,
1288 2218 1359 2267 nec
1375 2187 1557 2267 audivisse
1577 2189 1662 2266 dici.

333 2318 549 2425 Requisitus
579 2319 611 2398 si
639 2319 691 2397 sio
716 2321 947 2426 deposuerat·
970 2347 1098 2425 proce,
1127 2336 1322 2427 precepto,
1346 2319 1514 2406 timore,
1545 2346 1691 2409 amore,

278 2446 387 2536 odio,
417 2447 475 2526 vel
498 2447 697 2555 temporali
723 2449 885 2526 comodo
915 2448 1045 2526 habito
1069 2448 1129 2525 vel
1150 2448 1349 2540 babendo,
1371 2447 1567 2553 respondit
1588 2448 1694 2553 quod

277 2570 376 2666 non,
405 2578 472 2655 sed
495 2604 565 2683 pro
583 2577 737 2654 veritate
758 2571 1018 2669 dicenda3-oui
1036 2577 1112 2655 luit
1129 2579 1343 2686 injunctum
1358 2576 1475 2683 ¹quod
1497 2604 1574 2653 non
1588 2605 1694 2655 reve·

276 2706 371 2783 laret
384 2707 481 2783 banc
500 2734 605 2783 suam
628 2706 924 2811 deposicionem,
950 2730 1150 2812 quousque
1177 2706 1436 2784 attestaciones
1458 2703 1600 2781 luerint
1623 2735 1694 2810 pu-

277 2834 434 2925 blicate3
455 2851 493 2912 et
510 2860 587 2912 non
601 2831 789 2912 obtulerat
804 2862 844 2913 se
859 2835 908 2912 ad
922 2833 1196 2911 deffensionem
1212 2833 1369 2910 ordinis.

334 2963 422 3040 Acta
439 2963 593 3040 fuerunt
614 2965 685 3040 bec
704 2962 817 3040 dictis·
835 2963 902 3039 die·
912 2979 950 3039 et
969 2961 1071 3051 loco,
1088 2961 1325 3067 presentibus
1338 2960 1517 3067 magistro
1532 2960 1691 3050 Amisia,

277 3093 608 3171 meFloriamonte
622 3092 841 3181 Dondedci,
858 3108 897 3169 et
910 3091 992 3170 aliis
1006 3091 1160 3169 notariis
1174 3118 1286 3197 supra
1298 3089 1434 3167 ultimo
1449 3090 1667 3167 nominatis

332 3358 422 3434 Post
446 3357 537 3449 beo,
564 3355 626 3432 die
650 3354 827 3433 Mercurii
847 3370 886 3430 et
907 3353 1031 3461 vigilia
1052 3353 1136 3430 festi
1157 3350 1398 3431 Ascencionis
1418 3349 1589 3440 Domini,
1618 3368 1694 3456 quc

277 3485 350 3581 fuit
364 3510 464 3564 xvrrn
486 3487 565 3563 dies
581 3486 671 3563 dicti
687 3485 827 3562 mensis
846 3483 950 3577 maii,
967 3499 1224 3561 convenerunt
1240 3480 1385 3558 domini
1407 3479 1637 3558 Mimatensis
1656 3494 1694 3555 et

278 3614 550 3692 Lemovicensis
564 3614 746 3721 episcopi,
765 3614 940 3691 Matbeus
960 3613 1008 3689 de
1021 3610 1176 3716 Neapoli
1189 3626 1228 3688 et
1239 3609 1523 3687 archidiaconus
1533 3603 1694 3682 Triden-

276 3743 395 3833 tinus,
414 3744 498 3822 aliis
509 3761 551 3822 ut
563 3771 675 3849 supra
694 3743 891 3833 excusatis,
907 3743 947 3817 in
962 3743 1059 3819 dicta
1073 3742 1191 3818 domo
1207 3738 1354 3817 domini
1367 3737 1467 3814 Patri
1489 3735 1537 3811 de
1551 3734 1693 3810 Saban-

278 3872 355 3965 dia,
372 3889 410 3950 et
421 3873 575 3951 bierunt
585 3872 728 3949 ibidem
742 3872 894 3950 adducti
909 3899 979 3977 pro
991 3871 1150 3948 testibus
1163 3870 1210 3946 ad
1224 3867 1456 3973 presenciam
1469 3862 1691 3940 eorumdem

277 4000 407 4079 fratres
429 4005 539 4113 Hugo
569 4004 617 4079 de
641 4003 788 4090 lancae,
814 4000 1043 4080 Guillelmus
1072 3998 1238 4105 Aprilis,¹
1259 3999 1391 4073 Petrus
1415 3991 1595 4075 Macrini,
1616 3990 1693 4066 Du·

280 4128 418 4207 randus
437 4131 649 4223 Cbarnerii‚
670 4132 804 4208 Petrus
822 4130 941 4217 Blavi,
963 4129 1176 4234 Stephanus
1199 4124 1247 4201 de
1271 4122 1452 4215 Collario,
1467 4119 1628 4198 Micbael
1645 4119 1692 4196 de

281 4256 409 4346 Po'dio,
420 4240 555 4335 Petrus
562 4258 748 4337 Ronafont
755 4256 1079 4347 Claramontensis,
1093 4256 1281 4332 lohannes
1291 4251 1483 4331 Sarraceni
1492 4249 1694 4327 Bituricen·

276 4387 342 4476 sis,
366 4402 404 4464 et
422 4388 635 4494 Stephanus
648 4386 824 4466 Gloton'is
843 4383 1117 4464 Lemovicensis
1136 4382 1342 4460 diocesium
1354 4435 1370 4472 ,-
1380 4381 1594 4459 servientes.
1616 4375 1694 4470 Qui

276 4514 383 4594 tactis
404 4517 644 4593 sacrosanctis
663 4516 863 4623 evangeliis
881 4517 1106 4624 jnraverunt·
1128 4513 1254 4589 dicero
1274 4512 1315 4588 in
1338 4513 1410 4589 isto
1434 4508 1591 4616 negocio
1612 4504 1693 4612 pls·

277 4668 366 4731 nam
394 4661 432 4722 et
460 4645 839 4737 meanvarorum,
872 4644 1079 4724 scorndum
1099 4642 1270 4720 lormam
1296 4638 1502 4748 juramenti
1532 4635 1692 4713 aliorum

277 4777 429 4854 testium
450 4775 621 4881 superius
640 4777 887 4882 mgistratum,
911 4775 1115 4882 expositam
1134 4789 1172 4851 et
1190 4771 1450 4878 vulgarizatam
1463 4765 1634 4855 eisdem3
1655 4777 1693 4839 et

384 4911 490 4975 raocis
512 4932 564 4976 ors
585 4933 756 4976 carrucas.
774 4948 809 4960 -
823 4934 855 4973 n.
1505 4905 1544 4964 30
