4230 5956
446 467 521 537 202
824 439 1019 526 PROCES
1052 451 1148 523 DES
1179 451 1485 524 TEMPLIERS.

444 599 728 709 recepcionibus
746 595 903 675 fratrum
923 593 1067 673 ordinis
1088 591 1145 669 vel
1165 609 1249 698 post
1268 610 1392 670 essent
1412 595 1666 672 communiter
1686 614 1774 674 nota
1796 600 1869 676 fra-

443 735 563 813 tribus
588 729 732 810 ordinis
756 743 841 804 ante
864 750 997 802 eorum
1021 723 1253 830 capcioncm,
1281 723 1349 800 sed
1372 752 1450 801 non
1476 725 1677 818 extraneis,
1700 746 1738 805 et
1760 733 1865 836 quod

444 892 601 973 magnus
621 861 797 968 Magister
823 874 860 932 et
885 855 947 932 alii
973 853 1130 933 confessi
1157 853 1299 931 suerint
1321 853 1387 931 illa
1410 883 1485 960 que
1514 854 1639 933 littere
1661 859 1867 964 apostolice

445 994 640 1072 continent
669 1018 734 1067 eos
759 985 948 1064 confessos
975 985 1099 1062 brisso.
1130 986 1213 1061 Non
1239 983 1428 1063 obtulerat
1452 1013 1491 1061 se
1519 986 1566 1063 ad
1593 986 1865 1068 deffensionem

447 1124 601 1203 ordinis.

500 1253 712 1360 Requisitus
732 1250 763 1326 si
783 1250 833 1326 sic
856 1249 1080 1354 deposuerat
1105 1246 1262 1335 timore,
1292 1271 1440 1336 amore,
1463 1246 1569 1337 odio,
1588 1248 1646 1326 vel
1665 1251 1864 1356 temporali

445 1385 607 1464 comodo
629 1379 757 1459 habito
777 1378 834 1456 vel
856 1377 1049 1468 habendo,
1076 1375 1272 1483 respondit
1290 1376 1399 1482 quod
1415 1404 1508 1468 non,
1535 1377 1603 1456 sed
1622 1408 1690 1485 pro
1714 1381 1867 1459 veritate

446 1517 624 1605 dicenda,
654 1531 691 1592 et
715 1513 763 1588 ad
788 1510 1096 1588 exoneracionem
1123 1507 1353 1584 consciencie
1379 1534 1463 1596 sue3
1486 1509 1545 1586 cui
1565 1509 1637 1587 luit
1655 1511 1866 1618 injunctum

445 1646 549 1753 quod
567 1674 643 1722 non
659 1642 838 1720 revelaret
852 1642 947 1716 hanc
958 1669 1062 1717 suam
1078 1638 1376 1745 deposicionem,
1395 1667 1591 1751 quousque
1605 1643 1869 1721 attestaciones

444 1776 584 1853 suerint
602 1772 799 1879 publicate.

500 1907 590 1983 Acta
617 1904 757 1981 fuerint
781 1903 850 1977 bec
876 1900 985 1976 dictis
1011 1899 1071 1975 die
1092 1916 1129 1974 et
1147 1897 1249 1987 loco,
1271 1898 1509 2003 presentibus
1528 1928 1589 1978 me
1608 1901 1866 1980 Floriamonte

444 2035 661 2125 Dondedei‚
687 2030 879 2110 Bernardo
901 2028 1073 2118 Filiholi,
1093 2026 1300 2106 Guillolmo
1316 2027 1522 2136 Radulphi,
1542 2031 1736 2109 bernardo
1751 2033 1867 2108 Hum-

445 2166 548 2244 baldi
570 2184 608 2241 et
627 2167 735 2269 Hugo
754 2161 893 2240 Nicolai
921 2159 1075 2236 notariis
1094 2187 1204 2266 supra
1224 2158 1344 2235 dictis.

501 2427 588 2501 Post
617 2425 704 2509 hec,
733 2422 794 2498 die
819 2420 968 2498 Sabbati
1000 2421 1187 2525 sequenti,
1215 2449 1289 2526 que
1320 2419 1392 2496 luit
1417 2444 1478 2499 vtn
1508 2422 1590 2498 dies
1619 2423 1707 2500 dicti
1727 2427 1866 2502 mensis

444 2556 550 2642 mcii,
582 2553 653 2630 luit
682 2551 868 2629 adductus
895 2550 942 2627 ad
973 2551 1202 2656 presenciam
1234 2550 1457 2628 eorumdem
1477 2552 1734 2631 <dominorum
1762 2584 1865 2632 com-

445 2683 719 2769 missariorum,
740 2683 779 2757 in
811 2681 925 2758 domo
950 2677 1134 2786 predicta,
1163 2677 1276 2756 frater
1293 2677 1527 2758 Guillelmos
1545 2682 1761 2761 Audenbon
1789 2713 1865 2761 ser-

444 2817 565 2905 viens,
587 2810 901 2920 Petragoricensis
927 2809 1103 2900 diocesis,
1136 2809 1242 2886 testis
1275 2837 1389 2916 supra-
1411 2810 1578 2917 juratus,
1595 2829 1638 2888 ut
1659 2814 1868 2920 deponeret

445 2947 589 3023 dictum
618 2972 747 3034 suum,
776 2942 929 3048 triginta
957 2967 1143 3018 annorum
1176 2938 1238 3016 vel
1257 2939 1376 3030 circa,
1407 2939 1630 3019 mantellum
1664 2943 1808 3023 ordinis
1828 2962 1867 3022 et

444 3074 596 3150 barbam
614 3072 820 3160 defferens,
841 3099 926 3148 cum
952 3097 1027 3176 quo
1060 3069 1284 3175 inquisitum
1310 3067 1448 3162 fuerat,
1469 3068 1665 3149 absolutus
1682 3089 1720 3148 et
1736 3102 1864 3152 recon-

444 3202 590 3279 ciliatus
621 3230 688 3307 per
720 3200 917 3277 dominum
944 3200 1161 3306 episcopum
1192 3200 1483 3278 Xantonensem.
1519 3202 1643 3280 Lectis
1671 3221 1797 3282 autem
1828 3225 1867 3283 et

444 3331 645 3436 diligenter
664 3331 839 3436 expositis
870 3329 940 3407 sibi
968 3330 1145 3431 omnibus
1165 3346 1202 3407 et
1223 3329 1381 3439 singulis
1408 3330 1590 3424 articulis,
1612 3335 1807 3439 respondit
1826 3367 1865 3413 se

444 3461 605 3550 nescire,
623 3491 691 3537 nec
706 3461 875 3549 credere,
890 3488 960 3538 nec
977 3460 1159 3538 audivisse
1171 3461 1244 3537 dici
1262 3461 1309 3537 de
1328 3462 1516 3540 contentis
1530 3463 1568 3539 in
1585 3463 1640 3541 eis
1661 3466 1738 3542 nisi
1761 3469 1865 3572 quod

444 3593 625 3699 sequitur,
648 3594 833 3698 quianon
854 3609 1005 3669 steterat
1029 3593 1067 3667 in
1087 3591 1222 3668 ordine
1249 3609 1335 3670 ante
1365 3592 1581 3698 capcionem
1614 3623 1764 3688 eorum,
1793 3599 1862 3673 nisi

442 3752 510 3829 per
525 3751 769 3799 ennumcum
778 3722 939 3803 dimidio
950 3723 1006 3800 vel
1020 3723 1130 3812 circa,
1148 3751 1217 3800 nec
1227 3723 1370 3801 videret
1382 3725 1496 3829 recipi
1510 3725 1581 3803 uisi
1598 3754 1716 3804 unum
1731 3727 1860 3805 alium.

441 3855 524 3957 lpse
544 3871 671 3931 autem
696 3852 816 3930 luerat
842 3870 1028 3959 receptus,
1060 3870 1103 3928 ut
1129 3853 1238 3941 dixit,
1261 3853 1300 3928 in
1320 3851 1461 3958 capella
1482 3853 1617 3933 domus
1639 3855 1787 3961 Templi
1812 3858 1861 3931 de

442 3985 605 4093 Syourac
656 3984 907 4063 Xantonensis
948 3984 1129 4074 diocesis,
1164 3985 1284 4088 prima
1318 3983 1516 4061 Dominico
1549 3985 1859 4093 Quadragessime

442 4117 611 4219 proximo
640 4118 816 4220 preterite
843 4115 997 4193 fuerunt
1024 4116 1150 4194 vanni
1170 4114 1229 4191 vel
1261 4116 1371 4203 circa,
1404 4143 1472 4219 per
1505 4115 1661 4194 buttem
1677 4116 1862 4196 Guausre·

441 4244 532 4320 dum
561 4246 608 4320 de
640 4245 832 4323 Gouavillo
873 4265 1130 4353 preceptorem
1159 4245 1394 4361 Aequitanie,
1424 4246 1661 4350 presentibus
1686 4248 1863 4327 fratribus

443 4377 601 4481 Hugone
631 4378 823 4483 Raynaudi
847 4395 1065 4483 preceptore
1098 4377 1195 4453 dicte
1223 4377 1376 4462 domus,
1408 4377 1471 4484 qui
1499 4375 1692 4455 detinetur
1724 4381 1863 4457 Xanto-

438 4505 515 4594 nis,
549 4505 755 4584 Guillelmo
775 4505 986 4585 Candelarii
1012 4524 1230 4612 preceptore
1259 4507 1396 4586 domus
1416 4507 1491 4584 deu
1517 4507 1661 4599 Deffes,
1682 4511 1748 4616 qui
1765 4509 1840 4587 deti

441 4651 553 4710 netur
576 4637 677 4739 apud
698 4637 876 4714 Sanctum
903 4635 1114 4712 iohannem
1137 4637 1342 4743 Angeliaci,
1369 4638 1524 4715 Petrum
1548 4638 1596 4717 de
1620 4639 1858 4718 Montinhaco

440 4782 696 4867 preceptorem
718 4767 764 4841 de
788 4767 917 4843 Castro
942 4766 1139 4854 bernardi,
1161 4767 1199 4843 in
1223 4768 1325 4846 dicto
1346 4769 1431 4847 loco
1450 4769 1573 4846 Sancti
1596 4768 1774 4847 lobannis
1794 4768 1860 4843 de·
1892 4752 1894 4756 ¹
