4230 5956
713 467 906 562 proces
931 488 1026 561 nes
1052 489 1353 565 rrnrnrrns.
1674 502 1744 575 159
1856 518 1860 525 ·

327 632 487 709 militem
521 628 739 735 quondam,
775 645 1032 736 preceptorem
1063 646 1154 708 tunc
1184 630 1282 708 dicte
1320 631 1478 722 domus,
1508 629 1777 741 presentibus

326 763 501 839 fratribus
528 760 725 869 Aymerico
750 759 831 837 Ada
857 758 1084 865 presbitero,
1116 762 1341 869 Berengario
1368 763 1417 840 de
1441 765 1560 872 Rogas
1589 784 1627 844 et
1652 770 1745 878 Ray·

326 893 472 972 mundo
493 892 639 970 Palcort
658 890 860 983 militibus,
883 890 1099 983 deffunctis,
1121 910 1160 970 et
1178 893 1406 1000 quibusdam
1434 894 1515 975 aliis
1540 897 1745 1004 dequibus

325 1050 401 1103 non
430 1023 578 1114 recolit,
599 1024 639 1099 in
661 1023 764 1100 hunc
788 1022 947 1101 modum
971 1054 980 1098 ε
1002 1052 1089 1099 nam
1116 1053 1203 1101 cum
1232 1025 1511 1131 requisivissent
1529 1028 1745 1108 societatem

327 1157 489 1247 ordinis,
512 1173 550 1234 et
576 1153 785 1233 deliberato
818 1154 974 1233 consilio
1005 1155 1170 1233 finaliter
1188 1155 1242 1234 eis
1263 1158 1522 1249 concessisset,
1545 1176 1582 1236 et
1600 1159 1747 1240 fecisset

327 1316 392 1366 cos
413 1315 543 1394 rogare
567 1289 690 1365 Deum
716 1303 755 1364 et
774 1286 920 1364 beatam
944 1287 1097 1365 Mariam
1125 1288 1192 1394 qai
1213 1287 1417 1396 dirigerent
1437 1317 1521 1382 eos,
1549 1308 1588 1368 et
1607 1295 1746 1398 presci-

325 1419 435 1496 visset
455 1417 502 1495 ab
529 1418 585 1496 eis
610 1446 678 1525 per
701 1417 961 1525 juramentum
987 1419 1091 1525 quod
1107 1446 1194 1496 non
1226 1436 1332 1496 erant
1359 1421 1617 1511 matrintoni0,
1640 1421 1746 1501 alter-i

324 1550 496 1658 religioni
511 1549 573 1628 vel
594 1549 827 1656 debitisque
848 1548 991 1627 solvere
1010 1578 1088 1628 non
1103 1568 1257 1656 possent
1277 1549 1446 1659 obligati,
1468 1581 1538 1630 nec
1557 1552 1746 1631 habebant

324 1679 561 1759 infirmitates
580 1680 756 1770 latentes,
784 1679 882 1759 focit'
894 1707 1109 1759 eos-vovere
1129 1698 1167 1758 et
1187 1684 1315 1790 jurare
1343 1711 1457 1789 super
1475 1685 1678 1791 quemdam
1697 1682 1744 1760 li-

322 1813 433 1889 brum
456 1812 681 1903 castitatem,
702 1810 981 1903 obedienciam,
1004 1828 1043 1888 et
1060 1813 1181 1889 vivere
1210 1813 1290 1889 sine
1311 1813 1481 1918 proprio,
1498 1830 1537 1890 et
1552 1812 1659 1919 quod
1673 1842 1742 1892 suo

320 1970 428 2048 posse
447 1958 636 2019 servarent
656 1940 789 2018 fratres
813 1957 851 2019 et
868 1941 1153 2030 bone-ordinis,
1172 1959 1209 2017 et
1227 1944 1332 2048 quod
1359 1970 1436 2020 non
1454 1943 1670 2020 revelarent
1687 1973 1744 2023 se·

321 2091 419 2149 creta
441 2072 711 2177 capitulorum,
731 2088 769 2148 et
788 2087 976 2148 servarent
994 2069 1117 2148 bonos
1143 2098 1233 2148 usus
1253 2089 1291 2149 et
1309 2069 1428 2148 bonas
1449 2073 1743 2152 consuetudines

323 2203 483 2289 ordinis;
507 2219 545 2280 et
565 2202 748 2308 imposuit
765 2202 819 2279 eis
839 2200 1039 2279 mantellos
1059 2201 1220 2279 dicendo
1237 2201 1424 2310 psalmum
1444 2203 1543 2282 Ecce
1561 2231 1664 2306 quom
1686 2207 1743 2282 bo-

321 2362 415 2421 nnm,
443 2350 481 2411 et
500 2332 601 2411 dioto
619 2332 828 2441 presbitero
857 2332 1007 2419 dicente
1033 2333 1214 2438 quasdam
1242 2334 1434 2411 oraciones
1459 2350 1501 2410 et<
1523 2353 1741 2445 aspergente

321 2492 454 2571 aquam
481 2465 717 2543 benedictam
747 2490 860 2570 super
889 2490 972 2550 eos,
1002 2480 1040 2540 et
1068 2490 1203 2540 omnes
1232 2480 1393 2541 astantes
1423 2463 1579 2544 firerunt
1597 2493 1662 2547 eos
1682 2494 1741 2545 os·

320 2594 432 2672 culati
463 2597 502 2672 in
525 2623 602 2672 ore.
630 2593 878 2672 Postmodum
913 2592 1022 2671 allata
1050 2594 1168 2671 nescit
1196 2621 1265 2700 per
1296 2623 1410 2701 quern
1442 2595 1604 2702 quadam
1632 2624 1740 2674 cruce

320 2725 529 2815 metallina,
554 2726 593 2802 in
620 2753 694 2832 qua
726 2752 803 2802 non
830 2724 924 2801 vidit
942 2724 1155 2832 ymaginem
1188 2724 1388 2816 crucifixi,
1410 2726 1449 2801 in
1478 2743 1575 2803 terra
1603 2727 1738 2832 posite,

320 2857 488 2960 precepit
508 2857 561 2933 eis
579 2856 685 2962 quod
703 2872 882 2963 spuerent
896 2883 1010 2963 super
1028 2882 1133 2947 eam,
1160 2873 1198 2932 et
1217 2856 1297 2960 ipse
1314 2854 1420 2932 testis
1437 2855 1554 2961 spuit,
1576 2874 1614 2933 et
1636 2873 1739 2962 post-

321 2988 478 3063 modum
502 2986 623 3065 dictus
652 2987 912 3095 Raymurtdus3
943 3002 1126 3093 spuerunt
1144 3014 1221 3064 non
1251 3014 1364 3092 super
1383 2985 1451 3064 sed
1474 2988 1580 3095 juxta
1601 2987 1739 3065 dictam

319 3146 486 3207 crucem,
509 3119 598 3225 quia
617 3118 711 3195 dixit
725 3118 830 3225 quod
851 3117 1018 3224 predicta
1038 3133 1144 3195 erent
1164 3118 1213 3195 de
1232 3118 1384 3223 punctis
1401 3118 1561 3207 ordinis,
1584 3134 1622 3195 et
1635 3119 1740 3224 quod

319 3251 528 3328 secundum
557 3278 599 3326 ea
617 3266 790 3357 poterant
813 3248 1009 3325 carnaliter
1028 3248 1264 3327 commisceri
1289 3248 1372 3326 aliis
1390 3247 1568 3327 fratribus
1583 3249 1739 3328 'ordinis

319 3399 356 3457 et
372 3358 444 3487 ipsi
463 3408 548 3457 cum
573 3382 644 3471 eis;
665 3381 738 3458 hoc
760 3396 888 3456 tamen
908 3405 986 3457 non
1001 3376 1090 3457 seoit
1105 3379 1185 3485 ipse
1203 3379 1329 3471 testis,
1351 3406 1422 3456 nec
1441 3379 1560 3457 credit
1573 3376 1678 3487 quod
1698 3380 1737 3457 in

319 3513 452 3589 ordine
469 3512 589 3590 fieret.
607 3511 778 3619 Precepit
797 3511 914 3588 eciam
936 3510 1058 3588 dictus
1081 3528 1252 3617 receptor
1279 3511 1333 3588 eis
1359 3509 1465 3617 quod
1479 3509 1740 3589 oscularentur

319 3670 406 3720 eum
434 3645 472 3721 in
491 3671 564 3721 ano
585 3659 622 3720 et
649 3643 687 3718 in
713 3641 911 3730 umbilico,
944 3658 982 3717 et
1000 3639 1070 3747 ipsi
1091 3642 1247 3719 osculati
1279 3640 1432 3719 fuerunt
1461 3669 1549 3719 eurn
1578 3642 1618 3718 in
1649 3664 1739 3719 anca

320 3789 357 3848 et
386 3773 569 3857 umbilico
596 3802 708 3882 super
727 3801 879 3850 carnem
910 3772 1068 3861 nudam,
1092 3790 1129 3849 et
1148 3772 1267 3849 credit
1293 3772 1397 3878 quod
1416 3772 1582 3878 predicta
1611 3768 1738 3849 illicita

191 3966 195 3974 .
318 3922 355 3980 et
387 3905 555 3983 nonalia
585 3905 855 3983 intervenirent
879 3904 1131 3981 communiter
1158 3922 1195 3980 et
1223 3903 1367 4008 ubique
1387 3904 1427 3979 in
1456 3899 1739 4007 recepcionibus

316 4033 480 4112 aliorum
508 4035 665 4112 fratrum
696 4034 857 4125 ordinis,
879 4034 967 4140 quia
996 4034 1088 4110 vidit
1120 4061 1189 4138 per
1216 4032 1395 4108 eumdem
1430 4031 1587 4108 modum
1621 4032 1736 4138 recipi

317 4163 468 4240 fratrem
505 4166 746 4243 Bernendum
781 4164 829 4240 de
849 4166 939 4242 Bort
964 4164 1147 4249 militem,
1191 4163 1256 4267 qui
1290 4160 1436 4267 aufugit
1477 4161 1516 4237 in
1561 4162 1737 4268 capcione

317 4294 497 4381 aliorum,
535 4295 574 4371 in
609 4295 706 4371 dicta
737 4293 892 4398 capella,
930 4311 1018 4370 sunt
1046 4292 1193 4366 circiter
1230 4306 1314 4366 octo
1349 4291 1453 4382 anni,
1484 4319 1552 4399 per
1585 4291 1737 4371 fratrem

316 4425 549 4504 Bernerdum
580 4427 627 4502 de
656 4426 780 4501 ltocha
813 4421 971 4499 militem
1000 4420 1208 4510 Provincie,
1235 4422 1493 4528 preceplorem
1524 4421 1735 4511 Prorineie,

316 4556 380 4663 qui
417 4555 624 4645 detinetur,
659 4572 702 4632 ut
736 4553 872 4641 credit,
904 4551 1001 4631 ultra
1036 4552 1252 4639 Rodanum,
1289 4550 1527 4656 presentibus
1562 4550 1738 4629 fratribus

317 4686 509 4763 Beruardo
540 4684 753 4765 Ginebeudi
788 4683 925 4776 milite,
962 4699 1180 4791 preceptore
1212 4681 1310 4761 dicte
1344 4681 1500 4775 domus,
1531 4679 1738 4761 Guillelmo

317 4817 414 4893 Boea
449 4834 488 4893 et
519 4816 741 4924 Rayrnnndo
767 4815 918 4892 Penaria
944 4813 1207 4905 servientibus,
1240 4813 1402 4890 detentis
1433 4812 1535 4922 apud
1566 4813 1675 4891 Naiac
1695 4813 1735 4888 in
