4230 5956
343 438 415 514 510
727 406 921 500 caocts
948 422 1043 498 ons
1069 424 1367 497 sancctum.

338 575 378 647 in
397 601 453 658 se,
472 589 509 646 et
528 571 608 675 ejus
624 595 772 644 crucem
793 567 976 643 adherant
999 564 1154 671 singulis
1178 565 1283 640 annis
1302 579 1360 639 ter
1380 563 1614 639 veneratione
1637 579 1677 639 et
1698 563 1772 639 de-

340 703 487 779 votione
503 698 637 791 humili
660 716 696 774 et
717 698 863 783 devota,
885 695 998 773 nudis
1015 695 1195 803 pedibus,
1215 696 1254 770 in
1266 694 1334 770 -die
1347 693 1503 772 Veneris
1523 711 1660 783 sancta,
1688 695 1773 771 cul-

339 831 436 911 tellis
451 848 488 908 et
502 828 592 907 oofis
612 829 774 933 capitum
791 826 983 931 depositis,
1002 825 1146 902 exclusa
1161 822 1263 902 omni
1280 810 1524 901 irreverentia
1544 841 1584 900 et-
1599 825 1771 902 immun-

341 961 435 1038 dicia
457 962 502 1038 de
523 960 661 1066 quibus
679 960 716 1034 in
732 957 897 1034 articulis
918 957 1057 1032 mentio
1072 955 1316 1061 litexpressa.

396 1091 539 1198 Adjecit
560 1090 673 1165 eciam
690 1090 809 1193 quod,
821 1105 990 1189 tempore
1005 1087 1263 1191 receptionum
1279 1083 1434 1160 fratrum
1444 1085 1491 1160 ad
1505 1085 1646 1161 dictum
1658 1088 1781 1164 ordi·.

341 1250 443 1309 nem,
468 1237 544 1297 tam
567 1221 751 1325 recipiens
771 1247 884 1325 quam
905 1217 1044 1322 recepti
1065 1216 1226 1293 vicissim
1247 1241 1328 1291 sese
1353 1215 1615 1292 deosculantur
1635 1218 1677 1293 in
1699 1245 1767 1295 ore

339 1369 500 1453 tantum,
529 1351 682 1457 abjectis
713 1350 848 1425 ceteris
878 1346 1221 1426 deosculationibus
1239 1345 1418 1452 turpibus
1437 1362 1475 1421 et
1493 1345 1674 1425 nefandis.
1707 1348 1767 1425 Ad

340 1482 509 1558 osculum
526 1499 651 1558 autem
673 1481 748 1557 oris
765 1481 1014 1556 admittuntur
1034 1478 1121 1554 dicti
1138 1476 1268 1553 fratres
1286 1477 1430 1553 noviter
1449 1476 1586 1581 recepti
1606 1506 1675 1582 per
1692 1477 1767 1554 ira·

338 1629 414 1715 tres
430 1612 520 1688 alios
535 1613 814 1688 circumstantes
830 1627 950 1715 etper
969 1609 1190 1715 recipientes
1205 1608 1339 1692 eciam,
1362 1621 1405 1682 ut
1423 1606 1521 1682 inter
1537 1634 1578 1682 se
1591 1625 1764 1684 mutuam

340 1741 501 1816 habeant
519 1741 726 1828 caritatem,
745 1757 781 1816 et
801 1757 844 1815 ut
863 1766 1009 1843 semper
1028 1737 1187 1814 fraterna
1198 1737 1401 1818 ,dilectione
1417 1753 1580 1813 utantur.

344 1934 348 1946 .
396 1873 488 1946 Item
509 1870 653 1946 dixit'se
675 1897 752 1945 non
771 1867 956 1945 recordari
977 1893 1032 1942 an·
1044 1868 1260 1972 promittant
1275 1865 1494 1971 simpliciter
1506 1864 1564 1941 vel
1575 1865 1707 1971 jurent
1721 1896 1763 1943 se
1889 1956 1893 1963 Ι

340 2027 414 2075 non
430 1998 624 2076 relicturos
639 2016 850 2103 susceptum
864 1997 1037 2073 ordinem
1052 1994 1222 2099 Templi3
1242 1994 1309 2071 sed
1324 1992 1421 2070 bene
1436 1994 1504 2070 scit
1519 1995 1622 2099 quod
1637 1997 1764 2073 statim

339 2157 425 2203 cum
440 2131 578 2235 recepti
594 2145 680 2205 sunt
701 2128 746 2204 ad
763 2128 869 2204 illum
884 2155 952 2232 pro
970 2124 1146 2232 professis
1163 2123 1360 2200 habentur.
1480 2172 1482 2176 2

383 2259 501 2334 ¹Dicte
515 2275 640 2334 autem
652 2258 892 2363 recepciones
903 2256 1059 2334 fratrum
1071 2255 1168 2333 fiunt
1183 2256 1222 2331 in
1236 2255 1380 2361 capella
1391 2255 1526 2332 domus
1536 2256 1655 2332 Mansi
1671 2256 1760 2343 Dei,

340 2385 470 2461 clausis
483 2387 606 2494 januis
632 2387 773 2491 capelle
792 2387 927 2491 ipsius,
950 2404 987 2463 et
1006 2386 1163 2463 exclusis
1182 2383 1357 2462 omnibus
1375 2383 1456 2460 aliis
1472 2401 1598 2487 preter
1616 2384 1760 2463 fratres.

340 2516 414 2589 Nec
435 2542 599 2621 unquam
615 2515 785 2591 interluit
799 2515 838 2590 in
854 2515 1012 2591 aliorum
1031 2515 1201 2592 locorum
1218 2514 1401 2619 capitulis,
1424 2515 1494 2591 nisi
1509 2515 1547 2588 in
1563 2514 1652 2591 solis
1663 2517 1763 2620 capi-

340 2643 428 2720 tulis
448 2645 546 2720 dicte
568 2645 702 2721 domus
718 2646 834 2722 Mansi
854 2645 937 2722 Dei.
967 2653 968 2656 ’
1008 2720 1011 2724 ,
1589 2724 1594 2730 ,

396 2775 453 2850 Ad
472 2775 675 2852 xl—lxxxn
696 2775 869 2851 articulos
886 2774 1081 2862 inclusive,
1098 2774 1295 2880 diligenter
1308 2792 1345 2849 et
1362 2773 1546 2881 sigillatim
1563 2775 1763 2881 interroga-

339 2922 413 2993 tus,
441 2906 669 3010 respondens
693 2906 839 3011 negavit
859 2906 958 3010 ipsos
978 2904 1151 2981 articulos
1176 2920 1214 2980 et
1232 2905 1356 2980 omnia
1372 2922 1410 2980 et
1424 2904 1569 3011 singula
1587 2923 1760 2983 contenta

339 3035 378 3108 in
398 3037 467 3124 eis;
497 3054 649 3140 excepto
674 3036 778 3140 quod
798 3035 988 3112 confessus
1008 3052 1064 3111 est
1084 3035 1189 3142 quod
1207 3035 1286 3139 ipse
1312 3052 1348 3111 et
1374 3035 1487 3111 ceteri
1514 3032 1644 3112 iratres
1668 3036 1758 3114 dicti

340 3163 483 3236 ordinis
501 3181 649 3264 portant
669 3164 842 3240 cordulae
863 3165 910 3238 de
926 3163 1005 3240 lino
1027 3163 1084 3239 vel
1098 3165 1145 3240 de
1161 3191 1299 3270 canape
1317 3192 1430 3269 super
1446 3166 1612 3242 camisias
1631 3167 1759 3242 dedic

340 3306 378 3365 et
393 3291 439 3364 de
453 3308 560 3365 nocte
579 3292 772 3378 continue,
794 3293 839 3366 ad
855 3293 1148 3397 restringendam
1162 3291 1346 3370 lasciviam
1362 3296 1482 3370 carnis
1498 3314 1535 3371 et
1551 3296 1588 3370 in
1606 3297 1758 3402 signum

340 3421 512 3497 castitatis
528 3422 704 3497 seruando
722 3451 838 3528 quam
850 3423 889 3497 in
906 3423 1156 3527 assumptione
1173 3425 1229 3500 sui
1246 3425 1387 3502 ordinis
1399 3426 1664 3531 promiserunt,
1685 3455 1760 3503 non

339 3570 449 3627 tactas
474 3570 598 3628 tamen
618 3554 655 3626 in
678 3554 800 3658 ydolis
820 3555 878 3630 vel
900 3554 1082 3659 capitibus
1098 3556 1315 3661 ydolorum3
1338 3555 1441 3660 quod
1461 3558 1577 3632 nescit
1597 3585 1663 3631 nec
1689 3587 1760 3634 un-

339 3710 448 3784 quam
474 3682 612 3758 audivit
634 3685 864 3760 mentionem
886 3686 965 3760 lieri
994 3713 1148 3790 usquam
1177 3715 1275 3762 nunc
1296 3687 1343 3761 de
1363 3686 1521 3776 eisdem;
1543 3715 1612 3761 nec
1631 3688 1755 3775 scitur,

339 3830 449 3914 prout
459 3812 537 3916 ipse
551 3815 684 3900 credit,
703 3842 769 3918 per
785 3815 946 3919 aliquem
962 3815 1111 3891 fratrem
1127 3817 1213 3892 dicti
1224 3816 1365 3892 ordinis
1379 3817 1472 3921 quid
1488 3819 1534 3892 sit
1550 3817 1704 3922 ydolum
1721 3820 1759 3894 in

338 3942 467 4016 ordine
484 3943 539 4018 vel
557 3944 594 4018 in
610 3943 732 4049 aliqua
746 3963 849 4049 parte
861 3946 989 4049 ipsius.
1005 3948 1078 4021 Nec
1090 3975 1252 4051 unquam
1269 3947 1316 4020 ad
1334 3963 1470 4022 certam
1484 3947 1758 4052 longitudinem

338 4071 394 4145 vel
415 4100 624 4149 mensuram
651 4075 834 4178 recipiunt
855 4076 1026 4151 cordulas
1046 4076 1182 4181 quibus
1207 4105 1314 4152 renes
1340 4105 1471 4154 eorum
1498 4077 1664 4182 cingunt,
1692 4079 1759 4154 sed

338 4229 398 4277 eas
417 4219 566 4303 portant
585 4220 622 4279 et
641 4224 834 4281 assumunt
852 4206 946 4280 sicut
968 4205 1086 4310 placet
1107 4206 1259 4282 eisdem.

392 4334 484 4408 Item
509 4333 697 4411 confessus
725 4353 780 4411 est
799 4335 904 4442 quod
923 4338 1078 4412 modum
1100 4365 1166 4413 sue
1195 4337 1423 4440 receptionis
1444 4337 1513 4442 ipsi
1539 4336 1668 4413 fratres
1689 4366 1759 4413 nec

337 4462 497 4568 aliaque
526 4464 622 4542 frunt
641 4467 680 4541 in
701 4494 831 4542 eorum
853 4467 1020 4571 capitulis
1048 4469 1189 4544 audent
1218 4468 1324 4544 alicui
1353 4469 1530 4556 revelare,
1558 4498 1628 4544 nec
1650 4469 1757 4574 loqui

339 4595 452 4669 eciam
468 4596 514 4671 de
534 4594 606 4672 hiis
623 4598 687 4703 qui
709 4597 760 4671 ihi
782 4579 879 4673 liunt
892 4627 977 4673 cum
997 4598 1170 4674 fratribus
1186 4599 1266 4674 aliis
1282 4599 1371 4675 dicti
1389 4599 1547 4688 ordinis,
1569 4601 1638 4676 nisi
1658 4600 1759 4675 dun-

336 4739 430 4796 taxat
445 4754 528 4799 oum
549 4726 702 4831 illisqui
725 4728 761 4801 in
782 4727 870 4831 ipsis
890 4728 1061 4831 capitulis
1082 4728 1286 4804 siluerunt.
