4230 5956
746 260 780 315 gg.-

693 487 888 581 procus
917 508 1014 580 nas
1043 506 1343 580 rnuemnas.
1643 503 1714 581 am

307 649 459 727 veritate
475 646 654 736 dicenda3
674 645 736 723 cui
754 644 828 724 luit
844 645 1056 757 injunctum
1081 645 1183 762 qood
1209 673 1285 724 non
1304 645 1484 722 revelaret
1502 646 1598 723 hanc
1612 675 1718 724 suam

308 776 605 882 deposicionem,
633 802 830 881 quousque
856 778 1113 852 attestaciones
1132 774 1272 852 luerint
1293 772 1518 881 publicata·¹

365 906 454 982 Acta
488 904 641 981 luerunt
674 905 744 980 bec
775 905 837 981 die
871 890 910 981 et
938 903 1021 982 loco
1049 903 1242 1009 predictis,
1277 902 1513 1009 presentibus
1542 901 1718 1011 magistro

310 1033 470 1121 Amisio,
497 1061 558 1110 me
587 1033 839 1112 Floriamonte
864 1033 1081 1122 Dondedei,
1107 1050 1145 1111 et
1168 1032 1250 1111 aliis
1278 1033 1433 1111 notariis
1451 1059 1563 1139 supra
1583 1031 1718 1111 ultimo

308 1178 520 1240 nominatis.

364 1422 453 1498 Post
471 1421 557 1510 bec,
580 1422 643 1500 die
657 1424 813 1502 Veneris
827 1424 867 1501 in
888 1424 1091 1503 crastinum
1107 1422 1358 1515 Ascensionis,
1380 1452 1455 1531 que
1470 1425 1543 1502 fuit
1559 1450 1619 1501 xxa
1640 1423 1720 1502 dies

311 1549 401 1626 dicti
420 1550 558 1626 mensis
579 1553 683 1642 maii,
710 1551 781 1629 luit
805 1553 989 1630 adductus
1009 1554 1057 1630 ad
1076 1554 1306 1659 presenciam
1323 1554 1579 1661 predictorum
1599 1552 1721 1629 domi·

310 1704 445 1754 norum
470 1680 827 1768 commissariorum,
846 1682 886 1757 in
907 1681 1003 1757 dicto
1020 1682 1136 1759 domo
1157 1682 1300 1760 domini
1326 1683 1425 1758 Petri
1447 1683 1494 1758 de
1515 1680 1717 1772 Sabaudia,

310 1806 424 1882 frater
440 1807 640 1884 Durandus
660 1809 855 1886 Claarnerii
877 1810 1056 1901 serviens,
1082 1810 1401 1888 Claromontensis
1421 1809 1596 1895 diocesis,
1614 1807 1719 1885 tectis

309 1963 421 2039 supra
440 1936 604 2041 juratus,
627 1952 670 2013 ut
687 1936 894 2041 deponeret
920 1938 1063 2013 dictum
1083 1966 1213 2028 auum,
1234 1964 1304 2013 xxx
1321 1964 1507 2013 annorum
1524 1936 1580 2013 vel
1602 1936 1716 2026 eirca,

309 2061 374 2166 qui
398 2062 568 2138 habitum
593 2062 800 2138 voluntarie
825 2064 1015 2140 dimiserat
1035 2080 1073 2140 et
1094 2064 1174 2140 radi
1190 2063 1328 2141 lecerat
1347 2064 1418 2143 sibi
1438 2064 1611 2154 barbam,
1632 2090 1719 2141 cum

310 2218 385 2297 quo
418 2191 640 2295 inquisitum
675 2189 811 2278 luerat,
842 2190 1037 2269 absolutus
1065 2194 1388 2271 et'reconciliatus
1419 2221 1488 2299 per
1520 2193 1717 2271 dominum

309 2317 527 2424 episcopum
553 2318 914 2396 Claromontensem.
951 2323 1071 2399 Lectis
1097 2338 1222 2398 autem
1253 2340 1292 2400 et
1318 2322 1518 2430 diligenter
1545 2324 1718 2428 expositis

310 2447 381 2525 sibi
410 2447 586 2525 omnibus
617 2464 654 2523 et
678 2448 834 2554 singulis
860 2449 1041 2538 articulis,
1070 2452 1267 2557 respondit
1294 2480 1333 2529 se
1361 2453 1520 2542 nescire,
1546 2480 1616 2528 nec
1639 2480 1718 2531 cre·

311 2577 416 2668 dere,
442 2604 512 2653 nec
537 2577 719 2654 audivisse
740 2577 812 2653 dici
831 2576 878 2654 de
901 2581 1086 2657 contentis
1105 2582 1144 2657 in
1163 2581 1218 2659 eis
1239 2582 1311 2657 nisi
1328 2581 1433 2688 quod
1453 2581 1624 2686 sequitur
1641 2612 1650 2657 ε
1666 2582 1720 2658 vi·

311 2705 448 2783 delicet
465 2707 569 2813 quod
581 2708 660 2812 ipse
670 2720 842 2813 receptus
857 2707 995 2800 fuerat,
1016 2710 1055 2785 in
1071 2710 1247 2787 Paschate
1262 2711 1432 2816 proximo
1448 2711 1625 2815 preterita
1638 2709 1720 2787 fue·

310 2853 401 2912 runt
418 2861 479 2914 vm
491 2837 600 2924 anni,
616 2864 685 2943 per
702 2835 853 2913 fratrem
871 2839 1025 2914 Petrum
1039 2839 1086 2914 de
1101 2840 1247 2915 Madian
1266 2840 1476 2945 quondam,
1498 2840 1537 2915 in
1557 2839 1719 2945 quadam

311 2992 455 3040 camera
476 2965 611 3042 domus
623 2965 775 3071 Templi
795 2965 844 3042 de
864 2966 979 3044 Cellis
994 2967 1313 3045 claromontensis
1338 2968 1511 3057 diocesis,
1537 2967 1720 3074 presenti·

311 3093 381 3169 bus
399 3093 574 3170 fratribus
593 3094 764 3170 lobanne
784 3095 949 3172 Senaudi
969 3111 1007 3171 et
1025 3097 1181 3204 Hugone
1204 3096 1416 3185 Charnerii,
1432 3094 1591 3172 testibus
1610 3120 1720 3200 supra

310 3223 543 3311 examinatis,
570 3238 609 3299 et
629 3221 838 3299 Humberto
864 3222 1076 3315 Charnerii,
1102 3224 1168 3331 qui
1195 3223 1340 3331 aufugit
1364 3223 1405 3298 in
1430 3223 1604 3329 capcione
1630 3222 1722 3301 alio-

311 3378 413 3441 rum,
442 3367 482 3428 et
499 3352 681 3430 Durando
705 3353 900 3430 Charnerii
928 3351 1117 3432 defuncto.
1144 3353 1175 3430 Α
1204 3382 1281 3461 quo
1306 3370 1500 3459 receptore
1522 3353 1642 3458 petita
1661 3380 1722 3431 so·

312 3480 443 3557 cietate
473 3481 615 3559 ordinis
650 3497 687 3558 ct
716 3482 750 3559 ei
778 3498 970 3573 concessa,
998 3483 1086 3559 lecit
1117 3512 1206 3561 eum
1234 3502 1366 3561 vovere
1399 3499 1436 3560 et
1457 3483 1584 3589 jurare
1610 3508 1721 3587 supra

312 3611 515 3715 quemdam
546 3611 688 3688 librum
728 3613 950 3703 castitatem,
978 3612 1255 3702 obedienciam,
1286 3614 1409 3690 vivere
1436 3613 1518 3689 sine
1547 3610 1719 3716 proprio,

312 3765 454 3816 servare
473 3741 595 3817 bonos
615 3768 705 3817 usus
719 3741 784 3846 qui
799 3758 889 3818 tunc
909 3757 1014 3817 erant
1032 3743 1071 3817 in
1086 3742 1219 3819 ordine
1240 3742 1360 3846 etqui
1382 3742 1421 3817 in
1438 3757 1632 3845 posterum
1651 3738 1723 3813 im·

311 3887 543 3973 ponerentur
550 3897 619 3976 per
626 3869 845 3978 Magistrum
853 3898 939 3947 cum
952 3870 1110 3947 concilio
1120 3871 1414 3977 presbiterorum
1429 3868 1573 3944 ordinis
1583 3864 1721 3955 ;etim-

311 3997 434 4100 posito
451 3997 737 4087 sibimantello,
762 4016 932 4103 receptor
955 3997 1027 4074 luit
1041 3998 1228 4076 osculatus
1249 4000 1373 4103 ipsum
1392 4010 1526 4071 testem
1547 3994 1586 4068 in
1602 3993 1723 4071 umbi·

313 4123 386 4199 lico
409 4153 519 4228 supra
537 4142 675 4216 vestes,
702 4143 740 4204 et
759 4129 863 4204 testie
881 4128 1005 4232 ipsum
1027 4142 1064 4204 et
1089 4128 1182 4203 alios
1201 4143 1360 4203 astantes
1378 4126 1416 4201 in
1439 4151 1516 4201 ore.
1537 4126 1722 4230 Postque

314 4251 436 4328 dictus
455 4270 626 4358 receptor
647 4254 740 4331 dixit
759 4256 793 4331 ei
810 4255 916 4360 quod
936 4283 979 4331 ex
998 4271 1173 4359 precepto
1197 4254 1340 4331 ordinis
1360 4253 1522 4332 debebat
1539 4254 1722 4359 abnegare

315 4380 486 4465 Jhesum‚
509 4398 547 4458 et
561 4383 640 4487 ipse
655 4384 760 4460 tastis
777 4383 971 4489 abnegavit
992 4410 1072 4470 ore,
1095 4410 1172 4458 non
1196 4383 1319 4460 corde.
1341 4383 1489 4462 Deinde
1511 4382 1620 4458 allata
1637 4408 1726 4487 qua·

315 4509 401 4583 dam
417 4537 526 4586 cruce
544 4510 668 4619 lignea
687 4509 727 4588 in
748 4541 822 4617 qua
851 4528 930 4589 erat
957 4539 1089 4620 ymago
1105 4512 1279 4591 Crucilixi
1297 4541 1365 4619 per
1382 4512 1534 4589 fratrem
1552 4508 1725 4589 Guisber·

312 4653 396 4713 tum
425 4639 473 4714 de
499 4640 647 4718 Carlato
669 4642 953 4748 presbyterum,
985 4642 1220 4732 debinctum,
1251 4642 1316 4747 qui
1345 4643 1461 4719 eciam
1487 4640 1657 4728 adherat,
1687 4654 1726 4716 et

314 4790 424 4872 supra
439 4770 632 4872 quoddam
646 4799 840 4848 emmaum
854 4770 1049 4864 collocata,
1070 4772 1236 4879 precepit
1250 4772 1285 4849 ci
1298 4772 1419 4849 dimus
1436 4786 1608 4875 receptor
1619 4768 1724 4875 quod

419 4908 524 4966 raoolu
546 4925 599 4968 aas
620 4927 886 4968 murmane-u.
1181 4923 1183 4927 ’
1536 4905 1572 4966 31
