4230 5956
427 514 430 520 .
475 456 549 528 sac
861 434 1058 524 raoous
1084 450 1180 523 uus
1206 414 1504 526 runvuruas.

471 592 760 701 precedentibus
781 594 886 698 signo
901 619 987 669 meo
1007 591 1158 699 signatis
1175 592 1422 682 continentur,
1444 620 1519 670 una
1535 621 1619 673 cum
1632 598 1889 704 suprascriptis

469 725 628 805 testibus
653 740 691 801 et
713 722 897 831 magistris
921 721 1062 800 Amisio
1095 722 1142 799 de
1168 722 1368 801 Aureliano
1397 738 1435 800 et
1458 724 1626 802 Johauue
1640 726 1699 803 de
1726 728 1887 805 Pravino

469 855 623 934 notoriis
641 854 817 961 publicis,
833 881 987 959 presens
1007 853 1175 943 interfui,
1200 871 1254 943 et,
1277 854 1324 931 de
1344 854 1520 933 mandato
1538 855 1695 960 predicti
1716 858 1889 933 commis-

469 986 571 1074 sarii,
593 985 681 1062 huic
700 985 948 1062 instrumento
968 1012 1029 1062 me
1049 984 1250 1091 subscripsi
1270 986 1308 1061 iu
1327 985 1582 1063 testimonium
1596 988 1878 1092 premissorum,

468 1115 638 1222 illudque
655 1115 760 1221 signo
780 1142 865 1191 meo
885 1114 995 1193 solito
1022 1116 1158 1224 signavi
1175 1131 1335 1224 rogatus.

523 1378 564 1453 ln
588 1375 727 1454 Christi
747 1377 900 1453 nominc
920 1403 1039 1453 amen.
1064 1378 1191 1455 Pateat
1209 1376 1390 1465 universis
1409 1366 1477 1482 per
1494 1367 1568 1452 hoc
1585 1397 1744 1481 presens·
1761 1378 1887 1483 publi-

467 1534 552 1585 cum
571 1506 878 1595 instrumentum,
897 1508 1002 1613 quod
1015 1534 1111 1584 anno
1121 1506 1273 1584 Domini
1289 1505 1492 1584 millesimo
1507 1519 1588 1584 ooo⁰
1600 1506 1775 1611 septimo,
1790 1507 1887 1584 indi-

467 1638 573 1714 cione
594 1652 708 1725 sexta,
723 1636 960 1742 pontificatus
974 1637 1193 1714 sanctissimi
1213 1636 1326 1743 petris
1342 1653 1380 1712 et
1392 1635 1535 1712 domini
1552 1635 1697 1712 domini
1711 1636 1885 1714 Clemen-

464 1766 513 1844 tia
543 1766 666 1845 divina
692 1766 932 1845 Providencia
956 1794 1050 1873 pape
1076 1767 1200 1874 quinti
1227 1793 1325 1843 anno
1351 1764 1536 1852 secundo,
1572 1764 1633 1840 die
1656 1766 1813 1844 Veneris
1844 1768 1883 1842 in

464 1896 586 2005 vigilia
607 1896 860 2004 apostolorum
879 1898 1053 2004 Symonis
1073 1914 1112 1974 et
1130 1896 1243 1984 lude,
1260 1894 1434 1974 videlicet
1447 1921 1544 1974 xxvu
1565 1895 1628 1972 dic
1643 1895 1822 1983 octobris,
1844 1899 1883 1972 in

464 2029 655 2133 presencia
675 2027 839 2135 religiosi
859 2028 927 2105 viri
947 2027 1068 2105 fratris
1087 2025 1227 2104 Nicolai
1250 2026 1297 2103 de
1315 2025 1485 2102 Anisiaco
1511 2024 1656 2102 ordinis
1674 2024 1884 2103 Predicato-

463 2178 565 2246 mm,
580 2157 820 2233 commissarii
840 2156 916 2233 dati
937 2185 958 2232 a
976 2154 1178 2234 venerabili
1199 2169 1236 2232 et
1254 2153 1428 2261 religioso
1443 2154 1524 2230 viro
1543 2153 1653 2230 fratre
1676 2153 1882 2233 Guillelmo

464 2287 512 2364 de
530 2286 692 2364 Parisios
714 2285 869 2391 predicti
894 2285 1039 2363 ordinis
1059 2286 1355 2372 Predicatorum,
1377 2285 1601 2391 inquisitore
1621 2285 1783 2363 heretice
1801 2316 1884 2392 pra-

462 2414 583 2491 vitotis
605 2415 643 2490 iu
663 2440 777 2519 regno
797 2414 950 2489 Francie
970 2415 1185 2490 auctoritate
1210 2413 1412 2519 apostolica
1432 2413 1625 2519 deputato,
1648 2415 1820 2505 Parisios,
1842 2419 1881 2493 in

463 2541 576 2620 domo
606 2541 772 2648 Templi,
798 2568 867 2648 pro
897 2541 1126 2648 inquirendo
1158 2559 1285 2619 contra
1311 2568 1488 2647 personas
1514 2541 1639 2619 eidem
1670 2543 1880 2651 inquisitori

463 2670 622 2762 dolates,
638 2701 751 2778 super
770 2672 871 2749 dicto
885 2670 1041 2749 crimine
1056 2671 1270 2761 existentes,
1284 2672 1359 2747 mei
1376 2672 1510 2749 notarii
1523 2672 1662 2778 publici
1681 2691 1719 2753 et
1732 2676 1879 2752 testium

461 2802 754 2910 subscriptorum
777 2802 968 2909 presencia
992 2800 1237 2907 personaliter
1263 2802 1482 2880 constitutus
1510 2800 1624 2881 frater
1650 2803 1808 2882 Michael
1834 2806 1880 2882 de
1936 2870 1946 2881 .

462 2934 595 3013 Sancto
626 2936 787 3040 Manuyo
821 2933 1079 3011 Ambiauensis
1110 2932 1284 3020 diocesis,
1310 2931 1467 3037 claviger
1495 2932 1533 3008 in
1563 2932 1677 3009 domo
1694 2934 1754 3011 -de
1783 2935 1882 3011 Lati·

460 3064 592 3169 guiaco
612 3065 736 3151 Sicco,
752 3062 1093 3170 quinquagenarius
1106 3061 1166 3138 vel
1181 3063 1293 3150 circa,
1305 3063 1453 3168 juratus
1472 3062 1520 3138 ed
1538 3080 1660 3139 sancte
1678 3062 1748 3141 Dei
1762 3065 1881 3141 Evan-

459 3190 553 3297 gelia
578 3191 703 3267 eidem
723 3193 927 3297 preposita,
956 3208 992 3267 et
1015 3191 1063 3268 ab
1089 3219 1134 3268 eo
1161 3190 1403 3297 corporaliter
1427 3209 1536 3280 tacta,
1559 3193 1683 3270 dicere
1707 3195 1748 3269 in
1772 3223 1879 3272 causa

460 3319 550 3397 {idei
571 3319 618 3396 de
639 3348 678 3397 se
704 3338 740 3396 et
763 3320 810 3398 de
834 3320 916 3397 aliis
934 3320 1104 3426 personis
1123 3321 1180 3397 sui
1202 3320 1345 3397 ordinis
1360 3321 1507 3427 plenam
1525 3339 1563 3399 et
1581 3323 1764 3429 integram
1783 3325 1879 3402 veri-

458 3466 587 3539 tatem,
615 3467 653 3527 et
676 3451 922 3558 interrogatus
948 3451 994 3527 de
1024 3468 1193 3556 ternpore
1219 3469 1256 3528 et
1285 3453 1399 3529 modo
1423 3452 1653 3559 recepcionis
1679 3482 1763 3545 sue,
1790 3455 1880 3531 dixit

458 3607 526 3687 per
542 3581 797 3687 juramentum
822 3610 932 3658 suum
959 3582 1063 3688 quod
1086 3581 1184 3658 benc
1211 3599 1297 3658 sunt
1315 3608 1402 3660 narn
1427 3582 1513 3658 anni
1539 3583 1597 3660 vel
1622 3584 1717 3660 circa
1745 3587 1875 3690 elapsi,

458 3712 562 3818 quod
581 3713 660 3817 ipse
675 3712 746 3788 suit
764 3729 936 3818 receptus
956 3713 996 3787 in
1022 3712 1134 3789 domo
1160 3712 1207 3791 de
1228 3714 1354 3790 Monte
1380 3712 1605 3800 suessionis,
1636 3740 1705 3818 per
1728 3712 1876 3789 fratrem

458 3842 660 3919 llenricum
676 3843 723 3919 de
733 3841 826 3920 Villa
845 3845 994 3920 Petrosa
1014 3842 1188 3931 militem,
1202 3842 1874 3948 magistrumballivieSuessioueosis,

458 3989 495 4049 et
518 3972 673 4049 fuerunt
694 3990 884 4078 presentes
906 3974 944 4049 in
970 3973 1069 4050 dicta
1089 3973 1308 4079 recepcioue
1333 3972 1446 4051 frater
1470 3972 1683 4078 Arnulpltus
1709 3971 1765 4048 de
1781 3973 1875 4050 Villa

458 4104 613 4191 Saverii,
642 4104 753 4181 frater
780 4104 961 4181 llenricus
991 4103 1186 4210 bergerius
1214 4103 1316 4180 illius
1341 4104 1501 4191 ordinis,
1525 4120 1563 4179 ct
1585 4102 1712 4208 plures
1739 4103 1801 4179 elii
1829 4104 1876 4180 de

457 4259 621 4340 quorum
640 4234 858 4310 nominibus
873 4261 948 4310 non
963 4232 1105 4311 recolit.

511 4366 605 4442 ltem
617 4364 1043 4471 dixitperjuramentum
1053 4392 1164 4440 suum
1174 4363 1289 4469 quod,
1302 4380 1387 4469 post
1396 4364 1655 4469 jurameutum
1669 4361 1715 4438 ab
1731 4391 1776 4440 eo
1792 4392 1876 4469 pre-

455 4493 585 4572 stitum
604 4494 651 4571 de
666 4494 811 4571 statutis
828 4512 865 4570 et
883 4495 1035 4569 secretis
1055 4493 1197 4569 ordinis
1211 4491 1466 4582 observandis,
1486 4493 1659 4601 magister
1678 4493 1871 4599 predictus

457 4623 521 4728 qui
535 4650 623 4700 eum
638 4624 779 4728 recepit
793 4622 919 4729 posuit
931 4620 1000 4698 sibi
1018 4622 1237 4700 mantellum
1244 4622 1292 4699 ed
1305 4621 1459 4710 collum,
1477 4641 1515 4698 et
1528 4640 1657 4726 postea
1673 4623 1751 4728 ipse
1765 4650 1872 4699 oscu-

457 4749 552 4828 latus
570 4751 642 4830 tuit
661 4753 784 4857 ipsum
808 4752 1067 4856 recipientem,
1087 4753 1135 4828 de
1155 4752 1329 4829 mandato
1354 4752 1541 4856 ejusdem,
1568 4770 1607 4828 et
1628 4752 1721 4828 alios
1744 4751 1872 4826 fratres
