4230 5956
793 419 1161 656 raucus

444 945 687 1134 nus
756 888 1510 1140 Taurmnns.

313 1976 453 2053 ¹Frater
472 1979 607 2054 Petrus
632 1977 680 2054 de
702 1978 890 2055 Lanhiaco
915 1979 1173 2056 Noviomensis
1203 1980 1362 2056 diocesis
1385 1981 1563 2068 serviens,
1588 1979 1693 2055 testis

268 2135 380 2211 supra
402 2109 567 2214 juratus,
595 2134 665 2184 xxx
699 2135 886 2184 annorum
915 2107 975 2185 vel
999 2109 1112 2197 circa,
1145 2136 1222 2183 non
1254 2107 1442 2184 defferens
1467 2108 1693 2184 mantellum

270 2229 430 2326 ordinis,
459 2239 545 2344 quia
577 2267 596 2313 a
620 2237 717 2315 sesto
747 2238 1027 2330 Purificacionis
1047 2239 1137 2313 citra
1164 2239 1287 2342 ipsum
1316 2238 1522 2328 dimiserat,
1551 2255 1588 2314 et
1612 2237 1693 2315 radi

268 2365 404 2444 lecerat
419 2365 490 2445 sibi
505 2366 679 2457 barbam,
694 2397 782 2444 cum
803 2394 880 2474 quo
893 2366 1119 2475 inquisitum
1138 2367 1275 2460 suerat,
1298 2367 1495 2446 absolutus
1515 2385 1553 2445 et
1567 2396 1695 2446 recon-

267 2497 413 2575 ciliatus
424 2527 492 2606 per
503 2497 702 2576 dominum
713 2499 1036 2605 archiepiscopum
1043 2502 1267 2578 Remensem
1281 2501 1320 2576 in
1332 2499 1492 2577 concilio
1503 2502 1692 2592 Remensi,

268 2628 374 2706 lectis
398 2646 435 2706 et
457 2629 660 2738 diligenter
678 2631 854 2735 expositis
874 2630 945 2708 sibi
968 2630 1146 2709 omnibus
1166 2647 1205 2706 et
1226 2630 1385 2738 singulis
1409 2631 1591 2722 articulis,
1618 2662 1695 2711 res-

267 2760 402 2864 pondit
416 2787 455 2836 se
471 2759 632 2848 nescire,
650 2789 720 2838 nec
740 2761 911 2850 credere,
928 2789 997 2854 nec
1013 2761 1196 2838 audivisse
1213 2760 1287 2836 dici
1304 2761 1351 2836 de
1366 2761 1552 2837 'contentis
1567 2762 1607 2837 in
1624 2763 1693 2853 eis,

269 2888 339 2967 nisi
360 2891 465 2996 quod
484 2890 582 2967 infra
601 2892 784 2998 sequitur,
806 2892 894 2999 quia
913 2920 991 2969 non
1010 2892 1104 2969 vidit
1118 2891 1283 2998 aliquem
1305 2890 1422 2969 alium
1436 2891 1474 2966 in
1489 2892 1622 2969 ordine
1637 2921 1697 2970 re-

268 3020 358 3125 cipi,
381 3049 451 3098 nec
471 3020 694 3117 interfuerat
704 3023 879 3131 capitulis
893 3024 1129 3101 eorumdem.
1146 3024 1229 3130 lpse
1245 3040 1371 3100 autem
1388 3038 1562 3129 receptus
1574 3021 1696 3099 fuerat

269 3181 336 3259 per
357 3151 511 3231 fratrem
527 3153 738 3233 boherium
755 3155 803 3233 de
819 3172 946 3233 sancto
963 3156 1088 3245 Justo,
1111 3154 1304 3262 quondam
1324 3169 1585 3260 preceptorem
1603 3171 1696 3233 tunc

153 3261 166 3356 i,
267 3283 418 3361 ballivie
439 3286 486 3361 de
500 3285 674 3378 Pontivo,
696 3288 734 3363 in
752 3286 849 3365 sesto
863 3285 1111 3363 Exaltacionis
1125 3287 1259 3364 Sancte
1272 3286 1404 3363 Crucis
1421 3284 1594 3392 proximo
1608 3312 1696 3392 pre—

267 3415 380 3493 terito
394 3414 549 3494 suerunt
564 3445 598 3494 vr
612 3418 712 3508 anni,
728 3418 767 3494 in
786 3418 928 3526 capella
948 3418 1087 3495 domus
1097 3416 1254 3523 ¹Templi
1271 3417 1475 3524 d’Oymont
1484 3416 1524 3493 in
1538 3416 1696 3497 Pontito

268 3546 530 3628 Ambianensis
554 3549 731 3643 diocesis,
757 3550 996 3658 presentibus
1020 3549 1198 3626 fratribus
1218 3551 1328 3625 Petro
1346 3537 1402 3625 ¹de
1423 3547 1559 3639 Lanhi,
1583 3570 1698 3627 atun-

269 3677 356 3754 cnlo
373 3678 490 3784 ipsius
506 3680 629 3770 testis,
651 3681 925 3770 Noviomensis,
948 3680 1014 3787 qui
1035 3709 1113 3757 non
1132 3678 1204 3757 snit
1223 3697 1351 3784 captus
1376 3707 1462 3756 curn
1484 3678 1582 3773 aliis,
1607 3680 1704 3789 qnia

269 3807 417 3916 affugit,
444 3811 617 3889 Johanne
638 3811 686 3889 de
707 3812 786 3889 Bali
807 3811 1069 3890 Ambianensis
1089 3828 1127 3889 et
1145 3812 1311 3889 Roberto
1333 3811 1380 3888 de
1400 3810 1602 3888 Reinbatal
1619 3811 1694 3886 No-

269 3938 482 4031 viomensis,
494 3959 531 4018 et
542 3943 562 4018 J
565 3941 713 4020 ohanne
721 3943 846 4022 Castel
857 3943 1115 4022 Noviomensis
1123 3942 1349 4029 diocessum,
1363 3957 1402 4017 et
1409 3940 1580 4017 Johanne
1595 3936 1695 4014 dicto

268 4071 475 4178 Burgundo
492 4074 756 4164 servientibus,
773 4103 869 4181 quos
882 4076 1002 4153 credit
1013 4075 1152 4165 vivere,
1169 4075 1208 4149 in
1221 4074 1324 4148 hunc
1339 4068 1515 4144 modum:
1533 4094 1620 4143 nam
1639 4070 1697 4145 in-

269 4218 432 4277 structus
444 4230 464 4276 a
478 4203 579 4280 dicto
593 4204 777 4282 avunculo
793 4234 863 4283 suo
879 4224 918 4283 et
932 4207 1025 4295 aliis,
1036 4206 1151 4311 peciit
1163 4222 1232 4288 ter,
1248 4202 1353 4279 llexis
1367 4199 1542 4308 genibus,
1558 4229 1696 4309 panem

270 4345 309 4406 et
332 4358 468 4435 aquam
494 4350 532 4407 et
546 4335 723 4409 vestitum
744 4334 903 4422 ordinis,
926 4351 964 4410 et
981 4356 1068 4421 cum
1082 4359 1306 4440 responsum
1327 4331 1458 4410 suisset
1476 4331 1581 4438 quod
1596 4330 1695 4409 bene

270 4458 514 4552 deliberaret,
537 4460 625 4568 quia
645 4478 837 4571 oporteret
853 4492 940 4542 eum
960 4493 982 4541 a
999 4493 1037 4541 se
1054 4447 1228 4540 abdicare
1245 4460 1435 4567 propriam
1450 4458 1693 4551 voluntatem,

271 4590 411 4668 esurire
433 4592 587 4697 quando
610 4592 726 4672 vellet
745 4595 956 4686 comedere,
978 4585 1130 4704 vigilare
1150 4594 1305 4701 quando
1324 4592 1438 4669 vellet
1457 4591 1642 4682 dormire,
1659 4610 1697 4671 et

272 4721 390 4841 multa
404 4721 498 4799 dura
514 4740 552 4801 et
565 4753 694 4832 aspera
707 4726 903 4816 sustinere,
917 4744 955 4805 et
969 4727 1048 4833 ipse
1064 4726 1170 4804 testis
1185 4725 1339 4804 dixisset
1352 4723 1457 4832 quod
1473 4721 1600 4800 omnia
1614 4750 1696 4801 sus-

271 4852 428 4941 tineret,
455 4855 612 4959 prestito
633 4856 679 4934 ab
701 4886 745 4936 eo
763 4887 831 4965 per
846 4859 1105 4968 juramentum
1125 4859 1324 4967 prestitum
1351 4883 1464 4963 super
1487 4853 1692 4963 quemdam

359 4991 466 5057 raoobs
487 5012 540 5058 uns
560 5014 731 5059 rennuens.
744 5018 832 5058 -ιι
935 4998 939 5005 ‘
999 5035 1009 5061 0
1533 5014 1545 5053 ι
