4230 5956
730 458 924 550 enonas
950 476 1045 549 nas
1070 475 1370 548 ranemsns.
1685 478 1759 549 svo

341 636 435 705 tem,
462 632 514 704 et,
543 630 688 691 ostensa
709 614 781 692 sihi
801 614 962 723 quadam
983 642 1091 692 cruce
1112 644 1197 692 cum
1217 612 1338 722 effigie
1360 612 1477 690 lhesu
1500 610 1654 701 Christi,
1676 642 1761 721 pre·

341 763 522 853 ceperunt
549 746 583 822 ei
609 746 715 851 quod
741 745 942 855 abnegaret
960 746 1167 834 Christum,
1192 763 1229 822 et
1244 760 1395 852 spueret
1411 771 1522 848 supra
1547 771 1695 820 crucem
1723 762 1762 822 et

342 877 505 983 effigiem
524 875 663 954 Christi
683 877 721 952 in
743 904 786 953 ea
806 877 1001 984 depictam.
1029 876 1143 971 Quod
1169 877 1249 981 ipse
1268 873 1488 982 aliquandiu
1516 871 1635 950 lacere
1653 902 1763 951 recu-

341 1009 448 1095 savit,
475 1022 517 1083 ut
536 1005 645 1096 dixit;
675 1022 714 1084 et
735 1008 890 1086 tandem
911 1006 1172 1113 compulerunt
1191 1035 1279 1083 eum
1308 1006 1488 1113 abnegare
1512 1004 1707 1082 Christum
1723 1022 1760 1081 et

341 1164 476 1241 spuere
496 1163 607 1241 supra
627 1134 763 1213 dictam
786 1166 954 1227 crucem,
971 1139 1075 1243 quod
1094 1165 1170 1214 non
1186 1135 1274 1213 lecit
1287 1136 1416 1223 corde,
1438 1135 1534 1211 sicut
1549 1132 1655 1223 dixit,
1675 1132 1763 1210 licet

343 1296 419 1344 ore.
446 1266 547 1343 Dixit
566 1265 681 1342 eciam
701 1296 769 1373 per
783 1269 1040 1375 juramentum
1061 1296 1172 1344 suum
1206 1267 1310 1373 quod
1337 1266 1459 1343 statim
1487 1264 1672 1342 osculatus
1691 1262 1764 1341 luit

343 1398 483 1473 dictum
502 1395 745 1500 recipientem
761 1398 799 1473 in
818 1398 998 1477 umbilico
1014 1398 1105 1474 etin
1121 1424 1186 1474 ore
1202 1395 1455 1474 solummodo
1476 1398 1524 1473 Et
1538 1394 1631 1470 dixit
1645 1392 1762 1470 eciam

343 1528 462 1604 dictus
481 1525 594 1602 frater
607 1525 652 1605 G.
674 1528 779 1632 quod
800 1527 923 1606 dictus
942 1528 1124 1634 recipiens
1143 1527 1234 1604 dixit
1254 1527 1325 1604 sibi
1345 1526 1449 1634 quod
1464 1525 1542 1630 ipse
1561 1524 1675 1602 etalii
1692 1524 1765 1603 fra-

341 1673 415 1732 tres
435 1654 622 1732 debebant
640 1684 680 1733 se
701 1657 908 1735 adinvicem
924 1659 1067 1766 juvare.
1090 1658 1306 1763 Requisitus
1330 1656 1377 1733 de
1403 1684 1479 1761 quo
1498 1654 1688 1762 juvamine
1707 1654 1765 1728 in·

341 1786 573 1894 telligebant,
595 1785 686 1863 dixit
705 1816 774 1893 per
783 1791 1040 1897 juramentum
1061 1817 1171 1866 suum
1197 1790 1302 1896 quod
1322 1788 1442 1864 credit
1460 1786 1562 1892 quod
1585 1782 1765 1893 intellige·

342 1915 542 2021 bantquod
552 1916 833 1994 commiscerent
849 1946 891 1995 se
904 1919 1109 1996 adinvicem
1123 1919 1332 2007 carnaliter,
1353 1934 1479 1992 tamen
1493 1943 1572 1992 non
1581 1914 1765 2024 ¹expressit

343 2045 467 2121 verbo.
484 2046 697 2150 Requisitus
716 2047 747 2123 si
768 2074 934 2153 unquam
955 2047 1045 2123 vidit
1065 2075 1185 2124 unum
1209 2048 1330 2153 capud
1350 2046 1456 2152 quod
1475 2046 1664 2126 consuevit
1680 2071 1765 2151 por-

343 2176 410 2251 tari
428 2175 476 2250 ad
497 2175 658 2280 capitula
676 2190 715 2251 et
734 2175 858 2253 exhihi
877 2176 1067 2265 fratribus,
1090 2177 1181 2253 dixit
1206 2176 1310 2283 quod
1332 2176 1425 2253 vidit
1443 2177 1568 2282 ipsum
1587 2174 1646 2254 bis
1664 2176 1765 2253 Pari-

343 2305 419 2381 sius
443 2304 481 2379 in
506 2303 656 2380 duobus
677 2304 863 2409 capitulis,
888 2323 925 2383 et
952 2305 1045 2383 dixit
1066 2334 1133 2411 per
1146 2307 1400 2412 juramentum
1420 2333 1529 2382 suum
1549 2306 1654 2410 quod
1672 2306 1764 2382 vidit

343 2434 436 2511 illud
455 2434 576 2539 capud
595 2463 663 2540 per
681 2434 811 2511 fratres
826 2435 916 2512 dicti
937 2436 1080 2513 ordinis
1099 2436 1257 2514 adorari.

398 2566 648 2671 Interrogatus
663 2565 693 2642 si
710 2592 891 2672 umquam
910 2566 999 2644 fecit
1016 2566 1074 2643 vel
1093 2568 1232 2674 recepit
1246 2568 1393 2674 aliquos
1411 2566 1542 2643 fratres
1559 2568 1598 2643 in
1613 2568 1762 2657 ordine,

344 2695 436 2770 dixit
459 2722 527 2800 per
548 2695 803 2801 juramentum
831 2725 944 2775 suurn
963 2698 1067 2804 quod
1093 2699 1145 2774 sic
1165 2698 1278 2785 duos,
1309 2724 1471 2803 quorum
1497 2724 1594 2773 unus
1614 2714 1766 2775 vocatur

344 2825 566 2916 Pictavinus‚
588 2828 798 2934 presbyten
817 2828 865 2905 de
877 2830 1029 2906 nomine
1045 2828 1196 2905 alterius
1209 2856 1284 2904 non
1298 2827 1517 2904 recordatur
1529 2827 1637 2903 bene.
1653 2828 1766 2904 Inter·

344 2972 491 3061 rogatus
509 2973 636 3033 utrum
654 2957 743 3035 lecit
762 2975 800 3035 et
818 2959 959 3065 recepit
975 2958 1061 3035 illos
1079 2986 1148 3066 per
1167 2958 1277 3036 illum
1294 2958 1454 3037 modum
1472 2984 1540 3064 per
1559 2984 1674 3063 quem
1693 2956 1767 3036 luit

342 3102 527 3192 receptus,
551 3086 643 3164 dixit
659 3089 764 3194 quod
780 3088 845 3178 sic,
871 3090 958 3196 quia
973 3091 1005 3167 si
1018 3090 1125 3168 aliter
1137 3089 1300 3180 lecisset,
1318 3090 1463 3196 positus
1482 3087 1612 3166 luisset
1628 3088 1668 3166 in
1686 3116 1766 3167 car·

343 3242 427 3293 cere
447 3233 648 3322 perpetuo,
670 3220 700 3295 si
716 3219 779 3296 alii
796 3220 996 3297 scivissent.

397 3347 647 3453 Interrogatus
673 3365 800 3426 utrum
819 3351 871 3441 vi,
897 3349 954 3427 vel
981 3367 1085 3428 metu
1106 3350 1264 3427 carceris
1288 3366 1352 3426 aut
1378 3365 1670 3436 tormentorum,
1700 3366 1763 3426 aut

343 3474 413 3551 alia
427 3474 476 3552 de
489 3504 612 3567 causa,
625 3477 788 3585 aliquam
807 3479 1002 3558 salsitatem
1016 3481 1291 3569 immiscuisset,
1307 3496 1371 3556 aut
1384 3480 1559 3557 tacuisset
1572 3478 1764 3555 veritatem

344 3606 384 3681 in
404 3634 470 3683 sua
493 3607 747 3712 deposicione,
774 3609 865 3687 dixit
888 3639 956 3716 per
971 3612 1226 3717 juramentum
1254 3638 1365 3687 suum
1391 3608 1496 3714 quod
1520 3634 1615 3697 n0n3
1646 3607 1762 3685 immo

343 3763 474 3841 puram
494 3754 532 3814 et
549 3738 731 3846 integram
749 3739 891 3817 dixerat
907 3741 1101 3818 veritatem
1120 3758 1272 3846 propter
1291 3738 1447 3816 salutem
1467 3739 1588 3814 anima
1608 3763 1686 3814 sua.

400 3996 492 4072 ltem
512 3996 626 4075 frater
645 3996 877 4078 Guillermus
897 4000 945 4079 de
964 4000 1153 4108 Herhleyo
1173 3999 1454 4078 elemosinarius
1471 3996 1616 4074 domini
1633 3997 1762 4105 Regis,

346 4124 452 4201 etatis
471 4127 713 4232 quadraginta
735 4158 922 4209 annorum
943 4131 1003 4208 vel
1028 4132 1138 4220 circa,
1168 4148 1211 4208 ut
1231 4128 1396 4218 dicebat,
1419 4126 1555 4205 eodem
1573 4128 1689 4207 modo
1701 4128 1767 4236 ju·

344 4269 446 4329 ratus
465 4270 503 4328 et
520 4254 768 4364 interrogatus
783 4260 830 4336 de
849 4278 1019 4368 tempore
1040 4278 1078 4338 et
1102 4260 1216 4338 modo
1236 4286 1302 4336 sue
1322 4257 1568 4365 recepcionis,
1588 4258 1682 4337 dixit
1697 4285 1768 4365 per

340 4382 597 4489 juramentum
624 4416 735 4466 suum
757 4391 861 4498 quod
879 4390 951 4469 luit
971 4409 1143 4497 receptus
1161 4390 1289 4498 viginti
1310 4390 1398 4467 anni
1418 4388 1571 4467 luerunt
1594 4388 1709 4496 elapsi
1728 4388 1768 4465 in

345 4514 440 4592 festo
465 4516 580 4593 sancti
607 4519 797 4599 Michaelis
829 4550 948 4630 nuper
973 4523 1169 4629 preterito,
1201 4522 1302 4629 apud
1325 4523 1463 4599 Furcas
1490 4521 1529 4597 in
1557 4518 1768 4601 Gastinesio

346 4644 506 4724 diocesis
524 4647 767 4742 senonensis,
786 4681 854 4759 per
874 4651 1024 4731 fratrem
1043 4654 1253 4731 iohannem
1274 4652 1321 4730 da
1341 4653 1471 4731 Turno
1490 4649 1765 4729 thesaurarium

346 4777 537 4881 quondam
556 4782 704 4889 Templi
723 4783 900 4874 Parisios,
920 4802 1092 4892 presente
1111 4784 1223 4863 fratre
1243 4784 1409 4864 Roberto
1430 4800 1652 4891 preceptore
1669 4798 1766 4885 tunc

1566 4930 1617 4993 ³8.
