4230 5956
477 426 549 498 [176
858 408 1056 494 PROCES
1081 421 1175 493 DES
1203 419 1501 492 tuttrttults.

474 567 539 670 qni
560 563 731 669 loquitur
744 561 908 666 predicta
928 564 1086 640 nefanda
1106 589 1183 637 non
1202 561 1307 648 lecit,
1322 589 1390 637 nec
1410 560 1550 636 audivit
1570 559 1617 635 ab
1635 558 1761 664 aliquo
1778 559 1894 636 fratre

475 694 564 770 dicti
584 692 725 770 ordinis
745 691 809 768 illa
825 690 923 780 lieri,
947 722 1016 769 nec
1037 691 1154 768 credit
1178 691 1302 796 aliquo
1328 690 1442 767 modo
1462 719 1483 764 a
1500 717 1653 794 quoque
1670 688 1895 767 Christicola

473 822 567 899 lacta
586 851 677 900 esse.

530 955 631 1030 Dixit
643 954 754 1028 etiam
772 953 822 1027 ita
837 951 950 1026 luisse
967 953 1196 1039 ordinatum,
1209 952 1313 1056 quod
1324 979 1366 1025 ea
1378 978 1452 1056 que
1467 948 1565 1026 liunt
1573 950 1612 1025 in
1622 949 1792 1054 capitulis
1801 949 1892 1025 dicti

458 1082 617 1187 ‘ordinis
631 1098 771 1158 secreta
782 1082 902 1156 teneri
920 1080 1078 1156 debeant
1100 1098 1137 1156 et
1153 1080 1301 1166 haberi,
1324 1098 1362 1155 et
1380 1079 1472 1156 nulli
1488 1079 1548 1155 alii
1562 1079 1693 1184 pandi,
1714 1080 1784 1155 nisi
1804 1079 1894 1157 solis

473 1213 633 1318 illisqui
652 1213 691 1287 in
713 1211 881 1317 capitulis
901 1211 990 1287 dicti
1011 1210 1153 1288 ordinis
1171 1211 1369 1287 affuerunt.
1391 1211 1522 1288 Cetera
1546 1211 1671 1288 omnia
1693 1228 1730 1285 et
1747 1209 1893 1317 singula

474 1359 646 1420 contenta
667 1343 705 1416 in
725 1340 834 1417 dictis
854 1341 1019 1417 articulis
1038 1369 1123 1417 vera
1143 1369 1222 1416 esse
1242 1369 1318 1416 non
1338 1341 1468 1417 credit.

530 1473 588 1549 Ad
607 1473 720 1548 lxxnn
740 1471 937 1547 articulum
962 1471 1158 1577 diligenter
1182 1472 1446 1577 interrogatus,
1468 1470 1561 1547 dixit
1583 1488 1621 1547 et
1638 1472 1831 1576 respondit
1844 1473 1893 1548 de

474 1631 579 1680 more
598 1618 635 1679 et
644 1601 912 1678 consuetudine
932 1601 1022 1677 dicti
1043 1601 1188 1679 ordinis
1209 1600 1282 1678 hoc
1299 1629 1396 1689 esse,
1418 1620 1461 1677 ut
1479 1601 1609 1677 {ratres
1629 1601 1786 1707 predicti
1796 1603 1894 1679 ordi-

474 1735 542 1822 nis,
555 1733 709 1840 qnando
724 1750 759 1808 et
772 1733 951 1837 quociens
966 1733 1019 1807 eis
1030 1731 1150 1836 placet
1161 1760 1227 1808 sua
1236 1731 1330 1807 velle
1343 1749 1491 1836 peccata
1499 1732 1688 1822 confiteri,
1704 1731 1768 1808 illa
1782 1732 1895 1811 conli-

475 1883 622 1940 teantur
636 1861 739 1939 lratri
753 1861 940 1967 capellano
953 1862 1161 1967 presbitero
1173 1861 1342 1967 ejusdem
1357 1862 1518 1951 ordinis,
1531 1863 1623 1939 dum
1633 1880 1759 1940 tamen
1768 1864 1891 1967 ipsum

473 1995 613 2071 habere
623 1994 767 2099 possint
776 1992 1085 2097 libereetabsque
1095 1991 1174 2068 ullo
1183 1992 1468 2097 impedimento.
1476 1991 1892 2097 Verumsilorteipsum

473 2125 625 2200 fratrem
646 2121 877 2227 capellanum
898 2121 1037 2197 habere
1058 2149 1133 2196 non
1154 2121 1314 2226 possint,
1335 2138 1378 2196 ut
1395 2121 1484 2227 quia
1505 2150 1581 2198 non
1600 2121 1707 2197 adest
1719 2121 1779 2199 vel
1794 2122 1892 2199 lorte

474 2254 677 2358 impeditus
689 2252 738 2328 sit
752 2250 875 2355 aliqua
884 2251 985 2355 justa
997 2280 1104 2327 causa
1118 2250 1320 2356 quominus
1335 2251 1586 2328 consessiones
1596 2252 1750 2329 fratrum
1760 2253 1893 2330 audire

473 2381 605 2468 valeat,
626 2398 716 2458 tunc
734 2379 889 2455 demum
909 2381 998 2456 dicti
1018 2379 1166 2468 fratres,
1183 2381 1324 2486 absque
1339 2382 1544 2487 superioris
1560 2381 1707 2459 licentia
1720 2383 1890 2488 speciali,

472 2528 628 2617 possunt
648 2537 717 2616 pro
735 2509 811 2586 suis
830 2507 1052 2586 confitendis
1071 2511 1230 2615 peccatis
1243 2510 1346 2587 adire
1361 2512 1460 2588 viros
1478 2512 1670 2618 religiosos
1688 2512 1893 2618 approbate

472 2641 664 2748 religionis
678 2640 919 2746 presbiteros,
938 2657 1001 2716 aut
1016 2642 1199 2718 seculares
1213 2640 1304 2718 alios
1323 2643 1551 2731 sacerdotes,
1566 2644 1662 2720 sicut
1670 2643 1891 2733 maluerint,

474 2790 511 2848 et
526 2773 667 2849 eisdem
687 2801 753 2848 sua
766 2788 943 2877 poterunt
957 2771 1115 2849 licenter
1134 2771 1302 2849 confiteri
1318 2790 1482 2877 peccata,
1503 2791 1541 2849 et
1554 2773 1601 2849 ab
1616 2774 1670 2851 eis
1684 2772 1741 2848 vel
1756 2802 1892 2852 eorum

473 2903 588 2981 altero
608 2901 835 3008 penitencias
849 2902 1014 3008 recipere
1028 2902 1215 2980 salutares.

530 3032 588 3109 Ad
602 3032 836 3109 lxxv—lxm
853 3031 1034 3109 articulos
1048 3033 1242 3122 inclusive,
1262 3034 1462 3141 diligenter
1477 3051 1515 3112 et
1526 3033 1715 3140 sigillatim
1734 3037 1893 3114 interro-

472 3177 594 3266 gatus,
621 3160 852 3264 respondens
871 3161 961 3235 dixit
986 3190 1024 3237 se
1050 3190 1121 3238 nec
1141 3163 1235 3239 scire
1254 3193 1323 3240 nec
1348 3163 1501 3240 credere
1521 3192 1665 3241 errores
1685 3165 1890 3271 predictos,

473 3316 542 3363 nec
560 3286 722 3391 aliquem
742 3288 788 3362 de
808 3288 948 3363 eisdem
968 3317 1048 3364 esse
1067 3318 1136 3366 nec
1154 3291 1266 3369 luisse
1282 3296 1319 3369 in
1338 3295 1471 3371 ordine
1487 3293 1715 3399 supradicto,
1730 3324 1801 3370 nec
1814 3325 1893 3373 cor·

473 3418 641 3494 reccione
662 3418 782 3522 aliqua
803 3418 943 3494 dictum
965 3419 1135 3494 ordinem
1158 3450 1227 3497 nec
1248 3424 1327 3528 ejus
1343 3423 1473 3501 [ratres
1492 3425 1696 3530 indiguisse
1712 3455 1778 3501 nec
1794 3427 1893 3502 indi-

472 3579 576 3655 gere,
593 3578 661 3626 nec
681 3550 888 3654 oportuisse
909 3579 976 3624 nec
993 3579 1143 3626 necesse
1164 3551 1277 3629 fuisse
1295 3553 1377 3630 illos
1397 3582 1540 3631 errores
1560 3557 1727 3631 nunciari
1747 3584 1814 3659 per
1829 3587 1894 3631 su·

472 3684 637 3788 periores
652 3683 740 3758 dicti
756 3683 915 3768 ordinis,
938 3713 1006 3758 nec
1022 3713 1088 3788 per
1103 3683 1264 3790 aliquem
1279 3686 1430 3762 lratrem
1451 3688 1531 3792 ejus
1545 3687 1707 3763 Ecclesie
1720 3689 1807 3775 Dei,
1819 3716 1890 3792 pro

473 3838 518 3886 eo
534 3813 637 3917 quod
654 3841 843 3918 nunquam
863 3813 951 3887 dicti
968 3842 1112 3889 errores
1127 3814 1240 3890 fuisse
1255 3816 1311 3891 vel
1332 3844 1410 3891 esse
1427 3818 1464 3891 in
1480 3817 1581 3893 dicto
1595 3817 1728 3892 ordine
1738 3818 1806 3892 scit
1820 3847 1890 3895 nec

473 3941 606 4030 credit;
624 3971 750 4019 rerum
768 3971 837 4018 nec
852 3945 983 4047 corrigi
1002 3972 1070 4017 nec
1085 3945 1250 4019 nunciari
1261 3945 1423 4021 Ecclesie
1443 3974 1539 4052 opus
1552 3977 1648 4036 esse,
1666 3949 1712 4023 ab
1724 3976 1767 4023 eo
1784 3949 1890 4054 quod

472 4098 548 4146 non
569 4088 624 4145 est
640 4099 761 4177 neque
782 4072 866 4161 luit,
888 4102 957 4148 nec
978 4073 1023 4148 ab
1044 4102 1174 4150 eorum
1191 4075 1425 4151 observancia
1445 4076 1515 4152 luit
1535 4105 1686 4154 necesse
1698 4079 1889 4163 recedere,

472 4201 577 4306 quod
597 4201 743 4276 nullum
759 4204 911 4278 inicium
928 4204 1147 4280 habuerunt.
1169 4206 1227 4281 Ad
1247 4205 1287 4280 id
1314 4225 1439 4282 autem
1458 4208 1562 4311 quod
1583 4209 1722 4284 dicitur
1747 4209 1784 4283 in
1811 4238 1890 4285 uno

473 4331 519 4407 de
538 4331 701 4406 articulis
720 4333 955 4438 supradictis,
983 4352 1024 4408 ut
1046 4336 1200 4438 predicti
1225 4334 1355 4412 fratres
1380 4337 1418 4411 in
1443 4366 1507 4412 sua
1526 4339 1744 4442 recepcione
1758 4339 1891 4443 jurent

472 4462 667 4538 utilitatem
698 4480 735 4538 et
760 4481 998 4567 augmentum
1026 4464 1115 4540 dieti
1140 4467 1282 4543 ordinis
1310 4495 1462 4572 quoque
1493 4468 1606 4544 modo
1629 4469 1722 4543 illud
1746 4468 1890 4545 valeant

471 4620 686 4693 procurare,
708 4593 911 4697 respondet
936 4595 1040 4700 quod
1061 4595 1192 4672 lratres
1214 4597 1340 4702 jurant
1372 4599 1475 4702 quod
1498 4601 1688 4675 neminem
1708 4599 1889 4676 Christia-

473 4746 563 4795 num
584 4724 778 4799 ollendent
801 4725 958 4801 scienter
984 4753 1052 4800 nec
1076 4727 1114 4800 in
1139 4726 1249 4804 bonis
1268 4756 1336 4803 nec
1361 4730 1475 4804 eciam
1503 4731 1540 4805 in
1564 4757 1737 4834 persona,
1760 4746 1800 4805 et
1821 4729 1889 4805 ali·
