4230 5956
358 494 406 567 ll
746 434 942 566 tiociis
965 491 1062 563 DES
1085 484 1392 559 teatrum&

411 639 546 713 Frater
554 634 748 737 lohaan
757 634 807 710 de
819 633 1315 736 Baaliserriens,preceptor
1328 627 1467 705 dunos
1477 627 1630 732 Templi
1641 627 1693 703 de
1704 627 1789 705 Rel-

358 767 481 844 lenta!
506 764 773 843 Ambianeuis
796 764 975 849 diocesis,
995 746 1103 839 testis
1120 788 1236 867 supra
1244 762 1412 868 jtuams,
1439 761 1704 866 sexagenarius
1727 759 1788 837 vel

357 900 939 1007 cim,qnipropttreetostatem
950 892 1790 997 mantellumstnmconmmptomdimiserat

360 1030 493 1107 etradi
507 1029 646 1104 fecerat
658 1025 919 1123 ribibaibam,
932 1026 1210 1133 prolatatione
1220 1024 1404 1129 premissa
1414 1022 1520 1129 quod
1530 1050 1610 1099 non
1623 1022 1788 1100 intendit

359 1162 536 1240 recedere
553 1189 575 1235 a
593 1158 837 1266 deposicione
856 1184 929 1264 per
946 1188 1037 1235 enm
1055 1157 1150 1234 lacta
1170 1185 1298 1233 coram
1319 1155 1479 1232 domino
1498 1156 1678 1262 episcopo
1696 1158 1788 1234 Am-
1813 1210 1821 1219 ·

228 1278 248 1319 ⁸
358 1292 529 1370 h'mensi
549 1291 618 1397 qtti
634 1319 737 1366 nunc
752 1307 828 1377 tut,
844 1319 867 1366 a
880 1317 959 1397 quo
972 1288 1169 1365 absolutus
1183 1305 1224 1364 et
1239 1286 1504 1364 reconciliatus
1519 1286 1660 1377 fuerat,
1679 1287 1788 1365 lectis

356 1442 399 1502 et
420 1422 626 1529 diligenter
642 1420 822 1528 expositis
843 1421 917 1498 sibi
937 1420 1119 1498 omnibus
1141 1437 1182 1494 et
1203 1417 1363 1526 singulis
1377 1418 1563 1506 aniculis,
1586 1420 1787 1525 respondit

253 1634 269 1657 ⁴
313 1570 318 1579 '
354 1554 398 1633 ι’
414 1552 673 1647 niteant
693 1552 869 1642 medere,
890 1581 962 1629 nec
980 1552 1169 1628 audivisse
1189 1542 1266 1626 dici
1289 1549 1339 1624 de
1362 1549 1551 1626 contentis
1569 1549 1611 1625 in
1634 1550 1691 1627 eis
1712 1552 1785 1628 nisi

356 1686 464 1794 quod
480 1684 669 1792 nequiter.
682 1684 792 1762 Dixit
809 1711 949 1791 nempe
968 1712 1012 1759 se
1029 1683 1146 1759 fuisse
1165 1699 1359 1787 receptum
1376 1682 1417 1756 in
1432 1679 1577 1787 capella
1595 1682 1696 1759 dicte
1715 1683 1787 1761 tlo-

286 1892 298 1925 ‚
339 1804 719 1905 maamad,
735 1815 1288 1920 octatadiepostl’entecostes
1302 1830 1415 1929 erunt
1428 1812 1657 1890 mannieel
1670 1814 1784 1905 cirea,

356 1976 425 2052 per
441 1947 598 2023 fratrem
617 1948 772 2022 Petrum
791 1947 943 2022 blinbot
961 1944 1232 2052 preabitemm,
1253 1961 1427 2020 curatum
1443 1944 1546 2020 dicte
1564 1944 1718 2030 domus,
1734 1944 1784 2020 de

301 2156 305 2163 ,
355 2076 537 2157 mandato
551 2074 677 2153 flata-ia
699 2076 831 2154 Garini
845 2077 905 2181 'de
929 2056 1077 2154 Grandi
1097 2075 1244 2155 lem'i
1272 2076 1503 2182 preceptorin
1522 2094 1616 2153 time
1631 2075 1785 2154 ballitie

171 2228 191 2275 .·
220 2210 243 2261 Ξ·
346 2193 407 2284 ⁵de
422 2207 600 2297 Pmiivo,
615 2208 858 2312 pauentibus
871 2207 1052 2282 fratribus
1066 2207 1236 2284 Roberto
1256 2206 1308 2283 de
1325 2207 1540 2314 Reybenval
1557 2209 1787 2286 Morinensia

108 2408 128 2441 ἱ
357 2338 672 2446 diocesim-quem
690 2338 812 2413 credit
824 2339 964 2424 vivere,
985 2338 1165 2453 Petrode
1183 2338 1305 2414 laenhi
1326 2356 1417 2414 tunc
1440 2355 1660 2444 preceptore
1679 2339 1787 2448 d'Oy-

69 2480 74 2487 “
107 2496 115 2515 ’
203 2530 209 2537 .
357 2486 486 2557 mont,
507 2469 675 2546 Roberto
689 2469 738 2546 de
756 2467 901 2546 Grandi
917 2469 1064 2557 l'illari,¹
1079 2468 1297 2555 deffimctis,
1318 2486 1359 2545 et
1374 2468 1513 2545 lambo
1526 2467 1577 2544 de
1595 2469 1787 2547 Vaucellis

357 2600 619 2677 Ambianensis
627 2600 856 2685 diocesim,
870 2601 937 2705 qni
951 2599 1024 2675 fuit
1037 2600 1285 2704 postmodum
1302 2599 1449 2676 reditus
1464 2599 1573 2675 uxori
1589 2628 1703 2706 quam
1719 2602 1787 2678 de-

314 2805 323 2818 ,
355 2750 594 2840 sponsaverat
606 2749 694 2809 ante
708 2732 940 2839 ingressum,
957 2733 1006 2807 de
1025 2733 1134 2838 cujus
1148 2733 1221 2807 tita
1235 2731 1295 2808 vel
1309 2749 1433 2808 morte
1447 2760 1526 2807 non
1543 2731 1659 2808 habet
1673 2735 1786 2810 certi-

355 2865 553 2954 tudinem3
573 2893 595 2940 a
612 2891 691 2970 quo
702 2863 861 2969 quidem
881 2879 1077 2968 receptore
1093 2862 1209 2969 peciit
1227 2864 1413 2939 instanter
1432 2880 1471 2938 et
1488 2862 1710 2970 [requenter
1725 2895 1787 2971 pa

358 3023 449 3071 nem
460 3013 503 3072 et
513 3023 652 3101 aquam
667 3011 706 3069 et
718 2994 937 3070 societatem
952 2992 1131 3084 fiatmm,
1146 3023 1189 3068 ac
1203 3021 1411 3099 pauperem
1424 2993 1603 3070 vestitum
1618 2995 1783 3086 ordinis,

356 3146 397 3204 et
412 3127 486 3203 sibi
499 3127 700 3217 mamis,
716 3126 873 3232 prestito
888 3155 957 3232 per
970 3127 1232 3233 juramentum
1250 3126 1358 3231 quod
1376 3155 1454 3202 non
1474 3145 1556 3203 erat
1572 3126 1681 3203 alteri
1696 3127 1786 3205 reli-

356 3257 479 3362 gioni,
503 3256 748 3333 matrimonio
768 3256 830 3333 vel
853 3257 1003 3336 debitis.
1017 3285 1093 3362 que
1114 3255 1260 3333 solvere
1279 3285 1357 3332 non
1383 3275 1510 3364 poenet
1535 3286 1623 3333 cum
1648 3257 1785 3336 litter'n
1942 3326 1946 3332 .

357 3387 470 3495 regiis
492 3387 695 3495 obligatus,
721 3417 792 3465 nec
813 3388 959 3466 servilis
983 3389 1234 3478 condicionis,
1263 3417 1335 3465 nec
1361 3390 1724 3477 excommunicatus,
1746 3410 1785 3468 et

355 3520 461 3626 quod
473 3549 552 3597 non
571 3519 737 3598 babebat
749 3520 1008 3597 infirmitatem
1029 3521 1225 3606 latentem,
1243 3519 1332 3596 fecit
1350 3549 1440 3596 eum
1453 3550 1588 3598 vovere
1606 3541 1644 3599 et
1653 3524 1783 3631 jurare

356 3681 472 3759 super
485 3652 692 3760 quemdam
712 3653 855 3729 librum
876 3655 1102 3745 castitatem,
1124 3653 1385 3730 obedienciam
1401 3672 1438 3730 et
1458 3654 1580 3730 rivere
1601 3656 1683 3731 sine
1698 3687 1784 3762 pm-

355 3783 457 3886 prio,
473 3802 513 3859 et
526 3785 694 3890 precepit
707 3783 743 3860 ei
757 3784 863 3891 quod
877 3803 1040 3862 servaret
1056 3785 1179 3862 bonos
1195 3813 1287 3861 usus
1301 3802 1340 3860 et
1353 3785 1473 3862 bonas
1486 3788 1784 3867 consuetudines

355 3915 514 4007 ordinis,
532 3933 572 3991 et
590 3942 668 3991 non
687 3915 869 3992 revelaret
887 3935 1031 3994 secreta
1044 3915 1320 4037 capitulorum
1335 3934 1376 3995 et
1392 3918 1570 4024 imposito
1585 3917 1657 3994 sibi
1673 3947 1782 3994 man·

355 4045 465 4136 tello,
484 4045 559 4122 fuit
581 4076 671 4123 eum
695 4047 887 4127 osculatus
913 4067 953 4125 et
971 4076 1105 4125 omnes
1122 4065 1287 4124 astantes
1309 4048 1349 4123 in
1368 4078 1454 4136 ore,
1480 4050 1670 4125 instruens
1688 4078 1781 4127 eum
1936 4079 1941 4084 ·

342 4193 451 4281 'quot
466 4176 580 4253 Pater
595 4195 710 4254 noster
727 4180 871 4257 diceret
889 4209 960 4287 pro
979 4179 1085 4259 horis
1098 4180 1180 4256 suis
1200 4196 1238 4255 et
1256 4179 1421 4285 qualiter
1438 4197 1585 4287 regeret
1602 4207 1643 4255 se
1662 4180 1703 4288 in
1719 4209 1784 4258 or-

354 4306 457 4384 dine.
484 4308 575 4385 Post
596 4338 673 4415 que
696 4312 790 4388 dixit
814 4313 848 4390 ei
873 4314 913 4388 in
937 4313 1129 4418 presencia
1155 4310 1416 4418 predictorum
1444 4311 1551 4417 quod
1580 4311 1784 4418 abnegaret

351 4438 548 4516 Deumvel
561 4440 738 4530 Jhesum,
760 4442 828 4517 sed
848 4469 926 4517 non
946 4443 1081 4518 recolit
1093 4443 1201 4547 quod
1214 4443 1374 4518 istorum
1392 4442 1616 4527 nominavit,
1636 4460 1783 4519 certum

352 4587 479 4646 tamen
493 4599 534 4647 se
548 4572 642 4648 dixit
657 4572 764 4678 quod
780 4571 982 4676 abnegaret
999 4573 1124 4648 Deum
1138 4573 1198 4648 vel
1210 4574 1390 4657 thecum}
1412 4593 1450 4650 et
1469 4570 1557 4650 etim
1577 4576 1658 4680 ipse
1676 4575 1784 4651 testis

352 4719 596 4807 repugnaret,
620 4703 714 4778 dixit
733 4702 769 4777 ei
786 4701 894 4808 quod
912 4702 1001 4778 talia
1019 4720 1126 4779 erant
1145 4723 1285 4809 puncta
1305 4705 1466 4792 ordinis,
1494 4723 1533 4781 et
1554 4705 1645 4781 ideo
1671 4733 1785 4812 opor-

352 4830 456 4907 tebat
477 4860 568 4907 eum
591 4831 793 4939 abnegare,
822 4852 976 4940 propter
997 4834 1101 4942 quid
1128 4835 1207 4940 ipae
1233 4837 1354 4927 testis,
1376 4835 1543 4913 inultum
1572 4836 1708 4914 dolens
1733 4835 1783 4913 de

1082 5040 1159 5141 ’.θ’
