4230 5956
701 452 897 544 moces
923 473 1019 544 ess
1044 472 1344 545 reuertens.
1658 477 1730 551 atr

313 623 505 684 tenentem
531 610 757 713 preceptoris
783 611 882 687 dicte
907 611 1060 699 domus,
1089 612 1325 717 presentibus
1351 610 1463 688 fratre
1482 611 1656 693 Guidone
1685 617 1732 693 de

312 739 340 812 F
342 737 489 813 erreriis
510 754 547 813 et
565 736 677 815 fratre
696 739 877 818 Michaele
904 741 951 818 de
972 742 1073 830 Fles,
1093 760 1129 818 et
1152 743 1379 848 quibusdam
1401 742 1482 819 aliis
1502 742 1549 819 de
1569 773 1731 850 quorum

312 867 529 944 nominibus
554 896 631 945 non
659 870 802 949 recolit.
832 871 934 948 Dixit
965 873 1082 949 eciam
1111 902 1177 978 per
1196 874 1453 978 juramentum
1479 902 1590 951 suum
1610 877 1729 982 quod,

312 1015 396 1100 post
416 997 552 1075 multas
571 1000 836 1105 promissiones
851 1003 899 1078 de
918 1001 1157 1081 observandis
1169 1005 1316 1081 statutis
1334 1021 1371 1080 et
1389 1005 1541 1081 secretis
1562 1004 1652 1082 dieti
1673 1034 1734 1084 or-

313 1128 410 1205 dinis
427 1128 534 1206 abeo
550 1130 677 1219 factas,
700 1131 824 1209 dictus
838 1133 1023 1238 recipiens
1036 1134 1125 1210 lecit
1141 1163 1180 1211 se
1197 1134 1355 1211 osculari
1375 1134 1422 1212 ab
1436 1162 1481 1212 eo
1499 1135 1537 1210 in
1551 1134 1733 1215 umbilico

313 1274 350 1331 et
379 1258 519 1344 inore,
548 1277 585 1334 et
608 1277 737 1364 postea
769 1261 891 1339 dictus
915 1254 1098 1369 recipiens
1126 1263 1307 1369 aportavit
1335 1263 1407 1341 sibi
1428 1264 1628 1369 quamdam
1648 1294 1732 1344 cru-

312 1415 393 1462 cem
411 1388 458 1463 de
473 1388 589 1494 ligno,
607 1408 644 1466 et
655 1392 819 1496 precepit
839 1392 910 1468 sibi
925 1394 1029 1498 quod
1046 1411 1103 1469 ter
1121 1409 1273 1499 spueret
1291 1422 1401 1497 supra
1419 1393 1555 1470 dictam
1570 1424 1731 1483 crucem,

312 1535 349 1592 et
368 1518 446 1622 ipse
468 1518 604 1595 invitus
622 1519 727 1596 linxit
757 1549 795 1596 se
821 1550 955 1627 spuere
978 1551 1089 1626 supra
1115 1523 1249 1600 dictam
1277 1550 1426 1599 erucem
1447 1523 1521 1610 bis,
1546 1525 1613 1603 sed
1632 1527 1732 1631 spuit

306 1649 409 1752 juxta
429 1675 576 1725 crucem
592 1649 639 1725 ad
655 1668 804 1727 terram.
819 1653 920 1728 Dixit
936 1653 1052 1729 eciam
1067 1682 1134 1757 per
1147 1654 1403 1759 juramentum
1420 1683 1531 1730 suum
1552 1656 1657 1759 quod
1676 1656 1732 1731 di-

311 1794 390 1853 ctus
409 1780 591 1884 recipiens
608 1780 700 1857 dixit
712 1781 782 1858 sibi
806 1783 956 1887 quodsi
978 1811 1055 1858 non
1076 1801 1202 1886 posset
1226 1782 1435 1867 continere,
1454 1781 1638 1858 habitaret
1654 1811 1732 1860 oar-

311 1908 445 1984 naliter
460 1938 544 1984 curn
559 1908 735 1986 iratribus
756 1910 916 1998 ordinis,
945 1910 1013 1986 sed
1033 1911 1125 1984 dixit
1144 1909 1248 2015 quod
1267 1937 1460 2014 nunquam
1486 1910 1620 1986 accidit
1639 1912 1730 2002 sibi;

311 2054 349 2111 et
365 2037 458 2112 dixit
471 2037 533 2114 ille
547 2038 610 2141 qui
628 2039 796 2142 loquitur
809 2039 913 2144 quod
929 2039 1107 2143 premissa
1127 2055 1212 2114 sunt
1226 2037 1297 2113 sibi
1319 2039 1417 2114 dicta
1433 2056 1470 2115 et
1486 2038 1578 2116 facta
1599 2041 1637 2116 in
1653 2072 1730 2147 pre

310 2169 433 2242 sencia
448 2168 617 2244 omniurn
633 2169 901 2246 assisteucium.
913 2169 1015 2244 Dixit
1026 2169 1143 2244 eciam
1154 2197 1222 2274 per
1228 2169 1488 2275 juramentum
1501 2198 1613 2246 suurn
1627 2175 1732 2277 quod

311 2297 401 2373 vidit
419 2326 537 2374 unum
556 2296 706 2373 fratrem
726 2299 841 2404 recipi
864 2300 900 2374 in
920 2298 1022 2375 dicto
1041 2299 1188 2386 ordine,
1212 2315 1249 2375 et
1269 2298 1506 2404 creditquod
1524 2300 1601 2405 ipse
1617 2303 1730 2379 etalii

311 2429 399 2504 dicti
420 2429 563 2505 ordinis
576 2430 715 2534 recepti
737 2446 825 2505 sunt
838 2458 906 2535 per
920 2430 1033 2505 istum
1050 2429 1220 2505 modurn.

367 2560 614 2666 Interrogatus
629 2576 759 2636 utrum
772 2560 823 2647 vi,
835 2558 892 2635 vel
906 2575 1010 2635 metu
1025 2559 1181 2636 carceris
1192 2587 1259 2636 seu
1271 2576 1564 2648 tormentorum,
1583 2577 1647 2637 aut
1661 2542 1731 2637 alia

312 2690 499 2775 derauso,
521 2689 681 2795 aliquam
702 2689 837 2766 dixerit
855 2688 1053 2767 falsitatem
1074 2707 1138 2765 aut
1162 2690 1408 2766 immiscuerit
1431 2691 1470 2764 in
1491 2690 1729 2795 deposicione

309 2847 391 2906 sua,
414 2820 505 2895 dixit
524 2819 858 2926 perjuramentum
875 2846 987 2896 suum
1006 2817 1110 2923 quod
1130 2847 1223 2906 non;
1246 2820 1362 2894 immo
1381 2845 1515 2922 puram
1531 2836 1569 2894 et
1589 2847 1728 2896 meram

312 2949 452 3025 dixerat
471 2950 675 3027 veritatem.

366 3216 459 3291 ltem
478 3215 591 3292 frater
616 3214 790 3293 Nicolaus
819 3217 866 3294 de
896 3215 1132 3319 Compendio
1163 3231 1358 3320 preceptor
1383 3215 1519 3291 domus
1542 3213 1589 3290 de
1612 3215 1728 3291 Bosco

311 3346 429 3432 Scuti,
455 3347 561 3422 etatis
585 3348 828 3454 quadraginta
848 3375 1033 3423 annorum
1062 3345 1119 3423 vel
1147 3347 1260 3433 circa,
1279 3346 1426 3452 juratus
1452 3344 1588 3422 eodem
1615 3345 1729 3422 modo

310 3476 357 3549 de
378 3505 416 3551 se
433 3494 470 3552 et
489 3476 570 3554 aliis
585 3479 623 3554 in
642 3506 749 3554 causa
769 3477 858 3554 lidei
880 3478 1004 3554 dicere
1026 3477 1234 3564 veritatem,
1252 3492 1290 3552 et
1305 3475 1556 3578 interrogatus
1571 3474 1618 3550 de
1633 3490 1729 3549 tern-

307 3635 398 3708 pore
420 3624 457 3683 et
472 3609 586 3685 modo
603 3638 668 3685 sue
691 3609 936 3713 recepcionis‚
956 3607 1046 3682 dixit
1062 3635 1130 3709 per
1138 3608 1392 3711 juramentum
1409 3632 1519 3680 suum
1537 3602 1641 3707 quod
1655 3601 1729 3677 suit

308 3756 479 3841 receptus
499 3739 537 3813 in
557 3738 671 3815 domo
691 3739 739 3814 de
756 3738 895 3823 Veleia,
918 3754 1003 3812 octo
1023 3737 1108 3810 anni
1128 3752 1215 3811 sunt
1235 3734 1348 3839 elapsi
1368 3734 1426 3808 vel
1446 3734 1557 3818 circa,
1578 3759 1645 3835 per
1656 3731 1728 3807 sra-

307 3880 402 3940 trem
429 3867 687 3972 Raymundum
713 3867 760 3943 de
785 3866 863 3945 Gisi
891 3881 1123 3970 receptorem
1148 3864 1364 3968 Campanie,
1391 3860 1626 3967 presentibus
1654 3859 1727 3936 fra-

308 3993 428 4070 tribus
445 3995 627 4074 Gaufrido
647 3997 694 4073 de
708 3997 821 4074 Trahi
842 4014 879 4073 et
897 3997 1067 4074 lohanne
1083 3994 1331 4081 deVemoli0‚
1354 4008 1392 4068 et
1405 3990 1630 4098 quibusdam
1645 3989 1727 4068 aliis

308 4128 355 4201 de
382 4153 546 4230 quorum
573 4126 790 4204 nominibus
820 4155 895 4204 non
930 4125 1070 4202 recolit.
1104 4127 1204 4202 Dixit
1234 4125 1349 4200 eciam
1380 4151 1446 4228 per
1467 4122 1724 4228 juramentum

180 4269 188 4281 '
307 4285 419 4332 suum
435 4257 554 4361 quod,
571 4274 656 4363 post
674 4256 808 4333 multas
821 4255 1088 4362 promissiones
1108 4255 1155 4330 de
1169 4254 1314 4330 statutis
1329 4270 1366 4329 et
1386 4251 1537 4329 secretis
1553 4250 1643 4328 dicti
1663 4279 1726 4327 or-

309 4386 405 4463 dinis
422 4385 467 4462 ab
488 4413 533 4462 eo
554 4387 680 4477 lactas,
701 4387 824 4465 dictus
842 4386 1026 4490 recipiens
1045 4384 1212 4490 precepit
1230 4383 1301 4460 sibi
1320 4384 1425 4488 quod
1444 4399 1597 4486 spueret
1616 4408 1727 4485 supra

308 4544 456 4593 crucem
476 4516 642 4593 mantelli
657 4518 731 4604 sui,
743 4517 832 4622 quin
845 4515 928 4593 talis
944 4532 1021 4593 erat
1039 4517 1174 4593 modus
1190 4543 1258 4592 sue
1277 4513 1488 4622 religionis,
1506 4528 1545 4587 et
1563 4512 1641 4616 ipse
1657 4512 1729 4587 mi-

306 4663 407 4722 ratus
423 4662 460 4723 et
474 4648 646 4724 turbatus
659 4646 781 4735 valde,
799 4646 911 4723 dixit:
929 4683 942 4714 ι
956 4646 1135 4735 Domine,
1153 4644 1346 4751 quomodo
1360 4643 1522 4721 facerem
1534 4642 1608 4719 hoc
1621 4642 1726 4746 quod

308 4806 376 4884 ego
382 4806 557 4883 spuerem
569 4806 678 4884 supra
687 4806 834 4855 crucem
847 4779 886 4855 in
894 4806 967 4885 qua
975 4778 1141 4857 Salvator
1152 4803 1261 4855 meus
1269 4775 1342 4855 lixit
1350 4775 1452 4853 vivus
1459 4789 1498 4865 et
1506 4773 1700 4863 mortumi.
1712 4811 1725 4841 ι

392 4928 497 4987 rxocts
513 4945 565 4987 ons
584 4945 757 4987 nutriens.
769 4961 812 4973 -
824 4946 857 4987 n.
1537 4920 1579 4999 53
