4230 5956
661 456 857 554 procus
889 478 984 552 oss
1014 478 1317 556 renarrans.
1620 489 1695 561 205

333 622 462 699 Frater
492 618 600 726 Hugo
626 620 673 697 de
702 623 836 700 Narsac
866 619 1049 712 serviens,
1078 638 1276 727 preceptor
1305 619 1442 698 domus
1468 621 1619 728 Templi
1648 625 1696 703 de

277 722 417 859 Eispans
435 749 685 827 Xantonensis
712 751 888 843 diocesis,
915 751 1022 828 testis
1051 780 1163 858 supra
1187 752 1352 860 juratus,
1383 751 1607 829 mantellum
1637 783 1698 834 or·

279 881 378 961 dinis
398 897 436 958 et
463 879 620 957 barbam
649 880 852 973 defferens,
874 880 1193 989 quadragenarius
1214 881 1273 959 vel
1298 881 1410 973 circa,
1442 910 1528 959 cum
1545 911 1623 990 quo
1644 884 1700 960 in·

278 1011 460 1119 quisitum
488 1009 626 1100 fuerat,
655 1009 853 1088 absolutus
880 1026 919 1087 et
948 1011 1209 1089 reconciliatus
1233 1039 1301 1116 per
1314 1035 1318 1041 ·
1332 1010 1531 1087 dominum
1560 1013 1701 1119 episco-

277 1170 371 1248 pum
405 1141 703 1230 Xantonensem,
736 1141 842 1218 lectis
871 1158 909 1218 et
939 1141 1140 1250 diligenter
1169 1140 1344 1248 expositis
1366 1138 1436 1216 sibi
1467 1141 1644 1218 omnibus
1662 1161 1701 1222 et

279 1270 437 1379 singulis
465 1269 647 1363 articulis,
667 1272 864 1377 respondit
882 1299 922 1349 se
950 1271 1113 1362 nescire,
1135 1299 1205 1351 nec
1224 1271 1396 1362 credere,
1417 1299 1487 1347 nec
1515 1272 1699 1351 audivisse

280 1401 355 1478 dici
381 1402 429 1478 de
449 1401 634 1478 contentis
660 1402 699 1479 in
724 1402 779 1480 eis
803 1402 877 1479 nisi
907 1402 1013 1508 quod
1042 1402 1241 1508 sequitur:
1262 1400 1436 1479 videlicet
1459 1402 1564 1505 quod
1584 1402 1623 1479 in
1643 1431 1701 1480 re·

279 1531 523 1638 cepdonibus
545 1530 702 1609 fratrum
724 1533 884 1622 ordinis,
904 1550 990 1639 post
1016 1532 1160 1638 aliquas
1185 1532 1305 1610 bonas
1334 1531 1631 1623 exhortaciones,
1664 1552 1702 1610 et

279 1679 362 1768 post
387 1680 515 1741 votum
545 1680 583 1740 et
600 1664 861 1770 juramentum
885 1662 1025 1740 facturn
1053 1693 1122 1770 per
1142 1692 1207 1742 eos
1226 1663 1331 1769 quod
1349 1679 1537 1741 servarent
1556 1663 1700 1740 castita·

276 1809 373 1885 tem,
395 1793 675 1887 obedienciam,
698 1813 735 1872 et
763 1795 928 1873 viverent
957 1795 1038 1872 sine
1065 1795 1237 1900 proprio,
1267 1810 1304 1870 et
1335 1809 1421 1899 post
1450 1791 1699 1869 tradicionem

279 1922 448 2000 mantelli
470 1941 508 2001 et
532 1925 704 2001 osculum
725 1925 817 2014 oris,
842 1923 1029 2001 faciebant
1056 1924 1175 2001 dictos
1201 1921 1331 1999 fratres
1356 1921 1608 1999 communiter
1636 1920 1701 1999 ab·

280 2080 415 2158 negare
442 2055 584 2142 Deum,
613 2071 653 2131 et
682 2055 755 2130 boc
785 2052 1063 2158 precipiebatur
1091 2053 1162 2143 eis,
1191 2053 1279 2157 quia
1304 2053 1519 2160 juraverant
1545 2050 1700 2128 obedire

281 2182 458 2261 omnibus
482 2181 766 2289 preceptoribus
790 2182 869 2259 suis
889 2197 927 2258 et
944 2182 1131 2287 preceptis
1159 2210 1232 2287 quc
1261 2182 1314 2258 eis
1343 2179 1491 2271 fierent,
1520 2181 1622 2258 unde
1652 2209 1700 2258 ne

280 2330 546 2420 reputarentur
566 2312 706 2419 perjuri
725 2329 763 2389 et
786 2311 1064 2400 inobedientes,
1083 2311 1316 2419 abnegabant
1332 2313 1469 2389 Deum.
1482 2312 1701 2418 Verumpta·

281 2470 370 2519 men
397 2443 600 2550 aliquando
619 2442 915 2548 supersedebant
934 2441 981 2518 ab
1007 2442 1096 2533 hoc,
1128 2440 1281 2547 quando
1298 2440 1586 2546 recipiebantur,
1602 2442 1702 2521 mul-

280 2591 364 2651 tum
384 2591 560 2680 potentes
583 2548 803 2664 etnobiles,
819 2590 858 2649 et
875 2570 1065 2649 habebant
1084 2572 1224 2650 multos
1245 2572 1291 2649 de
1312 2571 1440 2648 amicis
1459 2572 1537 2650 suis
1554 2600 1699 2662 secum,

283 2732 331 2781 ne
351 2722 506 2810 possent
524 2705 594 2783 ista
609 2704 804 2811 divulgari.
838 2704 1054 2810 Requisitus
1071 2705 1265 2810 quomodo
1286 2703 1425 2780 sciebat
1440 2704 1622 2809 predicta,
1642 2734 1701 2784 re-

282 2836 436 2940 spondit
455 2835 559 2942 quod
579 2836 660 2942 ipse
680 2854 853 2942 receptus
869 2834 989 2912 fuerat
1007 2835 1216 2912 secundum
1240 2835 1399 2912 modum
1410 2835 1639 2941 predictum,
1661 2835 1701 2912 in

283 2964 423 3072 capella
441 2964 578 3043 domus
592 2964 742 3071 Templi
760 2965 809 3042 dc
826 2966 1028 3072 Dempuho
1051 2965 1301 3042 Xantonensis
1316 2964 1490 3058 diocesis,
1507 2965 1547 3043 in
1571 2965 1702 3044 octaba

282 3096 579 3174 Resurrectionis
605 3097 803 3175 Dominice
838 3097 1010 3203 proximo
1043 3097 1220 3202 preterita
1250 3095 1404 3174 bierunt
1434 3123 1503 3176 xxv
1527 3098 1615 3174 anni
1642 3097 1701 3189 vel

283 3228 393 3317 circa,
414 3254 483 3333 per
506 3225 659 3304 fratrem
678 3228 832 3303 Petrum
858 3227 906 3304 de
933 3225 1077 3304 Banhol
1095 3226 1306 3332 quondam,
1327 3245 1586 3333 preceptorem
1610 3245 1702 3306 tunc

285 3359 381 3437 dicte
414 3357 577 3445 domus,
599 3356 840 3463 presentibus
868 3355 1045 3434 fratribus
1080 3358 1271 3435 Bernardo
1303 3357 1439 3449 Calho,
1470 3358 1581 3436 Petro
1610 3357 1702 3436 Fui-

285 3489 447 3565 candiet
459 3488 635 3567 Johanne
654 3486 834 3580 Daussac‚
855 3488 1105 3567 servientibus
1125 3487 1336 3566 deffunctis.
1356 3489 1481 3567 Prima
1492 3479 1620 3566 tamen
1641 3489 1702 3567 die

285 3618 516 3725 recepcionis
536 3647 620 3711 sue,
642 3645 712 3696 nec
728 3620 846 3697 eciam
867 3637 1017 3698 extunc
1035 3619 1113 3698 fere
1133 3648 1201 3726 per
1222 3620 1317 3696 duos
1331 3647 1595 3709 menses„non
1615 3616 1704 3693 fecit

173 3739 174 3743 ¹
285 3749 468 3853 predicta,
484 3751 553 3829 sed
572 3748 705 3856 elapsis
728 3749 880 3828 duobus
898 3750 1093 3828 mensibus
1113 3748 1172 3827 vel
1192 3750 1306 3839 circa,
1329 3778 1417 3826 cum
1433 3746 1704 3855 supervenisset

285 3877 333 3956 ad
351 3879 489 3956 dictam
505 3879 664 3958 domum
679 3877 793 3957 frater
811 3880 1001 3957 lohannes
1031 3878 1075 3958 lo·
1097 3881 1256 3956 Frances
1273 3877 1483 3984 quondam,
1506 3891 1704 3981 preceptor

284 4023 376 4084 tunc
392 4009 569 4096 Pictavie,
594 4026 633 4087 et
655 4009 819 4088 scivisset
838 4038 925 4088 cum
944 4026 1137 4116 receptore
1160 4008 1265 4117 quod
1284 4008 1363 4114 ipse
1382 4006 1487 4084 testis
1504 4033 1583 4083 non
1606 4003 1704 4082 fece·

286 4152 343 4211 rat
361 4136 653 4245 abnegacionem
675 4140 899 4245 predictam,
928 4141 1017 4246 quia
1043 4153 1296 4244 expectaverat
1322 4137 1369 4212 ad
1395 4136 1469 4213 hoc
1488 4134 1703 4213 faciendum

288 4263 430 4343 dictum
461 4286 739 4373 preceptorem,
767 4287 811 4346 ut
837 4270 1004 4361 dicebat,
1035 4267 1158 4345 dictus
1186 4283 1394 4373 preceptor,
1424 4284 1625 4345 convocato
1645 4294 1705 4344 ca·

287 4395 426 4501 pitulio
444 4396 543 4475 intra
559 4397 695 4475 dictam
711 4398 910 4504 capellam,
932 4416 970 4477 et
989 4397 1114 4476 clauso
1130 4397 1228 4476 ostio
1245 4396 1344 4474 dicte
1358 4396 1517 4504 capelle,
1538 4396 1706 4504 precepit

289 4525 414 4604 eidem
444 4528 530 4606 testi
561 4528 668 4635 quod
696 4528 897 4637 abnegaret
921 4530 1067 4619 Deum
1109 4545 1148 4608 et
1171 4529 1261 4636 quia
1279 4528 1359 4635 ipse
1387 4528 1493 4605 testis
1520 4528 1707 4635 juraverat

287 4657 444 4736 obedire
470 4657 772 4766 quibuscumque
795 4660 1074 4768 preceptisque
1097 4658 1172 4740 sibi
1193 4657 1330 4736 fierent
1359 4675 1397 4737 et
1422 4658 1705 4765 preceptoribus

289 4788 384 4879 suis,
409 4807 447 4868 et
465 4791 569 4898 quod
599 4818 676 4868 non
703 4790 912 4870 dimitteret
941 4793 1114 4871 ordinem
1142 4818 1211 4901 pro
1242 4789 1389 4869 meliori
1406 4788 1471 4867 'vel
1492 4789 1629 4898 pejori,
1646 4787 1707 4869 ab·
