4230 5956
731 443 930 536 raucus
959 465 1055 537 nus
1080 462 1378 539 retrectans.
1692 470 1766 541 ros

343 605 457 682 bebat
472 602 740 680 conscienciam
760 605 1031 710 scrupulosam,
1048 608 1151 685 misit
1171 604 1374 713 quemdam
1394 622 1571 710 nepotem
1591 635 1701 685 suum
1721 608 1768 686 ad

344 736 484 812 curiam
510 736 713 812 Romanam
743 763 841 815 anno
866 764 944 842 quo
967 735 1038 813 suit
1062 736 1300 844 indulgencia
1323 734 1523 841 generalis,
1552 753 1589 812 et
1616 737 1769 816 tradidit

343 866 414 944 sibi
434 863 575 942 facturn
594 894 706 944 suurn
726 867 765 941 in
785 865 945 973 scriptis,
961 885 1005 944 ut
1019 866 1156 945 laceret
1172 896 1260 945 eum
1280 865 1436 954 absolvi,
1459 866 1524 972 qui
1543 893 1660 970 nepos
1679 894 1769 944 suus

343 997 414 1075 luit
438 1013 609 1075 mortuus
623 997 664 1073 in
684 996 747 1073 illa
768 997 825 1073 via
845 997 884 1073 in
904 999 1120 1089 redeundo,
1138 1016 1176 1076 et
1194 998 1312 1075 nescit
1330 997 1362 1075 si
1387 996 1598 1103 impetravit
1620 996 1770 1076 absolu-

345 1129 491 1206 cionem
515 1155 621 1204 suam
645 1126 862 1234 predictam.
891 1130 1108 1235 Requisitus
1130 1159 1198 1236 per
1217 1130 1475 1237 juramentum
1501 1157 1613 1206 suum
1641 1145 1769 1207 utrum

344 1261 396 1348 vi,
409 1278 473 1336 aut
486 1275 591 1336 metu
598 1275 875 1337 tormentorum
887 1277 950 1337 aut
961 1261 1135 1351 carceris,
1147 1260 1309 1366 aliquam
1320 1259 1516 1336 salsitatem
1528 1259 1694 1350 dixisset,
1706 1279 1771 1339 aut

344 1391 538 1467 veritatem
555 1391 729 1468 tacuisset
748 1392 787 1468 in
811 1420 878 1469 sua
901 1390 1158 1497 deposicione,
1185 1391 1277 1468 dixit
1299 1419 1368 1498 per
1381 1392 1638 1498 juramentum
1657 1419 1769 1470 suum

344 1520 449 1628 quod
467 1549 561 1609 non,
579 1522 694 1601 immo
709 1551 841 1628 puram
860 1551 929 1628 pro
949 1522 1065 1601 salute
1086 1524 1207 1600 anime
1226 1551 1292 1600 sue
1312 1522 1453 1600 dixerat
1468 1522 1669 1601 veritatem.

400 1788 492 1863 ltem
517 1815 632 1875 anno,
655 1788 861 1880 indicione,
886 1817 1032 1878 mense,
1060 1789 1137 1879 die,
1166 1788 1383 1896 pontificatu
1404 1805 1441 1865 et
1465 1787 1549 1866 loco
1573 1785 1767 1893 predictis,

345 1917 383 1993 in
402 1917 491 1994 dicti
512 1918 760 2025 inquisitoris,
782 1937 954 1998 nostrum
972 1922 1206 1998 notariorum
1225 1938 1263 1996 et
1281 1920 1599 2024 infrascriptorum
1617 1917 1768 1995 testium

344 2048 535 2152 presencia
558 2048 805 2153 personaliter
831 2050 1052 2127 constitutus
1077 2049 1192 2126 frater
1214 2051 1345 2127 Petrus
1375 2051 1528 2127 Brocart
1554 2049 1770 2127 Parisiensis

347 2173 521 2269 diocesis,
537 2177 696 2284 agricola
709 2176 808 2255 dicte
822 2177 958 2256 domus
971 2178 1119 2286 Templi
1132 2179 1362 2268 Parisiensis,
1378 2178 1484 2256 etatis
1499 2179 1770 2286 quinquaginta

346 2335 530 2385 annorum
549 2307 607 2385 vel
630 2308 743 2396 circa,
769 2326 812 2386 ut
831 2309 992 2400 dicebat,
1014 2311 1120 2388 testis
1138 2310 1274 2389 eodem
1294 2311 1408 2388 modo
1423 2309 1572 2416 juratus
1596 2309 1644 2386 de
1666 2335 1706 2386 se
1733 2327 1771 2386 et

347 2438 395 2515 de
415 2436 495 2514 aliis
515 2440 554 2515 in
579 2467 687 2516 causa
711 2437 800 2516 fidei
823 2439 948 2517 dicere
969 2441 1178 2530 veritatem,
1203 2457 1241 2518 et
1262 2442 1513 2549 interrogatus
1533 2440 1582 2517 de
1599 2456 1770 2546 tempure

347 2587 384 2646 et
404 2568 519 2646 modo
539 2598 605 2647 sue
625 2569 869 2675 recepcionis,
891 2569 983 2648 dixit
1000 2600 1068 2678 per
1082 2571 1337 2680 juramentum
1359 2600 1469 2649 suum
1490 2571 1595 2676 quod
1613 2570 1773 2676 quinde-

347 2701 419 2776 cim
438 2699 525 2778 anni
546 2699 604 2778 vel
624 2701 719 2778 circa
740 2717 832 2780 sunt
850 2700 965 2807 elapsi
985 2703 1090 2810 quod
1117 2702 1190 2780 luit
1214 2720 1387 2809 receptus
1405 2703 1450 2810 in¹
1467 2702 1581 2780 domo
1603 2701 1650 2779 de
1670 2700 1770 2779 Malo

347 2834 522 2937 Repastu,
543 2855 612 2937 per
630 2832 782 2909 fratrem
800 2832 1011 2910 Johannem
1032 2832 1079 2910 de
1106 2833 1278 2912 Oratorio
1302 2849 1561 2938 preceptorem
1581 2830 1680 2907 dicte
1701 2829 1771 2908 do-

346 2967 430 3040 mus
443 2961 491 3040 de
504 2961 603 3041 Malo
619 2964 797 3070 Repastu,
819 2963 1057 3070 presentibus
1075 2963 1187 3042 fratre
1203 2964 1345 3042 Odone·
1355 2963 1402 3040 de
1415 2961 1577 3052 Coulon,
1595 2961 1770 3069 magistro
1814 2966 1819 2975 “

345 3094 519 3202 bergerio
534 3094 632 3172 dicte
657 3095 808 3187 domus,
829 3112 867 3173 et
885 3096 1111 3202 quibusdam
1127 3096 1209 3174 aliis
1224 3095 1382 3173 mortuis
1402 3122 1520 3184 nunc,
1542 3094 1589 3171 de
1607 3119 1771 3200 quorum

346 3224 560 3303 nominibus
578 3256 656 3306 non
675 3226 904 3305 recordatur.
921 3227 1023 3306 Dixit
1038 3230 1155 3306 eciam
1175 3256 1243 3336 per
1256 3227 1512 3335 juramentum
1527 3254 1639 3304 suum
1653 3225 1770 3334 quod,

348 3374 514 3465 aportato
532 3357 647 3448 libro,
674 3359 795 3436 dictus
818 3359 1003 3466 recipiens
1028 3359 1117 3437 fecit
1137 3389 1223 3437 eum
1238 3360 1366 3467 jurare
1386 3385 1530 3437 servare
1550 3375 1685 3436 statuta
1711 3386 1772 3436 or-

348 3489 468 3578 dinis?
489 3508 527 3567 et
546 3491 665 3597 quod,
689 3491 763 3570 hoc
780 3489 894 3581 sacto,
917 3492 1040 3570 dictus
1060 3493 1243 3598 recipiens
1262 3491 1350 3568 lecit
1368 3490 1439 3568 sibi
1460 3490 1620 3596 aportari
1639 3517 1772 3595 qnam-

349 3620 434 3696 dam
456 3648 620 3711 crucem,
644 3640 682 3699 et
702 3621 788 3699 lecit
811 3623 934 3728 ipsum
958 3621 1111 3701 fratrem
1137 3625 1289 3701 Petrum
1314 3648 1448 3728 spuere
1472 3638 1529 3697 ter
1553 3647 1665 3725 supra
1690 3644 1772 3695 eam

348 3751 387 3827 in
402 3751 582 3858 despectu
597 3753 865 3858 ipsius‘crucis.
885 3754 1135 3861 Interrogatus
1154 3753 1202 3831 de
1223 3752 1369 3842 osculo,
1386 3751 1479 3828 dixit
1498 3779 1565 3856 per
1578 3750 1773 3856 juramen-

348 3897 431 3958 tum
450 3911 563 3959 suum
583 3882 687 3988 quod
706 3882 809 3960 idem
830 3883 1016 3989 recipiens
1030 3883 1120 3961 lecit
1137 3882 1296 3961 osculari
1316 3911 1356 3960 se
1377 3880 1424 3957 ab
1445 3881 1550 3958 eoin
1570 3877 1645 3955 line
1666 3877 1774 3983 spine

351 4008 451 4089 dorsi
465 4028 503 4088 et
514 4029 643 4117 postea
661 4012 700 4088 in
716 4012 914 4106 umbilico,
932 4031 970 4091 et
988 4014 1156 4120 precepit
1167 4015 1202 4090 ei
1219 4012 1324 4118 quod
1338 4011 1369 4088 si
1389 4010 1525 4116 aliquis
1537 4009 1583 4087 de
1597 4005 1774 4087 fratribus

351 4139 438 4216 dicti
463 4141 607 4219 ordinis
626 4141 738 4221 vellet
755 4173 795 4222 se
814 4173 901 4221 cum
922 4173 968 4223 eo
986 4144 1181 4222 carnaliter
1200 4143 1459 4230 commiscere,
1476 4140 1582 4249 quod
1598 4141 1671 4219 boc
1690 4168 1775 4245 per-

351 4271 535 4360 mitteret,
558 4290 596 4350 et
613 4275 687 4352 boc
705 4276 808 4353 idem
827 4275 965 4354 faceret
983 4274 1069 4355 etim
1086 4274 1184 4365 aliis,
1201 4274 1231 4350 si
1252 4273 1377 4352 vellet.

356 4449 359 4454 ·
406 4403 622 4510 Requisitus
629 4434 697 4511 per
703 4407 960 4513 juramentum
976 4436 1087 4485 suurn
1101 4424 1229 4484 utrum
1244 4407 1296 4498 vi,
1309 4406 1368 4483 rel
1381 4424 1484 4484 metu
1497 4422 1773 4485 tormentorum

352 4535 407 4612 vel
422 4535 594 4625 carceris,
612 4553 677 4614 aut
691 4534 816 4643 aliqua
832 4536 902 4617 alia
912 4537 960 4616 de
975 4567 1101 4626 causa,
1112 4537 1309 4615 falsitatem
1326 4537 1494 4627 dixisset,
1507 4554 1572 4614 aut
1586 4535 1774 4615 veritatem

350 4666 526 4744 tacuisset
544 4666 584 4743 in
605 4667 845 4774 deposicione
865 4697 948 4762 sua,
967 4669 1059 4749 dixit
1073 4697 1142 4777 per
1151 4669 1410 4776 juramentum
1425 4698 1538 4747 suum
1556 4667 1663 4776 quod
1679 4695 1774 4758 non,

351 4795 467 4876 immo
482 4827 624 4877 meram
639 4799 880 4908 etfl'nt'egram
895 4829 963 4910 pro
982 4801 1104 4891 saluta
1117 4802 1248 4881 anime
1260 4831 1327 4880 sue
1344 4802 1485 4881 dixerat
1499 4800 1704 4880 veritatem.
