4230 5956
581 466 779 559 nnocns
804 487 899 560 ons
925 485 1226 558 rnurmnns.
1564 492 1610 564 07

194 646 264 722 Dei
275 645 480 752 adjutorio,
497 645 595 722 bene
617 647 743 723 omnia
760 645 979 736 sustineret,
1003 645 1125 721 dictus
1140 662 1322 750 receptor,
1344 646 1487 749 poscito
1502 647 1548 723 ab
1565 651 1613 727 eo

194 776 298 882 quod
318 804 394 854 non
414 776 577 854 habebat
600 773 854 853 infirmitatem
879 776 1078 864 latentem,
1098 804 1167 852 nec
1187 792 1266 852 erat
1282 773 1419 852 debitis
1437 804 1511 882 que
1534 805 1610 855 nou

193 923 319 1012 posset
336 906 479 984 solvere
499 934 623 1013 neque
639 907 745 984 alteri
763 907 935 1012 religioni
960 906 1018 982 vel
1041 905 1280 983 matrimonio
1299 904 1503 1011 obligatus,
1524 905 1611 984 lecit

194 1065 280 1113 eum
298 1064 429 1113 vovere
450 1054 487 1114 et
495 1037 623 1143 jurare
637 1039 861 1126 castitatem,
880 1037 1140 1114 obedienciam
1157 1054 1195 1113 et
1208 1037 1328 1112 vivere
1346 1036 1426 1111 sine
1444 1038 1607 1142 proprio.

193 1167 280 1259 Quo
303 1163 416 1252 lacto,
447 1165 627 1270 imposuit
652 1168 685 1243 ei
715 1167 955 1254 mantellum,
980 1185 1111 1243 ettam
1133 1167 1211 1271 ipse
1231 1194 1345 1272 quam
1369 1164 1432 1241 alii
1451 1184 1611 1245 astantes

195 1294 350 1372 osculati
369 1294 523 1371 suerunt
539 1325 626 1372 eum
647 1297 686 1372 in
707 1325 784 1374 ore.
806 1298 1053 1374 Postmodum
1081 1297 1256 1373 instruxit
1281 1323 1370 1372 eum
1390 1314 1485 1402 quot
1502 1300 1614 1377 Pater

195 1442 310 1503 noster
329 1426 471 1500 diceret
489 1452 558 1531 pro
578 1426 683 1504 horis
697 1426 796 1514 suis,
820 1445 856 1503 et
876 1427 1037 1534 qualiter
1056 1445 1200 1534 regeret
1215 1454 1254 1503 se
1270 1442 1307 1502 et
1326 1425 1481 1503 haberet
1499 1428 1538 1502 in
1553 1456 1611 1506 or·

196 1555 296 1631 dine.
314 1555 529 1659 Requisitus
546 1557 575 1632 si
592 1556 877 1664 abnegaciones,
903 1557 1254 1665 dogmatizaciones,
1271 1557 1453 1662 vituperia
1474 1561 1609 1649 crucis,

195 1683 321 1761 oscula
352 1685 567 1776 inhonesta,
597 1686 653 1762 vel
685 1686 755 1763 alia
781 1687 909 1763 illicita
936 1687 974 1763 in
996 1688 1104 1763 dictis
1131 1686 1296 1764 articulis
1324 1703 1518 1776 contenta,
1553 1690 1611 1765 vel

195 1812 317 1920 aliqua
335 1841 377 1890 ex
398 1815 451 1890 eis
476 1815 743 1893 intervenirent
761 1821 800 1892 in
824 1817 920 1893 dicta
940 1817 1158 1922 recepcione
1179 1845 1245 1892 sua
1261 1815 1320 1891 vel
1338 1833 1438 1919 post,
1461 1834 1498 1891 et
1518 1817 1547 1890 si
1565 1819 1610 1893 de

193 1960 344 2050 peccato
362 1931 586 2021 sodomitico
597 1944 669 2021 suit
685 1946 755 2022 sibi
772 1946 921 2051 aliquid
932 1947 1074 2022 dictum
1092 1944 1149 2021 vel
1162 1962 1321 2032 tactum,
1334 1945 1531 2049 respondit
1545 1975 1613 2052 per

189 2074 449 2180 juramentum
473 2101 586 2149 suum
605 2074 709 2179 quod
739 2102 827 2150 non.
856 2075 1070 2181 Requisitus
1088 2075 1117 2150 si
1142 2075 1225 2160 scit,
1246 2074 1364 2150 credit
1391 2073 1449 2151 vel
1471 2077 1612 2153 audivit

195 2204 266 2280 dici
285 2202 389 2308 quod
406 2202 502 2278 dicta
520 2201 649 2278 illicita
669 2204 725 2279 vel
743 2204 867 2310 aliqua
885 2232 928 2280 ex
952 2206 1005 2280 eis
1023 2205 1081 2280 vel
1102 2204 1172 2280 alia
1190 2205 1472 2281 intervenerunt
1492 2205 1529 2281 in
1551 2235 1609 2283 re·

193 2332 436 2438 cepcionibus
452 2330 784 2409 aliorumsratrum
801 2334 858 2409 vel
873 2350 972 2439 post,
995 2334 1087 2410 dixit
1106 2361 1145 2410 se
1169 2333 1331 2421 nescire3
1349 2333 1468 2409 credit
1482 2351 1609 2412 tamen

195 2461 300 2568 quod
320 2462 359 2537 in
376 2459 659 2565 recepcionibus
688 2462 902 2568 aliquorum
933 2463 1202 2538 intervenirent
1222 2461 1286 2537 illa
1302 2460 1431 2539 illicita
1445 2492 1519 2569 que
1535 2493 1613 2540 ma-

195 2621 292 2700 gnus
314 2591 487 2699 Magister
507 2607 544 2667 et
561 2589 623 2666 alii
641 2590 773 2669 lratres
790 2592 934 2670 ordinis
954 2592 1131 2669 dicuntur
1150 2592 1262 2669 luisse
1284 2591 1453 2670 confessi.
1474 2596 1612 2700 Requi·

194 2721 287 2797 situs
302 2721 332 2795 si
348 2720 442 2796 vidit
459 2720 551 2796 alios
570 2721 683 2826 recipi
704 2723 743 2796 in
760 2721 908 2809 ordine,
929 2716 1143 2826 dixit-quod
1159 2722 1227 2812 sic,
1244 2720 1417 2797 videlicet
1432 2753 1440 2796 ε
1458 2722 1609 2800 fratrem

195 2850 388 2927 Matheum
417 2851 463 2926 de
488 2850 610 2926 Insula
635 2850 819 2927 Bochardi
858 2852 1051 2957 quondam
1079 2850 1323 2940 servientem,
1351 2850 1417 2954 qui
1450 2849 1521 2926 luit
1554 2881 1613 2928 re-

193 2999 323 3086 ceptus
348 2981 387 3056 in
412 2979 553 3085 capella
577 2979 714 3057 domus
735 2979 885 3085 Templi
911 2981 958 3056 de
987 2979 1111 3057 Insula
1134 2980 1335 3070 Bocbardi,
1359 2980 1452 3055 circa
1472 2979 1610 3058 festum

194 3110 401 3216 Epiphanie
421 3110 590 3215 proximo
610 3111 833 3215 preteritum
849 3110 1003 3186 luerunt
1022 3108 1210 3221 sexdecim
1233 3109 1319 3185 anni
1337 3108 1396 3186 vel
1417 3109 1529 3199 cir'ca,
1545 3140 1613 3218 per

197 3242 340 3318 dictum
354 3239 507 3317 fratrem
517 3240 726 3317 Johannem
743 3240 790 3317 de
805 3241 940 3317 Sancto
951 3240 1156 3316 Benedicto
1166 3298 1175 3327 ,
1187 3239 1425 3344 presentibus
1438 3238 1615 3318 fratribus

195 3371 365 3448 Johanne
379 3370 548 3446 Durandi
560 3369 747 3475 predicto,
768 3387 806 3447 et
825 3367 1033 3448 Guillelmo
1057 3369 1103 3446 de
1124 3371 1258 3449 Munac
1268 3370 1476 3459 serviente,
1491 3371 1614 3450 Turo-

197 3500 321 3577 nensis
341 3500 517 3586 diocesis,
535 3526 648 3605 quem
668 3498 786 3576 credit
799 3499 932 3576 vivere.
949 3502 1042 3576 ltem
1061 3498 1153 3575 vidit
1171 3499 1285 3606 recipi
1305 3497 1454 3576 fratrem
1470 3499 1616 3578 Gausri-

198 3632 290 3707 dum
310 3631 357 3707 de
370 3631 522 3706 Tencen
537 3629 770 3707 Turonensis
784 3630 958 3717 diocesis,
977 3647 1110 3707 testem
1131 3659 1243 3736 supra
1262 3631 1530 3741 examinatum,
1546 3659 1614 3736 per

198 3759 341 3838 dictum
358 3760 510 3837 fratrem
529 3761 739 3837 Johannem
766 3760 813 3836 de
831 3762 966 3839 Sancto
987 3760 1206 3850 Benedict0,
1220 3761 1268 3836 'in
1289 3761 1449 3867 quadam
1470 3788 1611 3836 camera

198 3891 335 3968 domus
346 3890 496 3997 Templi
515 3890 561 3966 de
579 3889 702 3967 lnsula
718 3890 921 3979 Bochardi,
945 3890 983 3965 in
1007 3890 1158 3966 instanti
1178 3889 1272 3966 sesto
1289 3888 1523 3965 Ascensionis
1538 3888 1616 3964 Do-

197 4019 290 4095 mini
304 4036 415 4096 erunt
428 4046 474 4097 xv
489 4019 576 4094 anni
589 4019 647 4096 vel
667 4019 779 4108 circa,
797 4018 1036 4124 presentibus
1050 4016 1226 4093 fratribus
1242 4015 1411 4092 Johanne
1426 4015 1612 4105 Durandi,

199 4163 237 4222 et
253 4146 459 4224 Guillelmo
472 4149 606 4225 Monac
625 4148 818 4253 predictis,
844 4145 1068 4225 acGerardo
1087 4145 1134 4220 de
1155 4147 1282 4250 Nonay
1298 4143 1491 4248 quondam
1507 4145 1619 4268 Vi⁰l¹⁴

198 4274 323 4350 nensis
338 4274 619 4354 diocesis.Vidit
629 4277 746 4351 eciam
755 4276 870 4379 recipi
883 4272 1034 4349 fratrem
1043 4270 1292 4350 Guillelmum
1305 4272 1352 4348 de
1364 4274 1619 4350 SanctoBene·

71 4398 75 4404 ’
199 4405 317 4492 dicto,
339 4404 656 4510 consanguineum
676 4403 793 4508 ipsius
806 4402 927 4489 testis,
940 4402 1004 4508 qui
1020 4401 1211 4478 detinetur
1228 4402 1410 4489 Turonis,
1425 4402 1465 4477 in
1478 4401 1618 4509 capella

199 4535 337 4611 domus
345 4533 494 4639 Templi
512 4533 558 4610 de
572 4506 800 4612 Molendinis
810 4532 1030 4609 Pietavensis
1041 4532 1216 4639 diocesis,
1229 4560 1296 4637 per
1310 4532 1451 4608 dictum
1465 4531 1617 4631 fratrem

200 4664 412 4740 Johannem
429 4663 474 4739 de
496 4665 630 4742 Sancto
650 4663 871 4751 Benedicto,
897 4662 992 4738 circa
1012 4661 1149 4740 festum
1172 4662 1270 4743 beati
1297 4662 1425 4739 Hilarii
1446 4662 1616 4769 proximo

199 4795 420 4900 preteritum
429 4792 582 4870 fuerunt
596 4792 765 4900 quinque
779 4793 867 4869 anni
882 4791 937 4869 vel
957 4793 1068 4877 circa,
1081 4792 1319 4897 presentibus
1333 4791 1509 4869 fratribus
1519 4790 1621 4871 Guil-

306 4930 415 4992 rnocis
436 4949 490 4991 uns
511 4950 683 4992 rennuens.
699 4965 739 4975 -
756 4949 790 4988 n.
1435 4927 1471 4987 13
