4230 5956
714 461 912 549 PROCES
944 476 1039 547 DES
1070 475 1372 548 TEMPLIERS.
1677 483 1751 554 273

328 614 445 691 lelmo
474 613 521 690 de
549 612 721 692 Plesiano
749 615 898 692 domini
928 617 1027 723 regis
1056 617 1209 692 Francie
1242 617 1381 706 milite,
1410 646 1452 691 ac
1475 618 1752 699 venerabilibus

186 748 196 771 ⁴
326 744 414 820 viris
433 744 590 822 domino
609 742 794 824 Gualrido
824 746 872 823 de
902 746 1059 852 Plaxeyo
1090 746 1235 824 domini
1261 776 1355 854 pape
1378 746 1542 837 notario,
1568 777 1610 824 ac
1633 753 1752 858 maffi-

326 890 403 951 stro
423 874 566 952 Amisio
585 875 633 952 de
652 876 881 968 Aurelianis,
899 894 938 953 et
956 905 1018 953 me
1038 877 1294 957 Floriamonte
1311 878 1359 954 de
1379 879 1542 966 Nantua,
1558 879 1750 957 Bemmdo

325 1005 484 1097 Filholi‚
504 1006 714 1084 Guillelmo
734 1007 940 1114 lladulpbi,
959 1009 1152 1085 Bernardo
1168 1008 1373 1086 llumbaldi
1398 1025 1437 1084 et
1462 1008 1620 1111 Hugone
1648 1009 1752 1087 Nico·

325 1133 374 1211 lai
404 1137 560 1214 notariis
577 1139 847 1244 suprascriptis.
867 1139 950 1217 Deo
964 1140 1118 1245 gracias,
1137 1168 1260 1216 amen.
1692 1178 1698 1185 ·

380 1402 428 1476 Et
453 1429 521 1508 ego
549 1398 784 1479 Floriamons
810 1400 1009 1479 Dondedei
1037 1403 1084 1478 de
1110 1404 1253 1479 Nantua
1285 1402 1462 1501 clericus,
1490 1401 1750 1509 apostolicaet

325 1530 509 1636 imperiali
533 1533 752 1609 auctoritate
777 1532 946 1610 notarius
961 1531 1155 1638 publicus,
1181 1533 1220 1608 in
1244 1533 1360 1638 hujus
1383 1534 1488 1610 modi
1504 1533 1661 1640 negocio
1680 1561 1749 1638 per

325 1662 446 1739 dictos
465 1663 640 1741 dominos
653 1663 931 1742 commissarios
948 1661 1152 1754 adbibitus,
1169 1664 1349 1770 predictis
1363 1663 1617 1771 processibus,
1634 1680 1748 1768 prout

324 1793 550 1882 continetur,
571 1794 611 1870 in
630 1793 803 1872 ducentis
819 1809 858 1871 et
870 1792 1003 1875 decem
1020 1810 1059 1870 et
1077 1822 1213 1872 novem
1224 1794 1332 1871 loliis
1352 1823 1439 1871 cum
1455 1792 1616 1870 dimidio
1635 1819 1748 1897 supra

323 1923 472 2029 positis,
498 1924 645 2029 scriptis
669 1951 784 2000 manu
813 1951 914 2014 mea,
951 1940 989 2000 et
1017 1924 1133 2029 signis
1166 1922 1414 2005 discretorum
1439 1923 1612 2000 virorum
1635 1923 1748 2029 magi·

322 2068 487 2129 atrorum
507 2051 689 2128 Remardi
710 2050 870 2138 Filholi,
887 2050 1085 2130 Guillelmi
1102 2051 1307 2156 lladulpbi,
1327 2052 1506 2129 Beruardi
1522 2050 1744 2141 Humbaldi,

323 2198 362 2256 et
384 2181 555 2286 Hugonis
582 2180 722 2259 Nicolai
755 2180 990 2260 notariorum
1019 2178 1276 2285 publicorum,
1298 2211 1366 2286 per
1390 2199 1610 2290 quaternos,
1636 2181 1745 2286 quin·

322 2328 431 2387 tenos
452 2338 520 2388 seu
537 2326 730 2387 sextemos
753 2309 794 2385 in
819 2309 1005 2421 principio
1021 2310 1116 2386 etin
1135 2310 1216 2386 fine
1234 2311 1403 2418 signatis,
1425 2313 1466 2387 in
1484 2339 1647 2417 quorum
1662 2311 1746 2416 qui·

323 2429 412 2517 dem
443 2439 624 2519 loliorum
653 2439 798 2546 paginis
823 2438 981 2548 singulis
1007 2458 1097 2518 sunt
1126 2441 1654 2547 communiter-quadraginta
1685 2439 1745 2517 vel

322 2571 416 2646 circa
442 2568 560 2661 linee,
588 2585 800 2676 presentem
825 2597 1063 2676 processum,
1096 2571 1219 2656 annis,
1250 2569 1474 2659 indictione,
1501 2569 1743 2675 pontificatu,

322 2700 458 2778 diebus
484 2717 523 2777 et
536 2699 629 2778 locis
648 2699 843 2805 predictis,
864 2716 978 2805 prout
1006 2700 1263 2805 estsuperius
1284 2698 1539 2805 specificatum
1566 2717 1603 2776 et
1622 2701 1745 2809 singu·
1795 2746 1798 2751 ·

321 2831 450 2907 lariter
481 2829 727 2917 declaratum,
762 2828 1011 2907 demandato
1042 2828 1231 2905 dictorum
1259 2829 1504 2907 dominorum
1533 2831 1745 2907 commissa·

321 2961 483 3048 riorum,
507 2971 621 3066 prout
647 2958 867 3050 adfuerunt,
891 2959 1041 3064 propria
1065 2987 1182 3035 manu
1206 2958 1352 3066 scripsi,
1382 2977 1419 3037 et
1442 2960 1482 3036 iu
1506 2960 1602 3037 banc
1623 2960 1745 3069 publi·

320 3118 401 3166 cam
429 3089 589 3168 sormam
612 3090 652 3166 in
679 3090 752 3167 boc
777 3085 877 3167 libro
906 3087 954 3165 de
973 3088 1107 3194 papiro
1130 3089 1258 3195 redegi
1290 3106 1328 3166 et
1349 3069 1489 3197 signavi
1520 3090 1628 3196 signo
1654 3120 1741 3170 meo

320 3237 516 3308 consueto,
537 3236 576 3297 et
594 3217 865 3297 nichilominus
892 3216 1117 3324 infrascripti
1137 3217 1272 3296 notarii
1296 3219 1567 3324 signaverunt..

375 3484 423 3558 Et
437 3510 507 3591 ego
523 3481 753 3561 Guillelmus
772 3480 963 3588 ltadulphi
985 3479 1033 3557 de
1051 3479 1188 3557 Sancto
1200 3477 1313 3558 Floro
1328 3479 1650 3559 Claromontensis
1664 3482 1742 3561 dio

319 3613 426 3700 cesis,
455 3613 614 3690 clericus
642 3612 833 3719 publicus,
863 3610 1083 3689 auctoritate
1111 3625 1341 3686 sacrosancte
1361 3612 1529 3689 Romane
1551 3611 1737 3698 notarius,

318 3743 495 3848 predictis
524 3742 759 3850 processibus
788 3768 903 3846 supra
927 3767 996 3846 per
1026 3738 1171 3816 dictum
1202 3738 1498 3817 Floriamontem
1525 3739 1672 3844 scriptis
1702 3756 1740 3816 et

318 3872 537 3983 designatis,
555 3871 709 3978 [presens
729 3868 908 3976 intersuil]
927 3897 1003 3946 una
1025 3897 1111 3948 cum
1127 3866 1236 3944 dictis
1256 3867 1525 3957 Floriamonte‚
1545 3869 1736 3946 Bernardo

316 4002 460 4091 Filioli,
489 4004 648 4111 Hugone
674 3999 813 4078 Nicolai
840 4016 879 4077 et
903 3999 1096 4076 Bemardo
1124 3994 1299 4073 Umbaldi
1335 3997 1490 4074 notariis
1521 3997 1734 4087 antedictis,

316 4148 430 4237 prout
449 4159 560 4237 supra
579 4128 832 4236 specificatum
856 4144 913 4206 est
932 4145 970 4205 et
989 4125 1228 4234 singulariter
1247 4124 1493 4214 declaratum,
1511 4143 1549 4203 et
1569 4127 1615 4203 de
1636 4157 1737 4226 man·

318 4260 405 4337 dato
438 4259 625 4337 dictorum
655 4258 898 4338 dominorum
929 4255 1289 4341 commissariorum,
1321 4271 1435 4360 prout
1449 4256 1656 4347 affuerunt,
1673 4259 1736 4335 hic

316 4420 377 4467 me
391 4390 610 4497 subscripsi,
627 4407 666 4468 et
686 4390 836 4498 signum
848 4416 983 4468 meum
996 4384 1151 4494 apposui
1174 4399 1408 4461 consuetum.

370 4653 418 4729 Et
434 4679 504 4762 ego
522 4653 736 4729 Remardus
753 4649 929 4730 Umbaldi
948 4650 996 4728 de
1021 4650 1254 4728 Barchinona
1268 4650 1442 4741 clericus,
1464 4650 1612 4728 domini
1634 4650 1734 4760 regis

314 4783 468 4867 Francie
504 4781 663 4860 illustris
696 4781 912 4861 auctoritate
941 4782 1110 4860 notarius
1133 4777 1325 4887 publicus,
1355 4780 1534 4886 predictis
1556 4781 1734 4888 processi·

399 4917 507 4983 rnoois
522 4941 578 4982 ors
592 4941 765 4984 reuertens.
775 4954 818 4968 -
827 4940 860 4981 u.
1545 4919 1585 4981 35
