4230 5956
645 476 843 567 Pnocts
869 496 966 567 ons
992 493 1293 565 rnnrnmns.
1635 495 1681 568 ns

188 663 194 674 ·
252 633 463 741 premissis,
487 633 685 742 abnegavit
703 636 830 714 Deum
861 635 920 714 vel
948 636 1105 712 ihesum
1140 663 1205 712 ore
1233 663 1311 711 non
1341 635 1472 722 corde,
1501 653 1545 712 ut
1576 637 1680 715 dixit.

251 765 402 843 Deinde
421 766 590 873 precepit
606 767 640 844 ei
655 767 763 874 quod
777 784 931 875 spueret
944 795 1057 873 super
1071 766 1274 874 quamdam
1293 768 1443 844 erucem
1464 764 1627 874 ligneam
1643 770 1682 845 in

252 925 326 1004 qua
353 914 432 974 erat
454 925 588 1005 ymago
610 897 806 990 Crucifixi,
838 899 988 977 allatam
1008 898 1154 977 ibidem
1173 927 1242 1005 per
1263 897 1409 975 dictum
1428 914 1680 1004 receptorem,

252 1028 498 1133 exprimendo
517 1028 605 1106 talia
619 1030 757 1109 verba:
780 1032 883 1138 Spue
904 1059 1018 1138 super
1037 1031 1278 1138 prophetam,
1302 1047 1339 1106 et
1361 1029 1441 1135 ipse
1457 1026 1563 1107 testis
1582 1030 1684 1135 spuit

252 1188 330 1237 non
351 1189 464 1266 supra
478 1140 546 1238 sed
559 1136 684 1270 juxta,
704 1164 795 1270 quia
816 1163 909 1241 dixit
924 1164 1029 1271 quod
1047 1180 1126 1240 erat
1140 1162 1188 1240 de
1201 1161 1351 1269 punctis
1368 1160 1528 1250 ordinis,
1549 1189 1684 1238 secun-

252 1292 347 1368 dum
378 1320 453 1397 que
483 1292 602 1373 eciam
623 1311 776 1398 poterat
804 1292 1000 1371 carnaliter
1019 1293 1254 1371 commisceri
1280 1289 1458 1368 fratribus
1480 1291 1623 1370 ordinis
1646 1312 1684 1372 et

252 1421 323 1527 ipsi
345 1426 432 1497 cum
451 1449 519 1510 eo;
541 1424 764 1501 hortamen
784 1452 861 1503 non
881 1424 970 1502 lecit
989 1453 1059 1502 nec
1079 1424 1200 1501 credit
1217 1424 1325 1531 quod
1349 1422 1397 1499 in>
1407 1422 1541 1500 ordine
1562 1451 1683 1501 serva-

251 1568 367 1629 retur.
390 1551 495 1629 Dixit
514 1555 632 1631 eciam
658 1556 786 1663 quod,
803 1555 1013 1632 secundum
1035 1557 1133 1634 dicta
1151 1572 1309 1662 puncta,
1333 1553 1498 1633 debebat
1516 1583 1604 1631 eum
1625 1583 1683 1634 os-

252 1682 368 1760 culari
381 1682 423 1760 in
438 1711 527 1776 ano,
546 1686 613 1763 sed
634 1676 781 1764 dictum
801 1686 975 1764 osculum
993 1687 1198 1794 degrada,
1216 1687 1305 1793 qrxia
1323 1687 1683 1793 ipsereceptorerat
1744 1763 1746 1766 Α

251 1813 449 1920 presbiter,
462 1815 682 1893 remittebat
697 1818 743 1894 ei.
758 1816 844 1894 Alia
860 1814 992 1895 illicita
1011 1846 1090 1898 non
1109 1818 1394 1894 intervenerunt
1407 1817 1445 1891 in
1462 1817 1681 1924 recepcionc

250 1973 316 2021 sua
348 1945 516 2051 predicta
549 1973 620 2022 nec
651 1964 754 2053 post,
784 1947 942 2025 credens
971 1946 1076 2053 quod
1102 1948 1200 2024 dicta
1224 1945 1355 2024 illicita
1381 1945 1585 2023 confessata
1615 1976 1683 2053 per

251 2054 340 2151 eum
360 2075 631 2152 intervenirent
645 2077 899 2178 communiter
919 2078 958 2152 in
978 2074 1459 2182 recepcionibusaliorum,
1484 2075 1571 2181 quia
1589 2076 1683 2155 vidit

250 2205 366 2311 recipi
386 2202 541 2282 fratrem
565 2207 720 2285 Petrum
749 2207 797 2283 de
822 2205 942 2283 Lenbi
970 2205 1194 2282 servientem
1218 2204 1478 2281 Noviomensis
1504 2204 1678 2297 diocesis,

250 2364 366 2442 quem
394 2334 515 2411 credit
537 2333 676 2424 vivere,
701 2335 741 2408 in
770 2332 912 2440 capella
932 2331 1070 2411 domus
1092 2330 1242 2438 Templi
1271 2331 1318 2409 de
1339 2332 1506 2440 0ymont
1529 2335 1681 2414 Ambia-

251 2465 576 2557 nensis‘diocesis,
601 2492 670 2570 per
695 2463 850 2542 fratrem
867 2464 1066 2578 ¹Garinum
1094 2461 1142 2540 de
1168 2462 1311 2543 Grandi
1335 2464 1466 2544 Villari
1489 2488 1681 2575 precepto

249 2627 332 2676 rem
350 2615 441 2674 tunc
458 2572 608 2674 bellivie
628 2595 675 2673 de
693 2597 866 2688 Pontivo‚
885 2595 944 2672 vel
958 2624 1027 2703 per
1045 2593 1201 2673 fratrem
1218 2595 1430 2675 lohannem
1451 2598 1498 2675 de
1510 2599 1678 2710 ‚Semop

252 2729 317 2837 qui
348 2726 472 2806 tenuit
498 2727 636 2804 dictam
663 2726 853 2806 balliviam
877 2726 925 2804 de
951 2726 1124 2816 Pontivo‚
1151 2726 1364 2833 predictum
1395 2728 1549 2805 lratrem
1575 2731 1681 2812 Gari·

252 2889 362 2947 num,
383 2885 460 2935 non
482 2875 610 2936 tamen
629 2858 728 2937 bene
752 2857 886 2945 recolit
897 2858 984 2965 quis
1003 2858 1172 2965 ipsorum
1199 2856 1365 2935 duorum
1387 2887 1475 2935 eum
1496 2863 1681 2968 receperit

251 3020 321 3070 nec
341 3019 418 3100 quo
437 3008 629 3097 temporc;
653 3008 690 3068 et
709 2985 913 3069 adfuerunt
934 2990 1066 3067 fratres
1089 2991 1223 3068 Petrus
1250 2989 1298 3068 de
1320 2991 1443 3068 Lenbi
1466 2992 1677 3099 quondam,

252 3060 459 3213 avunculrls
478 3123 568 3200 dicti
593 3123 712 3216 Petri,
737 3140 830 3201 tunc
853 3140 1052 3231 preceptor
1073 3122 1171 3199 dicte
1192 3121 1330 3201 domus
1357 3119 1412 3200 de
1430 3122 1612 3232 Oymont,
1642 3145 1680 3203 et

251 3255 438 3339 Robertus
457 3256 505 3333 de
527 3254 773 3348 Rembenval,
797 3272 835 3333 et
858 3253 1049 3334 Gerardus
1067 3253 1313 3362 Burgundus,
1341 3254 1389 3332 de
1414 3283 1580 3361 quorum
1606 3258 1678 3335 vita

127 3490 131 3498 ι
250 3386 310 3464 vel
326 3405 450 3465 morte
469 3415 548 3464 non
568 3385 683 3463 babet
704 3386 993 3499 certitudinem,
1017 3385 1114 3462 etin
1135 3384 1234 3462 dieta
1253 3386 1475 3493 recepcione
1495 3388 1589 3465 vidit
1602 3418 1680 3466 ser-

182 3606 184 3611 ,
249 3519 324 3595 vari
338 3518 498 3596 modum
508 3517 574 3623 qui
588 3504 712 3594 luerat
723 3533 889 3594 servatus
906 3517 945 3594 in
959 3546 1026 3596 sua
1038 3515 1164 3624 quoad
1181 3515 1281 3593 licita
1290 3526 1301 3606 ‚¹
1319 3533 1358 3593 et
1377 3517 1519 3596 audivit
1536 3520 1616 3626 ipse
1629 3538 1680 3598 te·

249 3650 315 3727 stis
324 3649 519 3758 quomodo
530 3648 725 3755 predictus
739 3663 912 3755 receptor
921 3648 1088 3757 precepit
1099 3648 1225 3725 eidem
1235 3648 1348 3725 Petro
1360 3648 1463 3755 quod
1477 3649 1679 3758 abnegaret

248 3779 374 3857 Deum
391 3797 429 3857 et
443 3780 549 3887 quod
564 3796 719 3887 spueret
737 3796 851 3887 supra
868 3806 1036 3866 crucem,
1055 3794 1092 3854 et
1107 3777 1201 3855 dixit
1213 3777 1249 3855 ei
1265 3776 1372 3883 quod
1390 3794 1538 3884 poterat
1557 3806 1678 3856 carna-

248 3908 335 4025 liter
360 3910 595 3989 commisceri
620 3909 798 3988 fratribus
818 3909 963 4015 ordinis
978 3926 1024 3986 et·
1038 3909 1108 4016 ipsi
1133 3934 1219 3986 cum
1246 3937 1307 4000 eo,
1325 3896 1370 3986 'et
1394 3909 1500 4015 quod
1516 3906 1679 3986 debebat

249 4041 396 4118 dictum
422 4059 658 4149 receptorem
683 4041 843 4120 osculari
863 4042 903 4118 in
926 4067 997 4120 ano
1019 4039 1231 4117 secundum
1246 4056 1385 4144 puncta
1401 4037 1567 4129 ordinis3
1585 4054 1623 4115 et
1638 4039 1677 4115 in

248 4172 442 4275 presencia
463 4172 580 4277 ipsius
598 4171 705 4248 tostis
721 4189 759 4248 et
773 4151 1034 4278 predictorum
1055 4169 1178 4245 dictus
1192 4169 1326 4243 Petrus
1342 4166 1537 4277 abnegavit
1550 4170 1676 4247 Deum

249 4316 288 4377 et
309 4301 412 4406 spirit
427 4301 536 4408 juxta
554 4327 727 4389 crucem3
756 4301 824 4376 sed
849 4299 896 4375 ad
919 4324 1048 4404 preces
1068 4314 1107 4372 et
1129 4295 1422 4403 requisicionem
1449 4300 1538 4378 dicti
1564 4330 1678 4378 avun-

249 4429 324 4509 culi
350 4431 426 4523 sui,
456 4428 588 4508 fuitei
618 4427 818 4504 remissum
851 4426 1024 4506 osculum
1055 4426 1314 4504 inhonestum.
1346 4427 1449 4507 Alios
1479 4458 1556 4506 non
1584 4431 1678 4508 vidit

248 4561 381 4669 recipi,
407 4578 446 4637 et
469 4562 516 4638 de
536 4557 717 4667 predictis
740 4557 834 4635 dixit
856 4585 896 4636 se
922 4557 1037 4637 fuisse
1065 4548 1278 4637 confessum
1307 4560 1407 4638 dicto
1435 4558 1539 4637 fratri
1564 4556 1677 4640 Petro

249 4693 413 4784 Minhot,
438 4693 502 4799 qni
527 4690 670 4797 recepit
692 4717 799 4782 eum,
821 4707 859 4768 et
879 4689 971 4767 dixit
992 4689 1027 4767 ei
1047 4690 1170 4798 quod,
1192 4719 1236 4768 ex
1256 4668 1335 4799 ‘q⁰uo
1357 4690 1510 4770 dolebat
1529 4693 1577 4770 de
1592 4723 1677 4801 pre-

250 4804 375 4914 dictis,
390 4823 495 4905 Deus
509 4821 723 4913 misericors
737 4821 949 4900 remitteret
962 4821 1014 4914 ei,
1033 4837 1070 4900 et
1087 4821 1246 4902 obsolvit
1261 4849 1367 4915 eum,
1386 4824 1556 4932 injuncto
1571 4826 1676 4933 quod
