4230 5956
490 459 564 530 206
873 430 1068 525 raocts
1100 450 1194 521 nns
1225 449 1528 523 rnnrmnas.

321 670 324 675 .
489 596 635 706 negavit
649 593 774 673 Deum
795 619 881 680 ore,
900 619 977 672 non
993 593 1124 680 corde,
1144 591 1184 668 in
1204 593 1396 696 presencia
1417 591 1506 668 dicti
1525 594 1742 699 receptoris,
1756 614 1796 673 ct
1814 596 1908 676 alic-

488 757 574 812 rum
602 725 668 833 qui
699 721 896 802 adfuerant
929 721 1140 830 recepcioni
1169 747 1253 812 sue,
1283 738 1322 798 et
1349 721 1472 801 fratris
1498 723 1639 803 Mathia
1670 722 1718 802 de
1742 727 1908 836 Stampis

488 857 681 967 quondam
701 855 895 935 servientis
916 855 1006 933 dicti
1025 851 1266 960 preceptoris.
1285 851 1420 960 Aliqua
1442 870 1571 932 tamen
1593 853 1664 933 alia
1682 854 1812 934 illicita
1828 888 1905 939 non

348 991 352 996 ’
487 990 580 1069 dixit
597 1015 667 1065 nec
692 986 860 1091 precepit
886 986 1011 1063 eidem
1031 1000 1229 1092 preceptor
1245 983 1449 1089 predictus.
1470 983 1575 1062 Dixit
1597 985 1719 1062 eciam
1738 991 1843 1094 quod
1862 1019 1904 1069 ex

486 1137 576 1197 tunc
600 1116 818 1222 frequenter
837 1115 1019 1194 habuerat
1039 1115 1271 1194 voluntatem
1292 1111 1466 1192 ordinem
1486 1131 1643 1221 propter
1669 1116 1742 1194 hoc
1769 1122 1909 1225 specia-

488 1250 575 1328 liter
602 1245 783 1338 exeundi,
809 1246 876 1324 sed
904 1274 982 1324 non
1012 1245 1192 1334 audebat,
1222 1243 1310 1350 quia
1335 1243 1494 1322 timebat
1524 1245 1630 1352 quod
1647 1266 1846 1354 caperetur
1863 1251 1909 1330 ab

489 1383 558 1470 eis,
580 1396 619 1457 et
636 1378 740 1484 quod
761 1377 833 1455 sibi
851 1377 1046 1483 personale
1059 1375 1273 1484 periculum
1295 1376 1526 1455 immineret.
1545 1379 1658 1467 ltem,
1682 1379 1777 1457 dixit
1801 1384 1908 1489 quod

487 1513 566 1617 ipse
581 1525 773 1615 receperat
794 1507 947 1585 fratrem
966 1509 1135 1587 Arneum
1155 1507 1203 1585 de
1218 1506 1410 1585 Britannia
1423 1507 1678 1615 presbiterum
1692 1512 1905 1618 qnondam,

487 1642 526 1717 in
547 1639 689 1746 capella
705 1639 842 1717 domus
860 1639 1013 1746 Templi
1033 1637 1327 1746 Andegavensis,
1352 1654 1440 1715 mut
1459 1639 1678 1718 circiter'xn
1695 1643 1800 1733 anni,
1823 1671 1907 1749 pre-

487 1769 658 1848 sentibus
676 1768 854 1847 fratribus
870 1769 1011 1846 Mathia
1027 1767 1207 1848 Velhardi
1231 1768 1280 1846 de
1306 1767 1439 1846 casae
1463 1770 1655 1878 Raynaudi
1673 1772 1906 1850 Turonensis

487 1900 663 1990 diocesis,
678 1898 847 1978 Mamilio
870 1900 977 2007 cujus
992 1926 1204 2007 cognomen
1225 1898 1386 2007 ignorat,
1405 1898 1620 1992 deffunctis,
1643 1917 1682 1978 et
1697 1900 1905 1981 Guillelmo

487 2032 535 2109 de
562 2034 697 2109 Munac
722 2029 955 2108 Turonensis
984 2029 1159 2120 diocesis,
1186 2057 1303 2137 quem
1333 2029 1453 2108 credit
1475 2031 1615 2119 vivere,
1638 2032 1904 2127 servientibus,

486 2165 526 2239 in
547 2189 712 2267 quorum
741 2160 948 2267 presencia,
969 2160 1091 2266 prima
1121 2159 1182 2237 die
1212 2161 1460 2268 receptionis,
1482 2159 1572 2239 feeit
1588 2189 1697 2255 eom,
1721 2179 1807 2269 post
1833 2182 1907 2242 tra·

488 2290 677 2370 dicionem
702 2289 887 2380 masmelli,
910 2289 1204 2398 abnegacicnem
1227 2289 1347 2369 faeere
1367 2292 1638 2398 supradictam,
1661 2292 1811 2401 dequo
1835 2292 1906 2372 fnit
2067 2304 2070 2312 '

487 2422 589 2500 idem
604 2420 790 2529 presbiter
808 2419 972 2499 multum
988 2421 1172 2499 turbatus.
1220 2470 1227 2477 -

541 2553 756 2661 Requisitus
773 2580 889 2660 quare
916 2550 1004 2630 lecit
1025 2550 1107 2630 ficri
1137 2550 1346 2658 predictam
1374 2550 1684 2661 abnegacicncm,
1711 2556 1905 2660 respondit

485 2686 590 2792 quod
608 2712 678 2792 pro
696 2713 744 2762 eo
763 2683 851 2791 qnia
875 2683 1129 2761 communiter
1144 2681 1260 2760 fiebat
1288 2681 1329 2759 in
1349 2682 1505 2774 ordine,
1528 2700 1568 2761 et
1594 2683 1683 2790 quia
1702 2685 1774 2764 sibi
1803 2686 1906 2763 vide-

484 2832 549 2893 tur
579 2818 684 2922 quod
703 2813 816 2893 frater
838 2816 970 2892 Petrus
989 2812 1037 2891 de
1058 2811 1262 2893 villaribus
1290 2811 1402 2892 miles
1421 2813 1631 2921 quondam.
1645 2831 1745 2892 'tunc
1777 2842 1907 2921 prece·

483 2963 569 3050 ptor
583 2947 758 3038 Pictavie‚
780 2962 998 3052 preceperat
1014 2945 1140 3023 eidem
1153 2944 1239 3022 testi
1253 2943 1738 3051 qnod,quando.reciperet
1750 2943 1901 3034 fratres,

483 3073 621 3152 faceret
644 3074 728 3152 fieri
744 3075 1036 3182 abnegacionem
1064 3075 1283 3180 predictam.
1309 3075 1422 3164 Item,
1446 3074 1540 3153 dixit
1565 3073 1672 3182 quod
1689 3073 1819 3181 plures
1846 3104 1905 3152 re·

486 3204 660 3310 cepisset,
682 3206 754 3283 nisi
775 3204 1005 3283 consciencia
1022 3204 1266 3283 remordisset
1282 3232 1370 3282 cnm
1388 3203 1437 3282 de
1453 3206 1528 3283 hoc
1546 3206 1651 3313 qnod
1671 3204 1800 3284 illicite
1819 3234 1905 3314 age-

484 3333 594 3411 batur
626 3337 666 3414 in
696 3334 981 3441 recepcicnibus
1011 3334 1203 3441 predictis,
1235 3351 1274 3412 et
1302 3335 1392 3441 quia
1419 3333 1639 3442 frequenter
1668 3334 1811 3413 fiebant
1836 3364 1905 3441 per

484 3465 709 3570 symoniam,
731 3467 814 3543 data
830 3466 1010 3572 peccunia
1025 3464 1085 3541 vel
1106 3464 1187 3543 aliis
1207 3464 1526 3572 equipolentibus
1544 3465 1648 3544 Dixit
1662 3466 1781 3544 eciam
1799 3468 1904 3574 quod

483 3596 692 3676 secundum
717 3599 876 3676 modum
900 3597 1114 3703 predictum
1133 3596 1277 3673 viderat
1300 3595 1340 3672 in
1366 3594 1499 3673 ordine
1530 3596 1648 3703 recipi
1674 3597 1832 3685 multos,
1865 3598 1904 3675 in

484 3726 657 3831 capitulis
682 3727 880 3806 celebratis
904 3728 1005 3834 apud
1036 3726 1227 3805 Aaronem
1256 3726 1478 3804 Pictavensis
1505 3725 1664 3805 diocesis
1690 3727 1793 3803 etin
1821 3728 1905 3804 aliis

484 3855 592 3945 locis,
620 3877 659 3936 ct
682 3858 890 3937 nominarit
909 3859 1053 3935 dictum
1079 3857 1232 3936 fratrem
1256 3855 1508 3935 Guillelmum
1537 3856 1586 3933 de
1612 3856 1765 3947 Munac,
1788 3885 1901 3963 quem

484 3987 577 4064 vidit
598 3990 712 4095 recipi
730 3991 770 4066 in
794 3988 935 4096 capella
958 3989 1097 4068 domus
1117 3988 1267 4094 Templi
1287 3987 1337 4066 de
1356 3987 1448 4065 Balc
1468 3986 1698 4068 Turonensis
1722 3987 1901 4079 diocesis,

483 4133 571 4193 sunt
590 4145 650 4196 rvr
674 4121 762 4197 anni
793 4138 831 4198 et
849 4120 967 4212 ultra,
987 4149 1056 4227 per
1075 4120 1227 4199 fratrem
1245 4118 1501 4221 *amblardum
1520 4117 1568 4194 de
1581 4117 1758 4196 Vienesio
1782 4144 1905 4224 quon-

484 4245 587 4340 dam,
615 4268 874 4356 preceptorem
899 4269 989 4330 tunc
1014 4252 1193 4343 Pictarie,
1207 4247 1455 4357 »presentibus
1480 4247 1658 4326 fratribus
1676 4248 1827 4325 Thomu
1854 4249 1903 4325 de

481 4377 649 4457 Verrone
661 4380 874 4486 quondam,
889 4400 927 4458 et
944 4383 1028 4460 eliis
1048 4381 1251 4490 dequibus
1265 4409 1343 4459 non
1363 4379 1598 4467 recordatum
1618 4379 1668 4456 de
1683 4379 1904 4457 nominibus

481 4507 641 4587 aliorum
661 4539 757 4618 quos
782 4511 992 4588 secundnm
1015 4513 1176 4590 modum
1203 4513 1415 4618 predictum
1439 4510 1534 4588 vidit
1563 4508 1679 4615 recipi
1698 4509 1793 4587 dicit
1818 4534 1904 4614 pre-

482 4640 692 4719 sencialiter
721 4669 761 4719 se
788 4668 865 4719 non
889 4642 1090 4719 recordari.
1118 4644 1229 4735 Item,
1256 4643 1350 4727 dixit
1367 4669 1407 4719 se
1440 4641 1653 4720 interfuisse
1670 4638 1902 4746 recepeicni-

480 4764 552 4843 bus
579 4767 700 4848 fratris
717 4770 913 4850 Guillelmi
937 4770 985 4847 de
1007 4769 1196 4862 Sor-olma,
1215 4773 1322 4850 testis
1342 4773 1424 4850 heri
1445 4772 1665 4864 examinatis
1679 4770 1747 4850 red
1760 4767 1902 4846 tradito
