4230 5956
706 464 1343 555 puocnsnusrnupmuss.
1529 549 1532 554 .
1660 482 1733 556 ese

320 620 496 698 mandato
521 620 676 724 predicti
706 620 967 708 commissarii,
995 621 1084 697 huic
1107 617 1257 725 publico
1288 621 1534 696 instrumento
1563 645 1624 694 me
1648 619 1736 696 sub·

321 751 465 854 scripsi,
487 749 658 854 illudque
678 751 784 856 signo
798 768 884 827 me'o
899 748 1010 828 solito
1025 749 1164 856 signavi
1178 765 1341 854 rogatus.

376 1009 426 1085 Et
439 1035 508 1115 ego
525 1009 683 1086 lacobus
703 1009 750 1085 de
769 1009 918 1087 Virtuto
932 1009 1087 1086 clericus
1106 1008 1413 1086 Cathalaunensis
1428 1005 1602 1092 diocesis,
1619 1001 1740 1109 publi·

323 1166 388 1215 cus
414 1137 594 1243 imperiali
618 1139 832 1216 auctoritate
867 1139 1048 1226 notarius,
1082 1138 1271 1244 premissis
1293 1136 1469 1214 omnibus
1499 1151 1537 1211 et
1565 1131 1736 1240 singulis,

322 1286 435 1372 prout
446 1269 484 1343 iu
495 1268 656 1372 presenti
672 1286 770 1361 cauta
784 1295 851 1346 scu
863 1268 966 1374 pecie
983 1286 1022 1346 et
1035 1267 1323 1373 precedentibus
1332 1265 1479 1372 plenius
1491 1257 1738 1349 continentur,

325 1413 397 1474 u'na
417 1425 504 1474 cum
523 1397 678 1474 testibus
701 1415 738 1474 et
757 1398 911 1475 notariis
929 1426 1039 1504 supra
1063 1414 1100 1474 et
1119 1395 1214 1473 infra
1235 1396 1378 1500 scriptis
1397 1422 1549 1501 presens
1573 1390 1738 1480 interfui,

325 1544 377 1614 et,
397 1527 446 1604 ad
455 1527 674 1603 mandatum
687 1544 724 1603 et
740 1527 1031 1633 requisicionem
1048 1526 1137 1603 dicti
1155 1525 1413 1612 commissarii,
1433 1526 1505 1602 hoc
1519 1525 1743 1600 instrumen-

323 1675 404 1732 tum
419 1683 531 1732 manu
540 1656 687 1761 propria
704 1657 833 1761 scripsi
844 1657 1152 1734 intestimonium
1164 1657 1450 1762 premissorum,
1474 1654 1644 1758 illudque
1654 1676 1741 1727 meo

325 1787 431 1890 signo
450 1784 561 1862 solito
579 1784 714 1894 signavi
735 1803 897 1893 rogatus.

381 2044 428 2119 Et
452 2071 522 2150 ego
550 2045 697 2121 Evenus
717 2044 825 2151 Phily
865 2043 911 2120 de
940 2045 1076 2122 Sancto
1107 2045 1250 2121 Nicasio
1275 2042 1431 2119 clericus
1457 2041 1744 2145 Corisopitensis

327 2172 499 2260 diocesis,
517 2172 715 2278 apostolica
735 2172 905 2278 publicus
926 2174 1144 2252 auctoritate
1159 2173 1339 2260 notarius,
1360 2172 1550 2278 premissis
1568 2170 1743 2247 omnibus

327 2320 365 2379 et
383 2301 537 2409 singulis
551 2303 734 2378 contentis
748 2303 789 2378 iu
809 2303 971 2407 presenti
993 2320 1031 2379 et
1044 2300 1329 2407 precedentibus
1345 2301 1453 2378 cartis
1473 2301 1583 2378 simul
1599 2299 1692 2378 sutis
1707 2316 1744 2375 et

327 2433 433 2540 siguo
459 2459 545 2508 meo
573 2431 741 2540 signatis,
769 2449 919 2538 excepta
944 2449 1072 2509 tamen
1097 2431 1329 2510 confessione
1355 2429 1592 2536 precedentis
1618 2428 1743 2506 ultimi

328 2561 444 2648 testis,
460 2588 612 2665 presens
625 2560 777 2638 interfui
788 2589 863 2638 una
875 2590 962 2639 cum
975 2562 1130 2639 notariis
1145 2577 1183 2638 et
1192 2561 1350 2638 testibus
1363 2560 1595 2664 subscriptis,
1611 2548 1743 2635 etcum

329 2692 442 2797 signis
456 2707 493 2766 et
505 2690 843 2797 subscripcionibus
861 2692 1029 2797 ipsorum
1044 2693 1289 2779 notariorum,
1302 2691 1448 2796 signum
1459 2717 1585 2767 meum
1594 2705 1744 2795 rogatus

329 2819 483 2925 apposui
504 2820 640 2896 hicme
655 2819 901 2896 subscribens.

334 3129 336 3132 -
385 3079 426 3151 lu
444 3076 580 3154 Christi
597 3080 749 3154 nomine
766 3104 888 3154 amen.
909 3078 1034 3155 Pateat
1055 3078 1236 3155 universis
1253 3077 1358 3183 quod
1377 3104 1472 3153 anno
1492 3077 1644 3153 Domini
1662 3076 1746 3153 mil-

330 3205 463 3282 lesimo
480 3221 560 3284 ccc⁰
574 3206 749 3312 septimo,
766 3205 956 3284 indicione
976 3224 1093 3295 sexta,
1115 3232 1161 3284 xv
1175 3205 1237 3282 dic
1252 3205 1391 3281 mensis
1405 3203 1631 3293 novembris,
1650 3230 1746 3310 pon·

329 3335 489 3412 tilicatus
504 3335 723 3414 sanctissimi
740 3336 855 3440 patris
868 3353 905 3412 et
923 3337 1067 3413 domini
1090 3335 1231 3412 domini
1257 3333 1461 3412 Clementis
1480 3333 1602 3411 divina
1624 3335 1747 3438 provi-

332 3465 456 3539 dentia
475 3492 568 3569 pape
588 3464 708 3569 quinti
730 3492 825 3542 anuo
851 3465 1032 3554 secunde,
1055 3466 1095 3542 in
1119 3464 1282 3570 religiosi
1308 3481 1344 3540 et
1365 3464 1513 3541 bonesti
1535 3462 1603 3537 viri
1624 3460 1746 3539 fratris

330 3593 469 3670 Nicolai
486 3593 533 3669 de
553 3593 750 3670 Auessiaco
775 3595 918 3671 ordinis
937 3595 1235 3680 Prcdicatorum,
1262 3592 1505 3668 commissarii
1521 3589 1596 3665 dati
1618 3589 1746 3665 areli-

331 3722 434 3826 gioso
456 3739 494 3798 et
512 3722 670 3798 honesto
691 3722 769 3797 viro
789 3722 899 3798 fratre
922 3720 1125 3800 Guillelmo
1150 3721 1198 3796 de
1218 3720 1377 3796 Parisius
1395 3718 1563 3825 ejusdem
1584 3716 1741 3815 ordinis,

332 3850 550 3955 inquisitore
570 3849 734 3926 heretice
753 3850 940 3955 pravitatis
956 3851 994 3927 in
1014 3878 1129 3957 regno
1144 3852 1173 3926 F
1174 3849 1298 3926 rancic
1314 3848 1530 3924 auctoritate
1546 3845 1746 3950 apostolica

260 3989 263 3996 '
334 3977 526 4082 deputato,
541 3995 710 4056 nostrum
725 3980 956 4057 notariorum
970 3979 1205 4086 publicorum
1220 3996 1256 4055 et
1267 3979 1417 4054 testium
1430 3976 1746 4081 infrascriptomm

333 4106 522 4212 presencia
540 4109 783 4211 personaliter
798 4111 1020 4188 constitutus
1040 4109 1153 4186 frater
1166 4109 1258 4187 Milo
1275 4108 1322 4184 de
1339 4109 1474 4185 Sancto
1490 4106 1632 4183 Fiacrio
1645 4130 1749 4212 pres·

267 4277 273 4286 ,
332 4235 449 4341 hyter,
472 4236 613 4314 ordinis
636 4237 774 4315 milicie
794 4239 957 4344 Templi,
980 4239 1085 4316 etatis
1103 4265 1202 4316 xxrur
1225 4263 1407 4314 annorum
1421 4236 1479 4313 vel
1497 4237 1607 4324 circa,
1633 4250 1676 4312 ut
1690 4235 1748 4311 di-

334 4365 456 4452 cebat,
473 4364 619 4470 juratus
638 4366 686 4443 ad
706 4384 828 4444 sancta
847 4368 918 4444 Dei
938 4368 1133 4475 Evangelia
1156 4366 1226 4443 sibi
1247 4382 1392 4443 ostensa
1411 4381 1449 4442 et
1466 4392 1581 4441 manu
1598 4362 1749 4472 propria

334 4510 429 4570 tacte
444 4494 492 4570 de
506 4523 545 4572 se
560 4512 598 4572 et
612 4495 692 4573 aliis
704 4497 793 4574 dicti
811 4497 953 4574 ordinis
963 4496 1102 4575 milicie
1115 4496 1262 4602 Templi
1278 4496 1498 4602 superdicto
1513 4494 1670 4581 crimine
1682 4493 1748 4571 dc-

334 4623 415 4699 latis
431 4623 555 4701 dicere
574 4625 781 4714 veritatem3
799 4643 837 4703 et
850 4627 1096 4735 interrogatus
1111 4628 1157 4703 de
1176 4644 1346 4732 tempore
1362 4643 1399 4704 et
1413 4626 1527 4703 modo
1542 4651 1608 4701 sue
1620 4648 1749 4730 recep—

336 4753 470 4843 cionis,
494 4753 586 4830 dixit
601 4784 669 4860 per
677 4756 932 4863 juramentum
954 4785 1063 4836 suum
1082 4758 1185 4866 quod
1203 4773 1371 4864 receptus
1385 4755 1455 4833 fuit
1471 4755 1572 4862 apud
1590 4754 1748 4863 Moysia—
1809 4773 1812 4781 '

422 4903 527 4964 crocis
538 4921 590 4963 ors
606 4922 776 4973 rrurmrss.
793 4924 882 4965 -ιι,
1562 4904 1600 4974 50
