4230 5956
471 465 544 536 ars
854 436 1051 529 anonas
1077 455 1172 527 uns
1199 454 1498 527 rxupmnas.

470 603 560 677 dixit
578 628 645 707 per
659 601 912 706 juramentum
931 624 1041 672 suum
1061 596 1166 700 quod
1184 609 1353 699 receptus
1368 594 1438 670 fuit
1454 594 1586 699 viginti·
1597 610 1679 670 octo
1695 594 1783 669 anni
1797 612 1883 669 sunt

470 731 581 837 elapsi
596 729 656 808 vel
671 730 765 805 circa
784 729 822 802 in
843 726 956 802 domo
980 726 1026 801 (16
1052 725 1216 801 Soisiaco
1236 724 1394 801 diocesis
1414 723 1629 814 Meldensis‚
1651 750 1717 828 par
1732 722 1881 799 fratrem

469 860 675 938 Iohannem
698 858 745 933 de
770 860 900 933 Turno
927 873 1016 931 tunc
1035 855 1307 932 thesaurarium
1327 854 1502 941 Parisius‚
1523 852 1756 960 presentibus
1769 851 1880 929 fratre

470 990 638 1066 Iohanne
660 988 706 1062 de
731 987 857 1062 Monte
883 986 1116 1065 Morenciaco
1142 985 1263 1088 priore
1284 984 1431 1089 Templi
1459 983 1688 1069 Parisiensis‚
1711 999 1749 1058 et
1771 981 1880 1059 fratre

470 1118 634 1194 Iohanne
663 1133 880 1220 preceptore
905 1113 1001 1188 dicte
1027 1113 1160 1190 domus
1182 1112 1230 1188 do
1255 1113 1438 1201 Soisiaco‚
1473 1129 1510 1189 et
1537 1111 1705 1217 pluribus
1729 1110 1810 1186 aliis
1834 1113 1880 1187 de

469 1273 632 1350 quorum
658 1243 871 1319 nominihus
890 1268 964 1317 non
983 1241 1122 1317 recolit.
1149 1241 1250 1317 Dixit
1276 1242 1390 1317 eciam
1417 1269 1485 1346 per
1502 1241 1754 1346 juramentum
1775 1270 1882 1317 suum
1931 1249 1935 1257 '

470 1373 587 1479 quod,
617 1390 703 1478 post
720 1372 854 1448 multas
873 1370 1136 1474 promissiones
1161 1369 1207 1445 de
1230 1371 1372 1446 statutis
1390 1366 1434 1445 ¹et
1457 1370 1608 1447 secretis
1633 1370 1720 1446 dicti
1741 1370 1882 1447 ordinis

470 1501 706 1581 observandis
725 1501 770 1577 ab
792 1529 836 1577 eo
851 1501 979 1588 saetas,
997 1518 1035 1576 et
1048 1499 1223 1577 mantello
1238 1499 1306 1576 sibi
1321 1500 1441 1604 posito
1457 1500 1504 1576 ad
1518 1499 1672 1585 collum,
1690 1499 1811 1576 dicturi
1825 1529 1883 1577 re-

470 1632 609 1738 cipiens
637 1631 797 1709 ostendit
819 1630 888 1706 sihi
914 1629 1112 1735 quamdam
1139 1657 1288 1705 crucem
1315 1646 1352 1705 et
1374 1630 1582 1735 ymaginem
1606 1629 1718 1705 Jhesu
1742 1629 1878 1706 Christi

470 1761 656 1866 depictam
682 1762 720 1836 in
739 1759 902 1866 quodam
922 1759 1076 1846 missali,
1096 1776 1133 1834 et
1152 1758 1245 1834 dixit
1265 1758 1350 1844 sibi,
1371 1759 1409 1833 in
1425 1759 1612 1864 presencia
1631 1758 1792 1835 aliorum
1812 1760 1879 1835 Ira·

470 1909 570 1968 trum
586 1891 856 1976 assistendum,
878 1890 981 1995 quod
1000 1888 1196 1994 oportebat
1208 1889 1330 1993 ipsum
1348 1888 1529 1995 abnegare
1544 1887 1759 1965 Creatorem
1772 1918 1880 1965 suum

469 2022 622 2099 Jhesum
645 2021 833 2098 Christum
863 2037 899 2094 et
921 2046 1053 2123 spuere
1074 2047 1183 2122 supra
1201 2046 1349 2094 crucem
1369 2034 1406 2093 et
1422 2017 1630 2123 ymaginem
1655 2018 1879 2122 prodictam3

472 2169 509 2227 et
524 2152 601 2256 ipse
614 2151 687 2226 hoc
705 2149 809 2235 fecit,
827 2164 979 2252 excepto
999 2148 1100 2251 quod
1119 2146 1165 2223 de
1186 2147 1378 2251 spuiciono
1393 2146 1508 2222 nichil
1527 2146 1782 2251 ceciditsupra
1799 2176 1881 2224 cru·

471 2308 569 2365 cem,
599 2278 703 2383 quod
728 2294 863 2382 posset.
891 2277 1139 2380 Interrogatus
1164 2276 1210 2352 de
1236 2277 1382 2362 osculm
1421 2276 1511 2352 dixit
1540 2303 1609 2381 per
1626 2276 1879 2381 juramentum

470 2435 580 2484 suum
598 2407 702 2511 quod
722 2405 844 2480 dictus
864 2405 1045 2508 recipiens
1068 2405 1235 2508 precepit
1259 2406 1330 2482 sibi
1355 2405 1459 2509 quod
1483 2405 1712 2482 oscularetur
1731 2434 1817 2483 eum
1842 2408 1879 2481 in

469 2534 543 2612 hnc
563 2536 666 2640 spine
687 2534 807 2624 dorsi;
829 2552 866 2609 et
882 2550 970 2609 tunc
989 2533 1125 2609 invitus
1140 2534 1322 2610 simulavit
1338 2535 1439 2639 quod
1463 2536 1689 2612 oscularetur
1704 2564 1790 2612 eum
1809 2536 1876 2624 ibi,

470 2663 536 2742 sad
554 2682 679 2741 tamen
691 2692 766 2740 non
779 2664 850 2739 fuit
868 2664 1054 2740 osculatus
1071 2691 1156 2739 eum
1178 2663 1243 2740 ibi.
1263 2665 1512 2769 Interrogatus
1529 2665 1575 2740 de
1590 2681 1676 2742 voto
1691 2666 1877 2752 castitatis,

471 2796 562 2871 dixit
575 2822 642 2900 per
656 2792 910 2898 juramentum
927 2820 1037 2869 suum
1059 2790 1162 2896 quod
1181 2792 1389 2898 injunctum
1408 2790 1478 2868 tuit
1503 2793 1574 2869 sibi
1598 2793 1703 2899 quod
1724 2795 1880 2872 omnino

470 2926 672 3003 abstineret
696 2952 715 2998 a
740 2923 978 3010 mulieribus,
1008 2939 1045 2998 et
1068 2923 1098 2998 si
1124 2922 1223 3000 calor
1244 2922 1421 3000 naturalis
1451 2941 1615 2999 moverat
1643 2953 1747 3013 eum,
1778 2927 1880 3030 quod

471 3055 728 3129 commisceret
746 3080 785 3127 se
805 3081 889 3127 cum
909 3051 1083 3127 fratribus
1104 3052 1192 3127 dicti
1213 3052 1371 3140 ordinis,
1387 3069 1424 3128 et
1442 3051 1515 3129 hoc
1529 3052 1630 3129 idem
1648 3053 1694 3130 ab
1709 3053 1792 3132 aliis
1805 3056 1880 3132 suis

472 3178 644 3255 fratribus
659 3196 861 3282 pateretur3
882 3207 1071 3283 nunquam
1088 3196 1212 3255 tamen
1233 3180 1335 3269 facit,
1354 3208 1424 3256 nec
1442 3180 1514 3257 fuit
1532 3183 1745 3287 requisitus.
1765 3185 1879 3260 Inter-

469 3325 618 3414 rogatus
637 3307 667 3381 si
687 3335 876 3411 nunquam
899 3306 1067 3382 fueritin
1088 3310 1305 3412 recepciona
1325 3309 1481 3415 alicujus
1500 3310 1637 3398 fratris,
1663 3312 1759 3388 dixit
1778 3313 1879 3418 quod

470 3439 533 3513 sic.
554 3439 802 3542 Interrogatus
822 3437 852 3511 si
872 3437 1115 3540 persimilem
1135 3439 1289 3514 modum
1308 3438 1396 3515 dicti
1412 3441 1548 3544 recepti
1569 3441 1707 3519 fuerint
1722 3445 1875 3548 recepti,

471 3568 562 3643 dixit
581 3596 647 3672 per
662 3567 915 3672 juramentum
934 3596 1043 3642 suum
1061 3567 1165 3672 quod
1184 3567 1323 3672 pluries
1337 3570 1444 3655 vidit,
1461 3586 1498 3644 et
1513 3598 1641 3646 omnes
1658 3570 1807 3650 luerunt
1820 3603 1879 3648 re-

469 3700 563 3805 cepti
582 3728 650 3803 per
668 3697 828 3773 similem
843 3698 1016 3785 modum,
1036 3715 1073 3773 et
1092 3699 1296 3803 specialiter
1311 3699 1459 3775 fratrem
1472 3701 1706 3807 Balduynum
1722 3702 1767 3777 da
1778 3704 1874 3778 Pois,

468 3832 715 3936 Interrogatus
739 3846 865 3903 utrum
885 3828 935 3915 vi,
958 3828 1015 3903 vel
1035 3846 1138 3904 metu
1158 3830 1312 3905 carceris
1334 3859 1400 3905 seu
1419 3848 1703 3918 tormentorum,
1726 3849 1789 3907 aut
1807 3831 1876 3907 alia

470 3961 658 4047 derauso,
682 3957 844 4062 aliquam
872 3957 1004 4032 dixerit
1026 3957 1220 4034 salsitatem
1240 3959 1297 4034 vel
1322 3960 1563 4035 immiscuerit
1583 3962 1621 4036 in
1642 3961 1877 4065 deposicione

470 4116 550 4176 sua,
570 4088 660 4163 dixit
679 4116 745 4192 per
759 4088 1013 4192 juramentum
1034 4115 1143 4164 suum
1163 4087 1265 4193 quod
1285 4115 1378 4176 non;
1400 4088 1515 4165 immo
1531 4090 1623 4165 dixit
1641 4118 1770 4195 puram
1786 4092 1879 4165 veri-

469 4232 595 4293 tatem.
617 4217 803 4294 Acta-sunt
822 4217 892 4292 hoc
909 4244 1021 4304 anno,
1040 4217 1242 4309 indicione,
1259 4245 1400 4304 mense,
1418 4217 1497 4305 die,
1515 4218 1735 4324 pontificatu
1746 4237 1782 4295 et
1794 4221 1876 4296 loco

468 4347 657 4454 predictis,
687 4347 919 4451 presentibus
947 4346 1128 4452 religiosis
1153 4366 1189 4423 et
1212 4347 1378 4426 honestis
1397 4349 1482 4423 viris
1507 4348 1683 4425 fratribus
1709 4351 1875 4427 Iohanne

469 4477 516 4553 de
536 4477 682 4564 Archis‚
703 4475 748 4554 G.
768 4476 815 4552 de
830 4475 979 4581 Capella
1000 4494 1037 4553 et
1053 4476 1188 4554 Iacobo
1207 4478 1253 4552 de
1279 4478 1461 4583 Majoricis
1486 4478 1532 4554 de
1555 4496 1737 4556 conventu
1756 4479 1878 4555 Prodi·

469 4626 632 4683 catorum
652 4605 928 4692 Parisiensium‚
956 4623 992 4680 et
1016 4605 1183 4710 pluribus
1201 4606 1283 4684 aliis
1305 4608 1461 4686 testibus
1486 4608 1532 4685 ad
1552 4609 1624 4686 hoc
1640 4610 1774 4687 vocatis
1795 4637 1872 4713 spe-

468 4734 608 4810 cialiter
627 4753 665 4810 et
682 4736 829 4838 rogatis.
