4230 5956
626 448 821 541 nnocss
844 468 941 540 uns
967 467 1263 539 rsnnnrsss.
1528 406 1547 421 „
1581 472 1654 545 aaa

238 603 481 682 cardinalium
495 622 533 682 et
544 606 585 682 in
598 608 713 715 pleno
728 608 949 686 consistorio
968 626 1006 684 et
1017 637 1087 714 per
1097 609 1369 714 juramentum,
1385 610 1541 688 confessi
1554 630 1652 701 sunt,

237 752 348 841 prout
367 734 500 824 credit,
517 764 651 842 puram
665 755 703 815 et
720 736 931 845 simplicem
950 736 1157 814 salsitatem.

291 862 350 941 Ad
365 863 484 943 lxxxvr
498 867 695 945 articulum
709 867 908 976 diligenter
920 868 1182 974 interrogatus,
1200 866 1431 972 respondeus
1442 869 1536 946 dixit
1550 872 1653 977 quod

236 992 348 1072 frater
374 993 420 1072 G.
447 995 495 1071 de
524 993 677 1075 Abelars
704 1016 901 1107 preceptor
929 999 1066 1075 domus
1092 998 1209 1076 Mansi
1241 999 1310 1074 Dei
1343 997 1480 1074 milicie
1507 1000 1654 1107 Templi

237 1124 445 1229 quondam,
473 1127 615 1232 recapit
632 1130 757 1233 ipsum
777 1128 817 1203 in
838 1126 989 1204 fratrem
1014 1126 1103 1202 dicti
1129 1126 1271 1203 ordinis
1292 1126 1331 1203 in
1355 1127 1493 1233 capella
1520 1129 1657 1207 domus

237 1254 354 1330 Mansi
369 1254 455 1344 Dei,
477 1255 516 1331 in
535 1256 659 1363 vigilia
675 1257 845 1364 Epilanie
864 1257 1015 1337 Domini
1037 1257 1203 1363 proxime
1222 1258 1415 1362 preterita,
1437 1275 1512 1364 que
1527 1258 1600 1336 luit
1620 1262 1656 1335 in

110 1474 115 1481 ¹
237 1382 299 1461 die
319 1384 516 1463 Dominica
539 1386 691 1465 suerunt
714 1415 778 1466 nn
799 1388 884 1465 anni
904 1387 1036 1496 elapsi,
1058 1388 1294 1495 presentibus
1310 1406 1350 1465 et
1371 1388 1516 1466 ibidem
1536 1406 1656 1468 astan-

236 1512 337 1592 tibus
356 1512 521 1592 Arnaldo
536 1517 662 1595 Rocba
679 1518 906 1607 sumbresia,
927 1517 1066 1597 lacobo
1087 1519 1134 1595 de
1151 1516 1304 1607 Oleriis,
1329 1518 1486 1596 Michale
1507 1521 1655 1597 Remilli

237 1658 275 1719 et
293 1643 463 1748 pluribus
476 1645 558 1723 aliis
578 1647 826 1725 confratribus
846 1648 933 1724 dicti
951 1648 1105 1725 ordinis.

293 1773 452 1851 Modum
468 1791 590 1852 autem
603 1805 670 1854 sue
681 1778 910 1882 recepcionis
930 1794 967 1854 et
980 1777 1138 1853 aliorum
1153 1776 1309 1855 fratrum
1324 1803 1419 1882 quos
1431 1776 1524 1854 vidit
1540 1780 1656 1883 recipi

237 1902 277 1977 in
301 1901 398 1978 dicta
421 1902 533 1981 domo
554 1906 673 1982 blansi
693 1908 763 1983 Dei
780 1907 957 2012 expressit
976 1907 1014 1982 in
1032 1907 1183 1993 ellectu,
1207 1908 1304 1983 sicut
1328 1904 1447 1982 frater·
1461 1906 1658 1984 Bartholo-

238 2059 345 2109 meus
365 2034 412 2113 de
432 2035 571 2122 Turre,
592 2036 736 2139 primus
754 2037 860 2113 testis
875 2058 1003 2142 supra,
1026 2052 1064 2112 et
1088 2053 1131 2112 ut
1155 2037 1369 2113 continetur
1391 2036 1431 2112 in
1459 2035 1557 2113 libro
1588 2065 1657 2143 per

237 2165 361 2267 ipsum
382 2164 545 2267 primum
568 2182 703 2243 testem
732 2167 898 2244 exhibito
924 2165 1035 2243 nobis
1060 2166 1346 2272 inquisitoribus
1367 2182 1590 2244 statutorum
1616 2186 1657 2244 et

237 2291 364 2398 regule
384 2293 472 2370 dicti
491 2295 650 2400 Templi.
1051 2332 1054 2337 ¹
1465 2350 1468 2355 ι

293 2422 352 2499 Ad
370 2422 517 2513 nnus,
534 2424 679 2504 lxxxtru
696 2443 733 2502 et
749 2425 927 2503 ultimum
943 2425 1119 2505 articulos
1133 2425 1330 2534 diligenter
1345 2445 1382 2502 et
1398 2427 1584 2533 sigillatim
1601 2429 1659 2503 in-

236 2555 620 2660 terrogatus‚negnvit
636 2556 736 2661 ipsos
749 2556 923 2634 articulos
942 2572 989 2634 et'
997 2558 1122 2634 omnia
1142 2575 1181 2634 et
1197 2556 1340 2664 singula
1356 2575 1526 2635 contenta
1539 2558 1654 2634 ineis.

294 2683 415 2789 Super
440 2684 521 2762 aliis
543 2712 630 2764 vero
656 2687 853 2795 diligenter
881 2689 1143 2795 interrogatus,
1171 2687 1262 2763 dixit
1288 2716 1327 2765 se
1353 2688 1469 2764 nichil
1496 2688 1656 2794 amplius

238 2814 331 2890 scire
350 2842 419 2890 nec
433 2815 584 2893 credere
601 2816 672 2894 nisi
689 2835 859 2924 utsupra
877 2819 1097 2895 testificatus
1117 2834 1173 2895 est
1192 2818 1231 2894 in
1245 2817 1434 2924 predictis.

295 3077 403 3154 Anno
423 3095 461 3154 et
481 3079 543 3156 die
561 3077 701 3183 quibus
720 3105 842 3185 supra.

292 3208 369 3286 XV.
389 3210 519 3286 Frater
537 3210 668 3286 Petrus
689 3211 737 3288 ds
756 3210 892 3288 Sancto
911 3208 1054 3286 Annaeo
1075 3208 1218 3284 ordinis
1238 3208 1326 3284 dicti
1349 3206 1500 3312 Templi
1521 3207 1656 3285 domus

236 3338 356 3414 blansi
371 3338 457 3428 Dei,
478 3339 584 3416 testls
594 3341 741 3447 juratus
751 3340 798 3417 ad
814 3357 937 3416 sancta
956 3339 1027 3416 Dei
1044 3339 1240 3446 Evangelia
1252 3366 1365 3445 super
1380 3337 1553 3444 predictis
1567 3339 1655 3415 arti-

237 3467 330 3545 culis
350 3486 533 3547 eteorum
554 3470 726 3576 quolibet
743 3469 814 3548 sibi
836 3469 1010 3576 expositis
1027 3471 1066 3545 in
1085 3469 1241 3575 malgeri,
1261 3486 1304 3546 ut
1317 3468 1531 3573 principalis
1551 3469 1598 3544 de
1616 3496 1660 3544 se

237 3599 334 3704 ipso,
349 3616 388 3676 et
403 3615 447 3676 ut
460 3600 569 3677 testis
577 3602 625 3677 de
641 3601 740 3690 aliis,
756 3599 956 3705 diligenter
973 3615 1013 3675 et
1026 3598 1213 3703 sigillatim
1227 3598 1489 3701 interrogatus,
1501 3606 1656 3702 respon-

239 3728 333 3804 dens
344 3727 393 3803 ad
407 3726 589 3830 primum,
605 3754 791 3804 rr-xxrnx
807 3726 982 3804 mucules
993 3726 1192 3812 inclusive,⁴
1204 3724 1402 3834 diligenter
1416 3741 1454 3801 et
1468 3724 1656 3831 sigillatim

238 3859 504 3965 interrogatus,
524 3858 669 3964 negavit
683 3857 784 3963 ipsos
803 3855 978 3933 articulos
998 3872 1036 3932 et
1061 3855 1187 3933 omnia
1207 3871 1245 3931 et
1263 3854 1405 3961 singula
1426 3872 1596 3933 contenta
1616 3857 1656 3931 in

239 3988 309 4076 eis3
329 3989 493 4066 adiciens
511 4006 551 4065 sa
571 3989 741 4077 credere,
761 4005 799 4065 et
818 3986 920 4064 idern
939 3986 1045 4092 quod
1063 3987 1112 4063 de
1132 4014 1172 4063 se
1191 3987 1260 4062 scit
1280 3984 1397 4063 credit
1420 3986 1466 4062 de
1487 3985 1568 4063 aliis
1587 3984 1658 4063 lra-

239 4120 360 4200 tribus
386 4120 476 4198 dicti
491 4120 653 4208 ordinis,
674 4120 865 4198 Christum
884 4118 1091 4196 Dominum
1109 4117 1265 4195 lbesum
1286 4144 1435 4223 passum
1450 4114 1565 4195 fuisse
1581 4142 1656 4195 non

238 4279 307 4357 pro
326 4252 404 4330 suis
428 4253 602 4358 peccatis,
625 4267 664 4328 et
682 4278 722 4329 se
739 4250 876 4328 habers
893 4266 998 4357 spem
1019 4248 1236 4326 salvacionis
1253 4247 1428 4326 habende
1448 4250 1656 4356 peripsum

239 4381 372 4460 solnm.
393 4383 531 4461 Dicens
547 4383 665 4461 eciam
677 4381 781 4488 quod
795 4381 872 4486 ipse
888 4396 927 4456 et
937 4380 1051 4459 ceteri
1068 4378 1196 4456 fratres
1212 4379 1303 4456 dicti
1312 4379 1455 4457 ordinis
1471 4406 1558 4455 cunr
1572 4379 1657 4484 qni-

238 4511 310 4590 bus
329 4531 562 4592 conversatus
582 4529 654 4600 est,
676 4529 714 4590 et
730 4512 833 4588 idem
854 4511 972 4588 credit
993 4492 1043 4587 de
1055 4509 1151 4598 aliis,
1175 4527 1388 4588 reverenter
1407 4509 1456 4588 ob
1474 4506 1656 4586 honoram

240 4644 391 4721 Domini
407 4644 522 4723 nostri
540 4641 702 4720 crucifixi
716 4641 833 4721 lbesu
850 4666 998 4720 crucem
1014 4659 1074 4719 ter
1087 4641 1241 4747 singulis
1249 4642 1356 4719 annis
1366 4641 1538 4727 adorant,
1554 4640 1658 4718 vids-

239 4773 325 4852 licet
350 4773 389 4850 in
414 4774 476 4852 die
500 4773 656 4855 Veneris
678 4790 800 4851 sancta
825 4791 863 4850 et
883 4774 921 4849 in
935 4772 1090 4850 duobus
1109 4770 1213 4873 festis
1234 4772 1377 4851 Sancte.
1390 4770 1538 4859 Crucis.
1558 4784 1596 4848 et
1618 4798 1656 4847 se

1440 4920 1488 4982 6ι.
