4230 5956
678 465 871 558 rnocus
904 485 1000 555 oss
1032 484 1336 557 rsurmsns.
1644 491 1710 562 191

296 638 534 700 correxerunt
549 647 612 697 eos
628 650 697 699 nec
709 624 1031 703 denunciaverunt
1044 625 1227 713 Ecclesie3
1243 651 1321 700 non
1338 641 1465 699 tamen
1481 625 1718 733 creditquod

295 756 334 829 in
359 754 459 830 dicto
489 753 621 828 ordine
647 770 772 832 essent
798 781 956 832 errores.
978 754 1132 831 Audivit
1155 755 1230 831 dici
1255 754 1517 859 quod-eorum
1543 756 1716 861 capitulis

295 882 390 959 clam
400 883 626 960 tenebantur
640 886 742 989 apud
756 885 878 977 Aus0,
892 883 1008 962 nullis
1021 884 1262 989 presentibus
1277 884 1347 976 nisi
1365 881 1545 960 fratribus
1563 885 1719 979 ordinis,

295 1014 496 1121 aliquando
512 1014 559 1090 de
578 1033 699 1092 nocte.
719 1015 901 1093 Ordinata
917 1044 985 1120 per
999 1045 1177 1123 magnum
1194 1015 1412 1121 Magistrum
1428 1042 1514 1090 cum
1530 1035 1714 1096 conventu

296 1162 473 1223 servasset
495 1161 596 1221 totus
621 1147 732 1238 ordo,
759 1164 887 1224 eontra
911 1175 1026 1253 quem
1048 1176 1148 1223 nunc
1167 1146 1322 1254 grandia
1346 1143 1532 1233 scandala,
1554 1149 1715 1253 suspicio

296 1293 334 1352 et
351 1275 502 1351 infamia
518 1292 625 1353 sunt·
638 1295 781 1365 exorta,
805 1295 843 1354 et
860 1294 986 1355 contra
1008 1305 1122 1383 quem
1145 1276 1287 1353 audivit
1306 1276 1381 1353 dici
1401 1303 1581 1382 magnum
1601 1279 1716 1386 Magi·

296 1424 414 1481 strum
431 1423 469 1481 et
485 1406 579 1483 alios
600 1407 722 1514 aliqua
736 1407 849 1485 luisse
866 1408 1073 1495 confessos;
1098 1406 1146 1482 ad
1159 1407 1265 1513 cujus
1281 1405 1425 1483 ordinis
1441 1404 1715 1486 deffensionem

295 1563 427 1611 senon
449 1534 648 1613 obtulerat.

350 1667 564 1772 Requisitus
598 1668 626 1743 si
662 1667 715 1742 sic
752 1664 977 1772 deposuerat
1009 1694 1135 1773 prece,
1171 1684 1361 1774 precepto,
1396 1667 1548 1756 timore,
1569 1695 1712 1755 amore,

276 1795 401 1886 odio,
422 1794 479 1871 vel
514 1796 711 1901 temporali
750 1797 910 1874 comodo
938 1797 1066 1874 habito
1090 1797 1146 1873 vel
1173 1796 1368 1886 babendo,
1393 1796 1587 1898 respondit
1609 1798 1715 1902 quod

168 1988 173 1995 .
295 1951 386 2013 non,
423 1927 490 2001 sed
529 1953 597 2030 pro
636 1927 787 2002 veritate
824 1925 1001 2013 dicenda,
1041 1927 1102 2002 cui
1128 1924 1205 2001 luit
1237 1925 1448 2029 injunctum
1486 1925 1589 2029 quod
1636 1954 1713 2003 nou

294 2054 473 2130 revelaret
497 2054 593 2129 hanc
612 2082 718 2129 suam
740 2053 1038 2159 deposicionem',
1071 2081 1269 2161 quousque
1296 2052 1555 2129 attestationes
1574 2052 1715 2131 luerint

295 2183 492 2287 publicate.

350 2313 440 2388 Acta
467 2312 621 2388 luerunt
645 2313 716 2388 heo
739 2312 848 2389 dictis
872 2313 934 2390 die
961 2333 999 2391 et
1027 2314 1128 2404 loco,
1154 2331 1337 2420 presentex
1356 2316 1532 2421 magistro
1553 2314 1711 2408 Amisia

295 2461 444 2549 excepta
474 2443 607 2519 ultima
635 2443 892 2548 depositione,
915 2445 975 2520 cui
1005 2472 1082 2520 non
1110 2443 1296 2532 interfuit,
1326 2462 1365 2521 et
1392 2446 1630 2551 presentibus
1652 2474 1713 2524 me

294 2574 548 2651 Floriamonte
567 2573 784 2664 Dondedei,
806 2573 998 2651 Bernardo
1019 2574 1159 2663 Filioli‚
1180 2572 1387 2652 Guillelmo
1406 2575 1609 2681 Radidpbi,
1631 2578 1714 2655 Ber·

296 2705 413 2780 nardo
433 2704 634 2782 llumbaldi
656 2720 694 2781 et
713 2706 823 2808 Hugo
842 2703 983 2781 Nicolai
1008 2706 1163 2781 notariis
1183 2705 1416 2809 supradictis.

351 2967 437 3043 Post
467 2967 554 3055 hec,
591 2966 652 3041 die
678 2966 785 3042 Lune
814 2982 898 3069 post
928 2965 1077 3041 octabas
1104 2965 1262 3053 Pasche,
1284 2992 1364 3071 rque
1396 2965 1468 3041 fuit
1494 2991 1593 3044 xvuu
1622 2965 1710 3042 dicti

295 3096 433 3173 mensis
452 3095 595 3201 aprilis,
625 3111 881 3171 convenerunt
914 3091 1003 3171 dicti
1037 3094 1184 3171 domini
1212 3093 1443 3171 Mimatensis
1477 3111 1516 3170 et
1542 3095 1712 3171 Lemovi-

294 3226 413 3302 censis
436 3225 622 3330 episcopi,
648 3223 821 3301 Matheus
841 3241 879 3300 et
905 3224 1191 3301 archidiaconus·
1216 3223 1479 3313 Tridentinus,
1501 3224 1582 3299 aliis
1601 3251 1712 3330 supra

296 3353 491 3445 excusatis,
518 3355 557 3431 in
583 3354 699 3431 domo
726 3353 891 3459 predicta
911 3353 1055 3430 domini
1077 3353 1175 3430 Petri
1197 3353 1244 3430 de
1265 3353 1469 3442 Sabaudia,
1497 3371 1535 3429 et
1558 3353 1712 3447 fuerunt
1797 3349 1802 3364 ”

295 3485 437 3561 ibidem
457 3485 609 3561 adducti
626 3512 695 3590 pro
712 3484 886 3571 testibus,
905 3484 952 3559 ad
971 3484 1203 3588 presenciam
1224 3484 1463 3571 eorumdem,
1482 3483 1612 3561 lratres
1626 3485 1712 3561 Bar·

294 3615 508 3692 tholomeus
527 3615 698 3692 Bocberii
712 3615 838 3707 miles,
864 3614 1105 3692 Carnotensis
1123 3613 1300 3705 diocesis,
1318 3615 1383 3719 qui
1404 3631 1513 3689 natus
1531 3612 1653 3689 fuerat
1672 3613 1711 3687 in

296 3741 430 3820 diocesi
450 3746 697 3833 Ruthenensi‚
718 3760 755 3820 et
770 3743 990 3848 Radulpbus
1005 3743 1161 3820 Louveti
1177 3744 1356 3830 serviens,
1375 3743 1610 3819 Ebroirensis
1630 3739 1712 3816 dio·

295 3875 402 3965 cesis,
430 3877 515 3982 qui,
543 3877 649 3953 tactis
672 3875 912 3953 sacrosanctis
931 3873 1157 3980 Evangeliis,
1180 3875 1402 3981 juraverunt
1425 3873 1549 3948 dicere
1573 3871 1613 3945 in
1639 3869 1709 3946 isto

294 4006 450 4109 negocio
474 4007 624 4111 plenam
645 4024 684 4082 et
703 4032 848 4081 meram
866 4005 1078 4090 veritatem,
1100 4003 1314 4080 secundum·
1331 4002 1488 4079 sormam
1504 4001 1733 4121 juramenti*

295 4132 454 4209 aliorum
483 4137 635 4211 testium
664 4136 838 4238 superius
865 4135 1120 4241 registratam,
1150 4132 1353 4236 expositam
1384 4149 1422 4206 et
1449 4122 1708 4240 vulgaritatem

280 4260 449 4337 eisdem.
709 4272 710 4277 ’

349 4522 438 4616 Quo
454 4522 568 4615 lacto,
583 4523 706 4600 dictus
727 4523 839 4600 frater
848 4523 1162 4612 bartholomeus,
1180 4550 1260 4599 non
1279 4523 1469 4602 defferens
1482 4523 1707 4602 mantellum

295 4652 452 4742 ordinis,
472 4654 561 4760 quia
581 4654 704 4760 ipsum
723 4653 929 4731 voluntarie
951 4652 1142 4731 dimiserat
1166 4653 1282 4731 tercia
1302 4652 1364 4731 die
1384 4672 1470 4762 post
1488 4655 1707 4761 capcionem

294 4810 413 4874 suam,
437 4799 474 4859 et
493 4783 572 4859 radi
594 4783 728 4860 lecerat
748 4784 818 4862 sibi
839 4783 1011 4875 barbam,
1033 4782 1298 4890 sexagenarius
1312 4784 1371 4860 vel
1392 4785 1504 4876 cirea,
1526 4812 1612 4863 eum
1629 4812 1708 4892 quo
