4230 5956
341 486 390 556 aa
596 573 600 579 ,
735 463 1375 556 Pnocnsnnsrnnmmns

340 653 405 703 eos
423 650 495 700 nec
517 622 841 701 denunciaverunt
851 623 1029 700 Ecclesie.
1050 622 1286 701 Elemosinas
1306 641 1344 699 et
1364 619 1660 728 hospitalitatem
1675 620 1770 697 vidit

338 756 610 835 convenienter
628 753 710 831 lieri
740 773 779 832 et
797 755 933 832 servari
956 754 995 829 in
1022 753 1200 831 domibus
1225 753 1370 831 ordinis
1400 752 1439 827 in
1465 752 1606 859 quibus
1631 751 1771 829 exstitit

337 905 604 967 commoratus.
625 886 926 964 Deffendebatur
941 886 995 963 eis
1014 887 1121 992 quod
1133 885 1262 963 illicite
1283 914 1361 963 non
1376 885 1615 992 acquirerent
1630 883 1768 962 ordini.

338 1019 526 1128 Capitulia
545 1018 747 1128 singularia
768 1019 911 1126 quibus
931 1017 1105 1095 interfuit
1122 1019 1351 1097 tenebantur
1370 1017 1484 1105 clam,
1506 1035 1544 1094 et
1565 1015 1771 1125 aliquando

339 1152 571 1260 tempestive.
600 1151 684 1228 Non
705 1150 826 1228 credit
844 1149 950 1258 quod
967 1179 1114 1227 errores
1131 1179 1200 1257 per
1219 1178 1307 1226 eum
1328 1147 1524 1227 contessati
1543 1148 1661 1257 longo
1673 1167 1772 1225 tem·

339 1312 432 1390 pore
458 1282 673 1359 duraverint
699 1283 739 1358 in
759 1281 894 1360 ordine
914 1298 1000 1358 ante
1021 1282 1281 1387 recepcionem
1300 1310 1427 1368 suam,
1450 1279 1518 1356 sed
1538 1280 1773 1357 credulitatis
1849 1272 1855 1280 ⁵

341 1443 492 1492 causam
506 1414 662 1491 nescivit
677 1413 875 1521 assignare.
892 1411 1009 1507 Quod
1022 1441 1182 1520 magnus
1199 1412 1376 1520 Magister
1390 1441 1477 1488 eum
1497 1427 1683 1488 conventu
1698 1426 1772 1487 sta-

339 1546 475 1622 tuisset
484 1561 664 1622 servasset
672 1562 778 1623 totus
793 1543 907 1632 ordo,
925 1561 1053 1621 contra
1068 1573 1184 1650 quem
1199 1573 1300 1620 nunc
1315 1542 1472 1650 grandia
1486 1541 1677 1629 scandala,
1693 1570 1773 1618 sus·

342 1677 442 1785 picio
461 1693 500 1752 et
519 1674 672 1753 inlamia
692 1692 782 1752 sunt
803 1693 946 1762 exorta,
969 1692 1008 1751 et
1031 1693 1160 1754 oontra
1182 1703 1299 1782 quem
1324 1673 1467 1750 audivit
1495 1673 1568 1750 dici
1592 1701 1773 1783 magnum

342 1807 563 1915 Magistrum
583 1823 621 1883 et
635 1805 730 1884 alios
748 1805 896 1912 aliquos
916 1834 1063 1882 errores
1082 1803 1197 1884 luisse
1216 1803 1420 1882 confessos.
1440 1803 1642 1883 Obtulerat
1660 1834 1699 1881 se
1724 1806 1772 1882 ad

342 1937 617 2015 deffensionem
632 1936 778 2014 ordinis
789 1964 864 2012 una
880 1964 969 2012 cum
988 1935 1083 2014 aliis.

397 2069 613 2177 Requisitus
629 2068 661 2144 si
675 2068 728 2144 sic
743 2066 972 2173 deposuerat
986 2095 1109 2173 prece,
1125 2086 1315 2175 precepto,
1331 2070 1483 2161 timore,
1499 2097 1641 2157 amore,
1663 2069 1770 2157 odio,

342 2200 400 2278 vel
419 2198 619 2305 temporali
639 2198 803 2276 comodo
822 2198 953 2275 habito
967 2198 1027 2275 vel
1048 2199 1239 2287 hahendo,
1259 2201 1458 2307 respondit
1471 2199 1579 2308 quod
1594 2229 1684 2292 non,
1704 2198 1772 2277 sed

343 2360 412 2439 pro
431 2329 585 2407 veritate
613 2327 791 2416 dicenda3
820 2328 880 2404 cui
905 2326 978 2404 luit
1003 2329 1218 2437 injunctum
1239 2329 1345 2437 quod
1368 2358 1446 2406 non
1471 2323 1654 2408 re’vclaret
1676 2330 1773 2407 hanc

344 2489 451 2539 suam
471 2459 757 2566 deposicionem
776 2487 978 2566 quousque
998 2461 1259 2538 attestaciones
1278 2457 1421 2536 luerint
1438 2459 1639 2566 publicato.

401 2592 492 2670 Acta
508 2590 664 2669 luerunt
683 2592 756 2668 hee
775 2589 885 2667 dictis
906 2591 968 2667 die
990 2552 1027 2669 ei
1047 2590 1144 2684 loco,
1164 2590 1404 2699 presentibus
1424 2593 1601 2698 magistro
1615 2591 1770 2682 Amisio,

343 2753 405 2802 me
437 2723 695 2803 Floriamonte
717 2721 941 2814 Dondedei,
974 2740 1012 2800 et
1041 2723 1125 2803 aliis
1149 2723 1306 2802 notariis
1336 2752 1449 2829 supra
1476 2722 1615 2802 ultimo
1649 2723 1774 2801 nomi-

346 2873 453 2935 nans.

401 3120 489 3198 Post
507 3121 589 3210 hec,
612 3120 674 3197 die
693 3121 793 3199 Jovis
812 3124 998 3228 sequenti,
1020 3151 1095 3230 que
1114 3123 1187 3202 fuit
1206 3152 1244 3202 ιι
1262 3124 1344 3200 dies
1364 3121 1454 3199 dicti
1475 3123 1616 3199 mensis
1630 3123 1771 3215 Marcii,

344 3249 417 3327 fuit
442 3249 628 3328 adductus
649 3252 697 3328 ad
721 3254 953 3358 presenciam
979 3256 1204 3332 eorumdem
1230 3255 1475 3332 dominorum
1500 3254 1775 3332 commissario-

346 3411 433 3458 rum
453 3400 492 3460 et
515 3382 660 3459 domini
681 3385 841 3472 Mathei,
860 3387 901 3462 in
921 3387 1038 3465 domo
1058 3388 1226 3494 predicta
1249 3388 1409 3464 fratrum
1428 3387 1639 3475 Minorum,
1660 3386 1776 3464 frater

344 3513 573 3622 Baudoynus
599 3514 648 3590 de
672 3514 762 3592 Gisa
785 3518 950 3595 serviens
974 3518 1237 3596 laudunensis
1258 3517 1435 3605 diocesis,
1460 3517 1568 3593 testis
1587 3546 1699 3624 supra
1709 3518 1774 3626 ju-

345 3659 464 3733 ratus,
480 3662 524 3744 nt
542 3644 752 3751 deponeret
766 3647 910 3725 dictum
928 3678 1060 3742 suum,
1075 3649 1302 3726 mantellum
1317 3648 1462 3725 ordinis
1482 3646 1688 3736 defferens,
1707 3648 1773 3754 qui

343 3790 500 3882 propter
518 3774 797 3866 infirmitatem,
818 3796 862 3855 ut
881 3780 993 3873 dixit,
1011 3781 1093 3858 radi
1113 3781 1254 3858 fecerat
1267 3779 1339 3857 sibi
1359 3778 1536 3871 barbam,
1558 3806 1687 3856 mun
1707 3807 1774 3855 an-

343 3934 483 3984 norum
499 3906 559 3984 vel
576 3908 691 3996 eirca,
716 3939 804 3986 eum
828 3941 907 4018 quo
925 3914 1149 4019 inquisitum
1168 3912 1311 4004 fuerat,
1333 3910 1530 3988 absolutus
1548 3927 1586 3987 et
1604 3910 1774 3986 reconci-

344 4040 456 4116 liatus
487 4069 556 4146 per
576 4040 776 4118 dominum
797 4043 1017 4151 episcopum
1035 4045 1310 4132 Parisiensem;
1332 4060 1370 4119 et
1390 4040 1664 4148 protestacione
1688 4068 1774 4145 pre-

346 4170 456 4245 missa
482 4172 588 4276 quod
618 4203 696 4251 nou
729 4174 894 4253 intendit
917 4179 1096 4255 recedere
1124 4206 1146 4253 a
1175 4175 1434 4281 deposicione,
1466 4200 1534 4280 per
1563 4198 1653 4247 eum
1678 4170 1774 4249 saeta

343 4329 468 4379 coram
488 4301 590 4379 dieto
610 4302 765 4385 domino
784 4310 959 4416 episcopo
978 4309 1197 4400 Parisiensi‚
1219 4307 1327 4384 lectis
1352 4324 1389 4383 et
1407 4304 1609 4413 diligenter
1629 4304 1775 4410 exposi-

342 4434 390 4510 tis
408 4433 480 4511 sibi
501 4435 680 4514 omnibus
700 4455 739 4514 et
756 4440 916 4546 singulis
935 4442 1121 4532 articulis,
1142 4440 1340 4545 respondit
1364 4466 1403 4516 se
1424 4437 1588 4524 nescire,
1604 4462 1675 4511 nec
1694 4464 1774 4512 cre-

344 4563 447 4651 dere,
463 4594 534 4643 nec
548 4567 735 4644 audivisse
754 4567 828 4645 dici
843 4569 892 4645 de
906 4571 1095 4647 contentis
1110 4572 1150 4647 in
1164 4572 1253 4677 ipsis
1267 4570 1339 4647 nisi
1356 4557 1461 4677 quod
1475 4568 1659 4677 sequitur.
1674 4566 1774 4662 Quia

344 4720 420 4768 non
432 4694 576 4772 vide'tat
594 4698 762 4804 aliquem
781 4698 900 4775 alium
917 4699 1031 4806 recipi
1051 4701 1091 4776 in
1112 4701 1259 4789 ordine,
1277 4729 1347 4777 nec
1366 4700 1589 4778 interluerat
1601 4697 1774 4806 capitulis

343 4849 489 4912 corum,
511 4854 581 4901 nec
600 4829 805 4906 steteratin
826 4830 972 4919 ordine,
996 4831 1065 4910 nisi
1086 4833 1192 4938 quasi
1211 4861 1280 4939 per
1298 4831 1501 4909 dimidium
1523 4860 1665 4909 annum
1685 4847 1774 4908 ante
