4230 5956
340 484 387 555 so
725 461 922 554 rnoets
948 480 1043 552 uns
1069 478 1370 553 rnnpnrnns.

338 637 516 700 rexerunt
533 648 603 697 eos·
621 647 692 697 nec
708 619 1032 696 denunciaverunt
1050 618 1233 710 Eoc'lesie,
1254 619 1284 695 si
1305 620 1378 695 hoc
1393 616 1513 694 lacere
1532 635 1707 725 poterant
1719 638 1760 701 et

339 754 412 830 hoc
435 750 612 838 sciebant.
633 750 866 826 Elemosinas
889 766 927 825 et
951 746 1244 854 hospitalitatem
1270 748 1364 825 vidit
1389 748 1654 827 convenienter
1673 751 1759 829 lieri

340 899 379 960 et
390 881 525 959 servari
538 881 582 955 in
593 879 770 956 domibus
785 878 929 955 ordinis
942 877 982 953 in
998 876 1136 983 quibus
1148 876 1287 954 exstitit
1301 893 1564 955 commoratus.
1580 880 1622 955 ln
1636 907 1761 988 recep-

339 1014 446 1090 cione
466 1039 532 1088 sua
551 1009 623 1086 fuit
642 1009 677 1085 ei
700 1026 918 1116 preceptum
941 1037 1009 1112 per
1033 1024 1266 1111 receptorem
1287 1035 1398 1084 suum
1421 1007 1527 1113 quod
1546 1008 1673 1088 debite
1695 1038 1759 1089 ae·

339 1143 506 1248 quireret
529 1139 660 1216 ordini
678 1139 819 1246 absque
845 1137 1055 1246 prejudicio
1077 1137 1175 1243 juris
1193 1137 1327 1228 alieni,
1350 1137 1436 1212 etsi
1458 1139 1687 1216 contrarium
1706 1140 1759 1218 la·

338 1288 454 1360 reret,
485 1287 582 1346 esset
611 1299 724 1376 super
750 1269 913 1345 animam
944 1295 1061 1344 suam.
1091 1266 1245 1344 Audivit
1272 1267 1346 1343 dici
1375 1267 1480 1374 quod
1506 1268 1610 1346 clam·
1624 1297 1757 1348 eorum

339 1399 515 1506 capitulia
534 1400 771 1488 tenebantur,
792 1397 907 1476 nullis
919 1396 1157 1504 presentibus
1169 1397 1240 1475 nisi
1257 1396 1433 1473 fratribus
1448 1398 1613 1486 ordinis3
1627 1399 1668 1475 in
1678 1427 1756 1507 quo

341 1549 526 1608 servatum
547 1530 677 1606 fuisset
701 1530 804 1636 quod
830 1556 986 1636 magnus
1013 1526 1188 1633 Magister
1212 1556 1298 1604 cum
1324 1544 1512 1605 conventu
1537 1529 1754 1608 ordinasset.

340 1663 446 1739 Nunc
455 1660 610 1768 grandia
621 1661 802 1748 scandala,
812 1660 971 1764 suspicio
983 1676 1021 1735 et
1032 1658 1187 1734 infamia
1194 1675 1282 1735 sunt
1296 1658 1624 1765 propterpredicta
1632 1678 1756 1738 exorta

339 1809 465 1870 contra
477 1792 662 1883 ordinem,
679 1808 806 1868 contra
820 1818 934 1896 quem
950 1788 1092 1866 audivit
1106 1789 1178 1865 dici
1197 1817 1374 1897 magnum
1385 1789 1605 1896 Magistrum
1615 1791 1755 1870 etalios

338 1921 461 2027 aliqua
481 1921 595 1998 luisse
616 1920 822 2009 confessos3
845 1920 893 1995 ad
909 1919 1014 2026 cnjus
1034 1917 1180 1995 ordinis
1199 1917 1474 1996 deffensionem
1491 1946 1531 1996 se
1551 1919 1753 1998 obtulerat.

394 2051 608 2156 Requisitus
623 2052 653 2127 si
669 2051 722 2127 sic
736 2050 961 2155 deposuerat
975 2076 1101 2153 prece,
1114 2064 1310 2153 precept0,
1323 2048 1634 2139 timore,amore,
1647 2049 1754 2142 odio,

339 2179 397 2255 vel
416 2178 616 2283 temporali
636 2180 837 2256 commodo
864 2177 993 2254 habito
1013 2178 1073 2253 vel
1093 2177 1285 2265 babendo,
1312 2177 1507 2283 respondit
1526 2178 1629 2283 quod
1655 2205 1754 2271 non,

339 2307 405 2383 sed
420 2335 488 2413 pro
507 2309 660 2384 veritate
676 2308 851 2400 dicenda3
870 2308 929 2385 eui
945 2306 1018 2382 suit
1035 2307 1248 2414 injunctum
1264 2308 1365 2413 quod
1378 2335 1454 2384 non
1465 2306 1647 2385 revelaret
1661 2308 1757 2385 hanc

340 2466 445 2512 suam
462 2437 758 2543 deposicioneru,
774 2466 972 2542 quousque
990 2438 1247 2514 attestaciones
1262 2436 1756 2543 suerintpublicat03et-li1it

338 2580 564 2672 protestatus
583 2568 686 2644 idern
707 2569 813 2644 testis
833 2569 872 2643 in
894 2566 1132 2671 deposicione
1153 2596 1221 2643 sue
1239 2567 1404 2671 predicte
1415 2565 1521 2672 quod
1540 2594 1617 2644 non
1637 2567 1756 2644 inten-

338 2696 450 2773 debat
464 2697 639 2773 recedere
653 2727 673 2773 a
685 2697 924 2803 deposicione
942 2695 1032 2772 alias
1048 2670 1116 2801 per
1130 2696 1254 2801 ipsum
1267 2695 1363 2773 lecta
1378 2722 1505 2773 coram
1520 2695 1620 2772 dicto
1635 2695 1757 2773 domi-

339 2856 387 2904 no
404 2827 685 2934 archiepiscopo
705 2828 891 2906 Remensi.
941 2860 945 2873 ··

393 3093 521 3167 Frater
551 3094 682 3168 Petrus
709 3092 756 3170 de
788 3095 898 3171 Siveu
922 3095 1119 3199 presbiter.
1146 3094 1420 3172 Bisnntinensis
1450 3093 1626 3184 diocesis,
1652 3093 1756 3169 testis

337 3248 449 3324 supra
474 3221 638 3326 juratus,
664 3223 909 3329 quadraginta
928 3251 1114 3301 annorum
1134 3223 1192 3300 vel
1220 3226 1334 3312 circa,
1361 3224 1586 3302 mantellum
1613 3223 1756 3301 ordinis

338 3349 539 3435 defferens,
558 3379 644 3426 cum
664 3377 741 3457 quo
763 3353 964 3459 inquisitus
983 3353 1115 3443 suerat,
1137 3353 1332 3430 absolutus
1353 3369 1391 3430 et
1411 3353 1673 3431 reconciliatus
1689 3380 1757 3460 per

338 3479 535 3554 dominum
556 3481 875 3588 archiepiscopum
895 3486 1169 3570 Turonensem,
1186 3483 1291 3560 lectis
1305 3498 1343 3560 et
1362 3482 1564 3589 diligenter
1582 3484 1757 3589 experitis

337 3608 407 3685 sibi
429 3609 604 3685 omnibns
624 3611 836 3718 et-singulis
855 3611 1032 3699 articulis,
1049 3613 1246 3719 respondit
1265 3640 1304 3689 se
1325 3612 1480 3699 nescire,
1498 3632 1570 3689 nec
1587 3610 1753 3699 credere,

337 3765 406 3814 nec
419 3738 601 3815 audivisse
611 3739 684 3814 dici
695 3741 742 3817 de
757 3742 940 3818 contentis
955 3743 995 3817 in
1017 3744 1070 3819 eis
1091 3743 1162 3818 nisi
1177 3741 1283 3849 quod
1303 3742 1485 3846 sequitur,
1503 3740 1756 3847 quianullum

336 3867 451 3945 aliurn
469 3868 612 3944 viderat
630 3870 744 3975 recipi
765 3871 803 3945 in
824 3871 972 3959 ordine,
994 3896 1064 3948 nec
1083 3871 1304 3949 interfuerat
1322 3869 1561 3976 generalibus
1580 3869 1754 3974 capitulis

337 3998 569 4075 eorumdem.
591 3999 672 4104 lpse
692 4017 818 4076 antem
838 4016 1012 4105 receptus
1030 3999 1153 4077 luerat
1171 4001 1210 4076 in
1225 3999 1365 4106 capella
1378 4000 1514 4078 domus
1531 3996 1752 4103 Templide

338 4125 433 4203 Salis
453 4128 550 4223 dicte
572 4128 731 4206 diocesis
749 4129 1033 4221 Bisuntinensis,
1054 4130 1094 4205 in
1117 4129 1259 4206 octabis
1279 4128 1362 4206 festi
1383 4128 1481 4206 beati
1503 4127 1652 4206 Martini
1672 4127 1757 4205 hie·

336 4255 448 4332 malis
461 4258 634 4362 proximo
653 4260 820 4364 preteriti
847 4260 1001 4337 luerunt
1024 4287 1161 4337 novem
1182 4261 1271 4336 anni
1294 4259 1354 4336 vel
1374 4260 1485 4350 circa,
1512 4285 1588 4365 per
1601 4256 1755 4334 fratrem

338 4384 537 4461 Ricardum
555 4385 602 4462 de
613 4388 821 4465 ⁴Botoncort
833 4388 1011 4475 militem,
1028 4406 1285 4495 preceptorem
1300 4389 1399 4465 dicte
1414 4389 1569 4479 domus,
1585 4387 1634 4464 de
1648 4386 1756 4493 cujus

338 4514 411 4591 vita
432 4515 490 4592 vel
512 4532 633 4591 morte
662 4544 739 4593 non
762 4516 876 4594 habet
900 4518 1184 4610 certitudinem,
1207 4519 1444 4625 presentibus
1464 4517 1641 4595 iratribus
1658 4518 1755 4595 Lm-

340 4644 472 4720 rencio·
488 4643 687 4736 deBelna,
708 4646 782 4722 alio
808 4637 909 4725 dicto
935 4648 982 4723 de
1003 4649 1205 4756 Bretansy‚
1226 4647 1755 4756 Henrieocujus-rognomeu

339 4773 499 4879 ignorat,
514 4773 773 4863 servientibus,
785 4772 1008 4856 etGuidone
1019 4778 1066 4855 de
1082 4781 1315 4856 Bontencert
1327 4779 1464 4868 milite,
1478 4774 1697 4865 diffusoris,
1713 4775 1753 4852 in
