4230 5956
453 472 524 545 ms
833 447 1027 540 procus
1058 464 1155 536 nus
1186 463 1491 537 TEMPLIERS:

449 614 522 690 huc
546 609 645 688 salvo
670 634 732 705 me
753 633 830 685 non
851 606 1063 684 interfuisse
1082 605 1298 712 juramento
1322 603 1509 682 dictorum
1538 602 1692 680 fratrum
1716 606 1873 682 Bartho-

448 739 562 819 lomei
579 754 616 815 et
632 736 836 842 Radulphi,
858 764 928 812 uec
940 735 1118 841 magister
1130 733 1293 812 Amisius
1306 734 1572 810 examinacioni
1592 732 1714 812 fratris
1732 737 1872 813 Radal-

385 964 391 971 ι
447 870 533 978 phi,
551 884 664 975 prout
681 866 795 945 michi
814 867 854 942 in
870 866 971 945 dicto
987 865 1071 943 loco
1087 881 1125 942 et
1143 864 1383 971 presentibus
1402 863 1625 942 retulerunt.
1640 902 1644 909 ’

505 1133 594 1209 Post
613 1131 701 1218 hec,
724 1129 785 1205 die
804 1129 976 1218 Veneris,
1005 1129 1043 1203 in
1069 1128 1270 1204 crastinum
1294 1127 1395 1204 beati
1418 1128 1601 1205 lobannis
1619 1143 1705 1203 aute
1725 1146 1870 1233 portam

450 1261 636 1350 Latinam,
663 1244 746 1365 que*
758 1257 829 1335 luit
848 1258 1007 1363 septima
1029 1256 1109 1334 dies
1126 1257 1266 1334 mensis
1284 1257 1392 1347 maii,
1418 1273 1674 1334 convenerunt
1693 1257 1732 1331 in
1757 1257 1871 1333 domo

345 1378 349 1383 ⁵
448 1384 616 1497 predicta
637 1389 783 1466 domini
803 1388 902 1465 Petri
926 1388 974 1464 de
994 1387 1200 1476 sabaudia,
1223 1385 1355 1492 prelati
1376 1386 1521 1464 domini
1543 1387 1794 1466 Narbonensis
1812 1415 1871 1462 ar-

447 1521 724 1625 chiepiscopus,
751 1517 982 1596 Mimatensis
1001 1535 1039 1594 et
1059 1517 1334 1594 Lemovicensis
1359 1517 1540 1622 episcopi,
1563 1517 1737 1594 Matheus
1756 1534 1794 1592 et
1813 1545 1871 1591 ar-

448 1649 692 1726 chidiaconus
708 1647 972 1739 Tridentinus,
995 1664 1033 1723 et
1050 1647 1205 1725 bierunt
1221 1647 1372 1723 adducti
1393 1674 1463 1753 pro
1480 1647 1642 1724 testibus
1658 1647 1706 1723 ad
1722 1674 1874 1752 presen-

448 1778 544 1854 ciam
560 1778 782 1854 eorumdem
799 1776 930 1854 fratres
944 1779 1053 1883 Hugo
1080 1776 1128 1853 de
1146 1778 1281 1855 Naruac
1302 1793 1501 1883 preceptor
1519 1776 1566 1854 de
1581 1776 1760 1882 Espaneis
1779 1778 1872 1852 Xan·

448 1909 636 1999 tenensis,
666 1906 897 1994 Guillelmus
919 1906 968 1983 de
986 1908 1167 2014 Sermoya
1191 1905 1505 2014 Engolismeusis‚
1527 1909 1658 1985 Petrus
1682 1907 1729 1983 de
1754 1906 1869 1983 Nobi·

449 2038 544 2117 liaco
561 2038 847 2128 Lemovicensis,
867 2037 1095 2116 Guillelmus
1112 2037 1317 2115 Audeberti
1332 2038 1655 2146 Petragoriceusis,
1677 2037 1802 2113 Helias
1822 2036 1870 2113 de

449 2169 591 2247 Chasac
620 2169 710 2245 alias
740 2168 861 2245 dictus
892 2168 1034 2261 Cotati,
1062 2170 1196 2245 Petrus
1220 2168 1267 2244 de
1288 2168 1468 2263 Vernhia,
1496 2186 1534 2246 et
1559 2171 1692 2246 Petrus
1717 2166 1870 2245 Geraldi

450 2297 539 2375 alias
555 2298 677 2375 dictus
692 2298 739 2375 de
752 2298 971 2388 Meleduno,
983 2299 1233 2375 Xantonensis
1248 2298 1466 2388 diocesium,
1478 2300 1691 2391 servientes,
1705 2298 1807 2375 missi
1824 2298 1869 2373 ad

449 2428 739 2535 requisicionem
766 2429 953 2505 dictorum
980 2429 1223 2506 dominorum
1244 2430 1587 2509 commissariorum
1611 2457 1679 2536 per
1696 2456 1869 2505 reveren-

451 2559 543 2637 dum
563 2559 604 2634 in
621 2558 771 2636 Christo
793 2576 933 2664 patrem
957 2559 1156 2639 dominnm
1177 2560 1415 2652 Guidonem,
1431 2561 1502 2638 Dei
1517 2560 1638 2669 gracia
1653 2560 1869 2667 episcopum

450 2689 748 2775 Xantonensem,
765 2717 851 2764 cum
873 2688 955 2796 ejus
974 2688 1119 2776 litteris,
1138 2715 1300 2794 quarum
1319 2706 1431 2767 tenor
1449 2689 1605 2767 inferius
1621 2708 1679 2768 est
1697 2691 1868 2767 insertus.

449 2820 543 2914 Qui,
560 2822 668 2898 tactis
689 2819 930 2897 sacrosanctis
942 2818 1168 2927 Evangeliis,
1181 2819 1402 2926 juraverunt
1414 2820 1542 2898 dicere
1563 2823 1603 2897 in
1621 2821 1692 2898 isto
1714 2824 1870 2928 negocio

448 2950 599 3054 plenam
620 2968 658 3027 et
680 2978 820 3026 meram
842 2950 1064 3038 veritatem,
1078 2948 1287 3028 secundum
1310 2950 1468 3028 formam
1486 2951 1687 3060 juramenti
1708 2951 1868 3028 aliorum

449 3079 602 3156 testium
632 3080 805 3183 superius
832 3081 1086 3188 registratam,
1120 3081 1324 3186 expositam
1354 3098 1392 3159 et
1421 3081 1680 3190 vulgarisatam
1712 3081 1867 3159 eisdem.

448 3210 537 3301 Quo
558 3212 776 3316 juramento
803 3227 973 3316 recepto,
999 3210 1121 3287 dictus
1146 3211 1324 3289 dominus
1352 3212 1667 3318 archiepiscopus,
1696 3241 1871 3291 excusans

425 3409 432 3418 .
449 3365 489 3415 se
509 3355 551 3413 ut
571 3366 698 3442 supra,
722 3340 883 3417 recessit.
900 3341 1029 3417 Tenos
1044 3368 1133 3418 vero
1149 3342 1335 3420 dictarum
1351 3343 1559 3421 litterarum
1576 3343 1661 3421 talis
1677 3360 1754 3420 est:
1774 3347 1870 3423 «Re-

449 3469 621 3546 verendis
641 3469 680 3545 in
701 3470 851 3548 Christo
871 3471 1040 3576 patribus
1065 3501 1106 3548 ac
1126 3473 1289 3551 dominis
1311 3472 1582 3579 spiritualibus,
1610 3474 1773 3550 dominis
1799 3477 1867 3551 Dei

443 3600 688 3713 providencia
717 3601 995 3708 archiepiscopo
1024 3604 1277 3692 Narbonensi,
1310 3606 1565 3682 Lemovicensi
1592 3621 1629 3680 et
1656 3605 1866 3682 Mimateusi

450 3731 649 3839 episcopis,
677 3762 718 3810 ac
743 3732 905 3811 dominis
927 3734 1079 3812 Matheo
1102 3737 1149 3813 de
1174 3735 1329 3843 Neapoli
1353 3736 1453 3813 sedis
1481 3736 1683 3842 apostolice
1703 3738 1866 3823 notario,

450 3865 600 3972 majoris
623 3865 743 3943 Caleti
764 3865 1074 3973 Rothomagensls
1102 3884 1139 3943 et
1167 3867 1328 3945 lohanni
1355 3867 1402 3943 de
1428 3869 1580 3945 Mantua
1605 3867 1747 3944 domini
1772 3868 1867 3971 Pape

450 3995 641 4099 capellano
661 3995 883 4071 Tridentine
905 3997 1145 4074 ecclesiarum
1166 3997 1446 4088 archidiaconis,
1468 3997 1606 4089 Gnido,
1624 3996 1693 4074 Dei
1713 3996 1870 4102 permis-

449 4123 552 4199 sione
579 4125 731 4201 ecclesie
758 4126 1006 4204 Xautonansis
1033 4126 1216 4217 minister,
1238 4155 1323 4204 cum
1350 4127 1453 4206 omni
1476 4125 1695 4205 obediencia
1720 4142 1757 4203 et
1779 4125 1869 4203 sub-

444 4251 627 4358 jectione,
655 4281 694 4330 se
723 4255 857 4361 ipsum.
893 4260 1001 4334 Juxta
1030 4275 1236 4335 vestrarum
1264 4256 1398 4335 seriem
1430 4258 1657 4344 litterarum,
1691 4284 1784 4362 quas
1809 4256 1869 4332 die

448 4385 604 4463 Veneris
619 4403 704 4491 post
722 4387 892 4464 octabam
913 4388 1050 4465 Pasche
1069 4390 1283 4494 recepimus
1297 4389 1390 4466 circa
1412 4388 1500 4468 solis
1519 4415 1727 4478 occassum,
1750 4404 1869 4465 vestre

450 4516 634 4592 mittimus
654 4518 865 4593 reverencie
888 4536 1033 4623 septem
1054 4520 1307 4627 Templarios,
1331 4550 1426 4628 quos
1451 4522 1499 4598 de
1518 4519 1668 4626 speciali
1694 4518 1868 4594 mandato

450 4643 593 4722 domini
614 4649 730 4722 nostri
752 4649 890 4725 summi
912 4648 1101 4753 pontificis
1128 4651 1368 4740 tenebamus3
1396 4653 1473 4729 duo
1500 4679 1603 4739 vero,
1628 4651 1695 4757 qui
1722 4647 1867 4725 diucius

449 4773 589 4850 infirmi
607 4777 832 4880 periculosse
847 4778 1017 4869 luerunt,
1034 4796 1188 4883 propter
1203 4780 1467 4884 impotenciam
1487 4759 1762 4866 remanserunt,
1779 4778 1868 4884 quia
