4230 5956
674 463 873 558 rnocts
900 483 994 558 oss
1020 485 1324 560 retinemus
1640 493 1710 565 155

291 621 443 713 ordine,
472 626 668 731 respondit
687 626 791 734 quod
812 624 880 716 sic,
903 627 1055 704 fratrem
1081 628 1332 705 Bertrandnm
1354 628 1401 705 de
1432 629 1595 737 Sartiges
1617 632 1713 708 mili·

289 777 384 847 tem,
402 759 448 834 ad
466 757 610 835 ordinis
621 758 893 836 deffensionem
902 774 1158 864 assumptum,
1176 758 1215 834 in
1231 759 1392 865 quadam
1412 789 1558 838 camera
1574 761 1712 840 domus

289 888 438 994 Templi
468 889 515 966 de
543 889 702 966 Tortosa
729 887 828 964 ultra
852 917 975 976 mare,
1003 917 1070 994 per
1095 886 1248 964 fratrem
1277 887 1424 966 Adeum
1451 889 1500 967 de
1529 890 1712 996 Peyrucza

289 1019 501 1126 quondam,
517 1037 609 1096 tunc
629 1017 873 1096 castellanum
894 1020 992 1098 dicte
1010 1020 1164 1109 domus,
1182 1020 1421 1126 presentibus
1440 1021 1616 1099 fratribus
1635 1025 1715 1100 llu-

289 1178 386 1257 gone
407 1148 455 1226 de
476 1151 589 1256 Nays,
609 1149 762 1229 Visiano
782 1149 830 1227 de
851 1152 975 1229 Moret
1000 1150 1206 1240 militibus,
1235 1151 1455 1241 deffunctis,
1478 1169 1516 1230 et
1539 1152 1711 1259 pluribus

290 1279 372 1356 aliis
392 1280 439 1355 de
460 1279 599 1385 quibus
618 1308 696 1359 non
717 1281 947 1359 recordatur.
969 1282 1012 1358 ln
1033 1283 1141 1391 cujus
1159 1283 1380 1389 recepcione
1404 1311 1481 1360 non
1506 1283 1712 1363 intervene-

290 1428 379 1486 runt
394 1410 492 1487 dicta
511 1410 642 1489 illicite
660 1411 719 1488 vel
730 1409 820 1501 alia,
838 1412 944 1517 quia,
962 1411 1054 1490 dum
1072 1413 1337 1518 recipiebatur,
1355 1413 1427 1490 fuit
1441 1413 1643 1491 clamatum
1663 1416 1711 1492 ad

289 1567 407 1630 arma,
427 1558 579 1646 propter
593 1541 778 1619 insultum
794 1571 910 1649 quem
925 1561 1017 1622 tunc
1033 1543 1226 1621 Sarraceni
1241 1543 1407 1621 fecerant
1427 1563 1554 1622 contra
1575 1574 1655 1638 eos,
1673 1564 1711 1624 et

289 1672 385 1749 dicta
408 1672 469 1749 die
491 1689 529 1749 et
548 1690 657 1751 nocte
677 1673 833 1750 luerunt
851 1674 891 1751 in
913 1674 1093 1754 exercicio
1117 1703 1309 1752 armorum
1332 1693 1461 1753 contra
1485 1676 1604 1754 dictos
1628 1676 1713 1754 Sar-

289 1830 460 1893 racenos,
486 1819 524 1879 et
542 1802 662 1881 credit
680 1804 801 1909 quod,
823 1803 895 1881 nisi
919 1804 1064 1882 dictum
1087 1805 1404 1909 impedimentum
1431 1806 1706 1895 intervenisset,

288 1929 419 2009 fuisset
437 1949 658 2039 preceptum
677 1933 803 2011 eidem
823 1934 1030 2012 bertrando
1046 1934 1150 2040 quod
1167 1952 1320 2040 spueret
1339 1963 1453 2039 super
1471 1962 1639 2024 crucem,
1662 1937 1710 2014 si·

289 2079 352 2139 cut
371 2079 590 2168 preceptum
614 2061 736 2140 fuerat
754 2062 825 2169 ipsi
847 2064 954 2152 testi,
983 2081 1021 2140 et
1047 2065 1150 2140 idem
1178 2065 1298 2141 credit
1323 2064 1428 2170 quod
1449 2064 1710 2169 preciperetur

289 2192 467 2269 omnibus
487 2192 568 2268 aliis
588 2191 765 2270 fratribus
785 2193 823 2268 in
843 2193 1127 2299 recepcionibus
1148 2193 1391 2283 eorumdem
1413 2194 1485 2270 hoc
1502 2212 1628 2271 tamen
1644 2195 1710 2275 ali-

288 2338 346 2399 ter
365 2322 501 2411 nescit,
524 2350 593 2399 nec
612 2322 732 2401 credit
750 2324 857 2429 quod
876 2323 948 2401 alia
968 2323 1097 2401 illicita
1117 2323 1386 2403 intervenirent
1401 2323 1441 2399 in
1459 2324 1568 2402 dictis
1586 2354 1710 2435 recep

288 2453 459 2531 cionibus
474 2451 634 2531 aliorum
650 2451 709 2529 vel
723 2471 819 2559 post.
838 2451 990 2531 Audivit
1008 2471 1136 2531 tamen
1156 2452 1374 2560 frequenter
1386 2453 1618 2560 inproperari
1636 2456 1706 2535 sibi

288 2600 326 2659 et
344 2581 426 2659 aliis
447 2583 623 2660 fratribus
644 2580 789 2661 ordinis
808 2580 936 2690 jocose
956 2582 1003 2660 ab
1022 2583 1279 2690 Hospitalariis
1303 2583 1409 2688 quod
1428 2583 1468 2659 in
1493 2611 1624 2662 eorum
1649 2616 1708 2664 re-

288 2714 529 2820 cepcionibus
544 2712 811 2791 osculabantur
824 2731 970 2791 tantum
987 2713 1026 2791 in
1042 2742 1125 2793 ano.
1146 2714 1262 2801 Item,
1285 2712 1378 2790 dixit
1393 2714 1497 2820 quod
1513 2715 1610 2792 bene
1630 2745 1709 2794 cre·

287 2845 402 2923 debat
423 2845 682 2924 ecclesiasticis
710 2846 967 2933 sacramentis,
999 2845 1156 2922 credens
1185 2844 1291 2950 quod
1317 2843 1379 2920 alii
1405 2841 1537 2920 iratres
1563 2846 1707 2925 ordinis

288 2976 422 3053 eodem
444 2979 560 3054 modo
585 2976 799 3066 crederent,
823 2993 861 3055 et
879 2977 985 3083 quod
1011 3005 1144 3054 eorum
1167 2975 1525 3054 sacerdotesdebite
1545 2977 1708 3056 celebra·

286 3123 382 3184 rent.
406 3108 448 3183 ln
466 3106 802 3184 terminacionibus
821 3106 1108 3214 capituliorum,
1133 3106 1215 3185 laici
1235 3107 1300 3213 qui
1321 3135 1363 3183 ea
1384 3106 1561 3183 tenebant
1580 3109 1707 3186 remit-

285 3237 415 3316 tebant
430 3235 625 3325 fratribus,
645 3266 689 3315 ex
703 3253 886 3345 potestate
903 3265 1015 3343 quam
1032 3236 1222 3315 habebant
1237 3267 1257 3314 a
1272 3235 1467 3346 Magistro,
1486 3236 1707 3317 inobedien-

285 3369 359 3445 cias
380 3395 532 3457 eorum,
556 3385 594 3445 et
612 3367 868 3474 precipiebant
887 3367 993 3473 quod
1020 3369 1067 3444 de
1093 3367 1253 3475 peccatis
1280 3395 1413 3446 eorum
1437 3364 1707 3447 confiterentur

286 3498 543 3575 sacerdotibus
568 3497 731 3585 ordinis,
761 3498 826 3605 qui
850 3497 1040 3575 habebant
1062 3526 1176 3604 super
1196 3525 1260 3574 eos
1279 3497 1461 3603 majorem
1481 3513 1703 3602 potestatem

285 3657 399 3735 quam
420 3629 499 3720 alii,
523 3627 580 3705 vel
600 3628 682 3705 aliis
701 3627 884 3737 religiosis
903 3646 967 3705 aut
986 3628 1227 3707 secularibus.
1257 3626 1513 3706 Promitebant
1532 3630 1705 3706 ordinem

286 3786 362 3835 non
383 3760 493 3836 exire.
516 3758 650 3836 Statim
669 3788 737 3864 pro
757 3758 934 3865 professis
951 3757 1199 3837 habebantur.
1216 3757 1457 3836 Clandestine
1477 3757 1706 3863 recipieban-

283 3903 357 3978 tur,
386 3890 501 3967 nullis
527 3889 765 3994 presentibus
792 3889 863 3968 nisi
890 3889 1066 3968 fratribus
1094 3889 1255 3977 ordinis,
1286 3917 1328 3966 ex
1355 3915 1432 3992 quo
1460 3885 1578 3963 credit
1599 3891 1705 3993 quod

285 4038 381 4098 esset
402 4020 565 4126 suspicio
592 4036 721 4097 contra
746 4048 821 4099 eos.
851 4019 1029 4098 Cordulis
1048 4019 1153 4096 unde
1171 4019 1347 4096 volebant
1365 4015 1563 4121 assumptis
1582 4016 1705 4126 cinge-

282 4147 420 4225 bantur
439 4178 551 4255 super
570 4150 738 4229 camisias
753 4178 840 4227 cum
855 4150 995 4256 quibus
1009 4148 1192 4256 jacebant
1213 4147 1479 4254 lnjungebatur
1498 4146 1551 4223 eis
1569 4177 1638 4254 per
1654 4179 1706 4228 sa·

285 4298 516 4359 aramentum
537 4307 584 4356 ue
604 4280 810 4356 revelarent
823 4296 964 4356 secreta
979 4277 1260 4384 capituliorum,
1279 4277 1326 4354 de
1344 4278 1460 4356 modo
1475 4281 1704 4387 recepcionis

283 4414 322 4489 in
338 4409 488 4517 speciali
505 4437 581 4486 non
598 4408 724 4486 habita
738 4409 955 4495 mancione,
973 4408 1091 4514 etqui
1109 4435 1150 4484 ea
1165 4408 1390 4485 revelassent
1402 4407 1561 4521 graviter
1581 4413 1702 4517 puniti

283 4542 451 4620 fuissent.
468 4541 615 4616 Fratres
635 4538 794 4615 scientes
814 4566 959 4616 errores
978 4538 1134 4615 fuerunt
1147 4538 1396 4648 negligentes,
1419 4537 1604 4642 quianon
1624 4570 1705 4620 cor·

283 4688 461 4750 rexerunt
481 4699 545 4748 eos
569 4699 637 4746 nec
660 4668 980 4746 denunciaverunt
1005 4667 1180 4747 Ecclesie.
1204 4669 1435 4748 Elemosinas
1455 4684 1493 4745 et
1511 4671 1704 4780 hospitali·

284 4808 399 4881 tatem
414 4802 508 4879 vidit
523 4800 786 4878 convenienter
800 4797 881 4878 lieri
899 4818 936 4878 et
950 4800 1084 4879 servari
1101 4800 1140 4877 in
1155 4801 1334 4879 domibus
1350 4797 1493 4879 ordinis
1507 4801 1547 4880 in
1563 4806 1703 4912 quibus

370 4937 475 5002 rnocis
497 4960 548 5000 nes
569 4957 835 5001 rennuens-n.
1515 4963 1555 5005 20
