4230 5956
661 468 858 559 pauens
883 484 979 558 nss
1003 482 1303 562 renuntians.
1618 481 1684 555 181

276 629 334 708 vel
348 624 546 733 temporali
562 622 725 703 comodo
745 623 874 702 habito
888 622 947 701 vel
962 622 1150 713 babendo,
1169 620 1366 729 respondit
1385 622 1489 728 quod
1509 651 1604 711 non,
1626 625 1693 702 sed

276 787 344 867 pro
363 754 715 844 veritaterdicenda3
748 754 809 831 cni
831 751 903 834 fuit
925 752 1137 862 injunctum
1160 752 1267 860 quod
1292 780 1370 831 non
1393 752 1576 830 revelaret
1598 754 1693 834 hanc
1802 833 1808 844 ,

277 917 381 968 suam
404 886 711 993 deposicionem,
731 911 930 992 quousque
950 882 1209 962 attestaciones
1228 880 1369 960 luerint
1387 883 1588 990 publicata.

325 1154 464 1229 ,Frater
486 1145 699 1229 Gauiredus
728 1149 776 1225 de
795 1144 1048 1226 Montchausit
1066 1143 1246 1234 serviens,
1275 1145 1590 1224 claramontensis
1614 1147 1696 1224 dio·-

280 1284 388 1369 cesis,
409 1279 513 1359 testis
537 1306 648 1384 supra
663 1278 828 1386 juratus,
849 1274 1071 1354 mantellum
1092 1291 1131 1352 et
1148 1274 1302 1354 barbam
1323 1275 1529 1370 defferens,
1546 1277 1694 1386 triginta

279 1413 449 1519 quinque
467 1437 652 1487 annorum
671 1408 731 1485 vel
749 1408 866 1498 circa,
888 1437 975 1485 cum
995 1433 1072 1513 quo
1094 1405 1316 1514 inquisitum
1341 1406 1480 1500 fuerat,
1501 1407 1696 1486 absolutus

280 1559 317 1618 et
338 1537 598 1619 reconciliatus
619 1567 688 1644 per
710 1537 910 1616 dominum
937 1535 1256 1643 archiepiscopum
1282 1538 1562 1628 Turonensem,
1591 1538 1697 1615 lectis

281 1687 319 1748 et
334 1668 534 1778 diligenter
552 1667 624 1746 sibi
647 1666 824 1746 omnibus
843 1684 883 1745 et
900 1665 1057 1774 singulis
1077 1665 1257 1754 articulis,
1280 1667 1474 1773 respondit
1486 1668 1590 1774 qtrod
1610 1667 1697 1744 nul·

280 1799 361 1879 lum
383 1799 500 1878 alium
518 1796 661 1876 viderat
684 1797 798 1903 recipi
823 1797 863 1874 in
887 1795 1041 1884 ordine,
1065 1795 1169 1874 unde
1189 1793 1395 1887 nesciebat,
1417 1823 1486 1873 nec
1505 1794 1695 1889 credebat,

279 1956 349 2007 nec
365 1927 556 2006 audiverat
573 1928 646 2005 dici
662 1927 710 2006 de
727 1926 912 2005 contentis
928 1926 967 2002 in
984 1925 1093 2002 dictis
1112 1925 1276 2002 articulis
1295 1924 1367 2002 nisi
1387 1925 1492 2030 quod
1507 1926 1695 2033 sequitur:

279 2057 381 2135 Dixit
403 2059 505 2134 enim
529 2085 569 2134 se
592 2053 707 2132 luisse
732 2071 945 2160 receptum,
971 2055 1011 2129 in
1034 2053 1130 2131 festo
1154 2054 1430 2132 Purificacionis
1452 2053 1562 2133 beate
1581 2057 1696 2133 Marie

282 2187 452 2294 proximo
475 2185 654 2292 preterito
680 2184 833 2262 metunt
855 2184 1001 2261 circiter
1018 2209 1097 2261 auu
1119 2183 1225 2270 anni,
1249 2183 1289 2261 in
1310 2185 1460 2292 grangia
1479 2185 1629 2292 Templi
1650 2185 1698 2264 de

281 2315 453 2396 Montilio
475 2314 789 2395 Claramontensis
807 2313 981 2402 diocesis,
997 2341 1066 2419 per
1087 2311 1237 2391 fratrem
1256 2314 1489 2392 Dalmacium
1505 2314 1580 2395 Gili
1599 2315 1698 2394 mili·

281 2465 359 2525 tem
374 2444 584 2553 quondam,
601 2442 838 2550 presentibus
852 2441 1029 2522 fratribus
1043 2441 1197 2521 Goliero
1213 2443 1341 2523 Garini
1357 2445 1576 2550 presbitero,
1589 2446 1699 2524 Petro

281 2577 399 2657 Vince
415 2593 454 2653 et
473 2574 619 2653 Andron
635 2572 763 2652 lacobi
780 2572 1038 2662 servientibus,
1053 2600 1149 2680 quos
1168 2574 1287 2652 credit
1300 2578 1434 2665 vivere,
1454 2576 1493 2654 in
1508 2578 1610 2654 hunc
1624 2606 1701 2656 mo

284 2706 377 2784 dum
394 2737 402 2782 :
420 2733 506 2782 nam
522 2732 607 2781 cunr
622 2703 873 2809 requisivisset
883 2730 1018 2810 panem
1031 2720 1069 2780 et
1087 2731 1221 2810 aquam
1241 2704 1403 2794 ordinis,
1426 2723 1462 2782 et
1482 2708 1516 2783 ei
1537 2710 1699 2786 concessi

283 2834 455 2927 fuissent,
476 2832 563 2912 lecit
584 2832 706 2910 dictus
725 2849 895 2940 receptor
912 2860 1000 2911 eum
1015 2859 1145 2910 vovere
1166 2849 1203 2909 et
1216 2832 1344 2939 jurare
1363 2860 1478 2940 super
1495 2836 1699 2941 quemdam

285 2963 428 3042 librum
447 2980 619 3069 apertum
642 2962 867 3051 castitatem,
891 2960 1167 3053 obedienciam,
1187 2963 1308 3040 vivere
1330 2963 1410 3041 sine
1431 2965 1602 3070 proprio,
1623 2994 1700 3045 non

285 3094 447 3173 revelare
476 3110 617 3172 secreta
641 3091 909 3199 capitulorum,
933 3118 1079 3170 servare
1103 3091 1325 3171 elemosinas
1344 3111 1383 3171 et
1409 3093 1510 3172 bona
1538 3096 1698 3192 ordinis,

286 3242 324 3301 et
342 3223 469 3302 debite
489 3223 681 3331 acquirere
701 3220 825 3301 ordini
844 3249 914 3301 suo
932 3249 1061 3330 posse;
1080 3238 1119 3300 et
1134 3222 1319 3330 imposito
1333 3222 1405 3302 sibi
1432 3225 1626 3316 mantello,
1646 3226 1702 3305 di-

287 3372 369 3431 ctus
387 3369 556 3459 receptor
580 3369 618 3430 et
633 3369 791 3431 astantes
810 3351 965 3431 luerunt
984 3380 1072 3430 eum
1097 3353 1250 3430 osculati
1278 3354 1317 3430 in
1339 3383 1416 3432 ore.
1438 3356 1484 3433 Et
1503 3356 1624 3437 dictus
1643 3386 1702 3436 re·

288 3501 425 3591 ceptor,
447 3500 532 3590 post
548 3483 761 3590 predictum
781 3482 950 3562 osculum
967 3483 1059 3571 oris,
1080 3481 1153 3560 luit
1170 3483 1358 3563 osculatus
1374 3485 1498 3593 ipsum
1511 3503 1646 3564 testem
1663 3491 1701 3565 in

289 3613 468 3692 umbilico
490 3615 530 3690 in
549 3641 658 3691 carne
680 3612 783 3692 nuda
802 3629 841 3691 et
862 3613 1010 3691 inanca
1028 3614 1161 3720 pannis
1176 3614 1427 3702 intermediis,
1449 3633 1486 3691 et
1505 3614 1613 3694 allata
1632 3616 1703 3695 ibi-

290 3741 377 3822 dem
391 3742 553 3852 quadam
569 3771 678 3822 cruce
696 3743 840 3851 lignea,
860 3744 978 3823 nescit
990 3769 1060 3850 per
1077 3771 1206 3851 quem,
1226 3745 1267 3821 in
1283 3772 1359 3851 qua
1377 3773 1454 3823 non
1474 3762 1553 3822 erat
1569 3773 1702 3854 ymago

290 3872 483 3963 Crucifiri,
500 3874 618 3980 posita
632 3891 916 3980 superterram,
932 3875 1098 3981 precepit
1112 3875 1146 3952 ei
1163 3874 1284 3952 dictus
1295 3890 1466 3981 receptor
1479 3875 1583 3980 qtrod
1598 3903 1706 3980 spue-

290 4022 347 4083 ret
365 4031 480 4114 super
499 4033 601 4096 eam,
623 4022 662 4083 et
683 4005 763 4111 ipse
781 4005 887 4082 testis
907 4031 983 4081 non
1003 4003 1104 4110 spuit
1122 4031 1233 4110 supra
1252 4005 1320 4081 sed
1338 4005 1454 4112 juxta.
1476 4000 1556 4081 Alia
1578 4003 1705 4083 illicita

291 4159 368 4210 non
387 4134 669 4211 intervenerunt
691 4134 730 4209 in
756 4133 853 4211 dieta
877 4154 942 4210 sua
965 4131 1184 4238 recepcione
1207 4131 1265 4208 vel
1283 4149 1385 4237 post,
1411 4131 1515 4239 quod
1534 4135 1706 4213 recorde-

291 4279 365 4351 tur,
378 4278 426 4351 ¹et
439 4263 558 4341 credit
575 4263 680 4371 quod
698 4263 831 4341 eadem
849 4261 948 4340 licita
968 4279 1006 4338 et
1023 4260 1150 4338 illicita
1169 4261 1437 4341 intervenirent
1455 4266 1705 4343 communiter

294 4409 332 4469 et
355 4390 497 4499 ubique
521 4392 560 4469 in
587 4390 870 4499 recepcionibus
894 4390 1053 4469 aliorum
1077 4390 1134 4469 vel
1158 4393 1545 4498 post,etaudivitdici
1561 4394 1704 4472 afratre

294 4519 503 4600 Guillelmo
522 4521 558 4599 la
576 4521 693 4629 Gayta
721 4521 769 4599 de
788 4518 1021 4628 Burgondia,
1046 4521 1085 4597 in
1104 4521 1269 4628 prisione
1295 4521 1573 4615 Matisconensi,
1601 4525 1706 4630 quod

295 4649 391 4727 dicta
415 4649 541 4729 illicita
562 4652 835 4730 intervenerant
856 4651 895 4728 in
914 4652 1132 4758 recepcione
1150 4680 1228 4729 sua.
1249 4653 1361 4744 Item,
1384 4652 1476 4730 dixit
1493 4681 1533 4731 se
1553 4654 1706 4731 credere

295 4780 399 4885 quod
419 4780 549 4860 fratres
569 4781 711 4860 ordinis
726 4781 922 4859 crederent
936 4779 1187 4860 ecclesiasticis
1202 4781 1456 4873 sacramentis,
1473 4782 1612 4890 quibus
1627 4785 1706 4889 ipse
