4230 5956
1393 234 1424 297 'r

457 466 531 541 aaa
836 440 1030 537 nuceas
1060 459 1157 533 nas
1187 459 1492 536 rnurcrnns.

458 622 612 713 spueret
624 630 735 711 supra
755 628 856 691 eam;
873 617 1015 677 etcum
1034 599 1113 704 ipse
1128 594 1235 675 testis
1246 598 1501 704 respondisset
1515 602 1624 707 quod
1637 600 1712 683 boc
1723 605 1868 687 malum

457 751 552 822 erat,
571 734 694 810 dictus
712 748 884 835 receptor
900 729 1033 815 tacuit,
1059 744 1097 804 et
1118 727 1197 831 ipse
1211 726 1317 805 testis
1337 727 1439 833 spuit
1455 757 1533 807 non
1547 757 1657 837 supra
1682 736 1751 812 sed
1761 737 1867 844 juxta

457 864 594 941 ᾰὶοίεω
614 889 775 939 crucem.
804 860 891 935 Post
917 886 991 964 que
1012 856 1105 933 dixit
1134 854 1168 932 ei
1184 855 1310 961 quod,
1332 856 1550 947 secundum
1571 858 1669 939 dicu
1693 886 1868 973 precepta

456 993 616 1082 ordinis,
637 1007 783 1098 poterat
796 987 992 1065 carnaliter
1015 985 1249 1064 commisceri
1263 983 1441 1066 fratribus
1455 988 1600 1066 ordinis
1607 1040 1622 1079 ,·
1635 1008 1673 1069 et
1690 991 1761 1098 ipsi
1781 1025 1865 1075 cum

457 1150 522 1214 eo;
544 1124 618 1198 hoc
636 1137 762 1195 tamen
775 1114 971 1204 confecit,
993 1143 1063 1191 nec
1081 1114 1153 1191 fuit
1166 1114 1385 1219 requisitus,
1402 1143 1473 1192 nec
1497 1116 1618 1217 credit
1633 1122 1740 1225 quod
1756 1122 1796 1201 in
1811 1143 1867 1203 oi*

456 1251 545 1328 diue
559 1251 676 1326 fieret.
696 1246 825 1325 Credit
845 1261 971 1320 tamen
990 1243 1095 1350 quod
1117 1243 1216 1319 dicta
1235 1241 1381 1329 illicita,
1402 1261 1482 1320 acte
1498 1261 1538 1321 et
1552 1244 1649 1324 dicta
1665 1249 1705 1326 in
1719 1279 1868 1357 presen-

454 1382 511 1457 cia
534 1380 692 1457 aliorum
716 1375 782 1481 qui
805 1374 1006 1462 adherant,
1033 1388 1072 1449 et
1094 1400 1171 1449 nnn
1186 1370 1258 1447 alia
1275 1371 1544 1452 intervenirent
1559 1380 1812 1458 communiter
1832 1401 1869 1459 et

454 1508 598 1615 ubique
617 1508 657 1585 in
680 1503 964 1609 reeepcionibus
979 1501 1140 1578 aliorum
1163 1498 1322 1577 fratrum
1341 1498 1487 1577 ordinis
1504 1501 1677 1610 velpost,
1693 1507 1781 1612 quia
1800 1539 1867 1615 per

452 1638 619 1713 eundem
634 1632 793 1712 modum
812 1631 907 1707 vidit
928 1629 1060 1734 recipi,
1080 1628 1120 1705 in
1140 1627 1303 1733 quadam
1330 1655 1475 1707 camera
1489 1631 1792 1747 ,domusjlssempli
1817 1639 1865 1715 de

452 1760 490 1843 ln
503 1764 665 1841 Folhcsa
683 1762 781 1839 dicte
798 1756 1117 1838 Claromcntensis
1138 1755 1316 1848 diocesis,
1332 1784 1401 1862 per
1422 1758 1608 1863 prefatum
1631 1782 1863 1870 receptorem

450 1891 603 1971 lrauem
617 1893 770 1969 Petrum
784 1885 961 1967 Moncelli
983 1886 1223 1977 servientem,
1237 1885 1337 1963 dicte
1351 1885 1525 1981 diocesis,
1547 1888 1744 1971 detentum
1762 1897 1863 2000 apud

449 2021 643 2111 llicmum,
661 2020 757 2097 circa
775 2018 915 2094 instans
929 2014 1067 2092 festum
1083 2016 1321 2093 Pentecostes
1343 2032 1455 2094 erunt
1467 2042 1505 2095 vr
1518 2017 1578 2095 vel
1592 2044 1642 2096 vu
1661 2022 1768 2111 anni,
1785 2052 1864 2128 pre

449 2149 617 2230 sentibus
633 2148 733 2225 dicto
758 2144 869 2221 fratre
891 2143 1063 2222 iohanne
1078 2141 1264 2234 Senandi,
1286 2141 1334 2218 ad
1348 2144 1457 2250 cujus
1471 2144 1689 2225 instanciam
1704 2151 1862 2257 recipie-

447 2277 569 2368 batur,
597 2293 635 2354 et
656 2274 831 2353 fratribus
868 2270 1075 2350 Guillelmc
1104 2271 1278 2378 Vivayrcl
1300 2272 1348 2351 de
1372 2270 1568 2368 Arvernia,
1598 2304 1715 2383 quem
1741 2281 1861 2359 credit

447 2405 584 2496 virere,
608 2420 648 2480 et
671 2400 898 2508 quibusdam
923 2398 1006 2476 aliis
1037 2398 1085 2475 de
1112 2398 1252 2504 quibus
1277 2427 1355 2479 non
1379 2400 1524 2480 recolit.
1553 2404 1671 2497 Item,
1698 2406 1791 2486 dixit
1817 2440 1858 2489 se

447 2532 628 2611 audivisse
648 2530 722 2609 dici
750 2557 772 2606 a
796 2528 896 2605 dicto
920 2527 1031 2604 fratre
1052 2527 1232 2606 Durando
1260 2528 1474 2619 Charnerii,
1502 2533 1686 2612 avunculo
1714 2562 1800 2629 suo,
1817 2538 1857 2615 in

446 2663 610 2769 predicta
637 2689 782 2739 camera
809 2659 856 2737 de
873 2658 1005 2747 Cellis,
1025 2658 1159 2764 elapsis
1179 2659 1331 2737 duobus
1356 2661 1553 2741 mensibus
1577 2663 1635 2742 vel
1661 2666 1756 2743 circa
1774 2687 1857 2773 post
1959 2688 1963 2695 ·

443 2792 703 2898 reeepciouem
730 2789 846 2895 ipsius
868 2789 990 2877 testis,
1016 2787 1132 2865 nullis
1157 2786 1244 2864 aliis·
1262 2788 1519 2895 presentibus,
1547 2793 1730 2898 cumipse
1752 2799 1856 2875 testis

442 2938 588 3025 peteret
613 2923 661 2999 ab
689 2948 736 2998 eo
767 2918 872 3025 quod
896 2917 1115 2996 informaret
1140 2945 1229 2995 eum
1268 2918 1316 2995 de
1341 2919 1490 3024 punctis
1516 2920 1728 3027 religionis,
1747 2928 1854 3031 quod

441 3050 576 3126 ihesus
595 3077 671 3126 non
685 3048 806 3125 luerat
824 3076 953 3152 passus
977 3075 1047 3123 nec
1062 3045 1260 3123 crucifixus
1274 3074 1344 3151 pro
1362 3047 1521 3153 peccatis
1535 3050 1765 3141 nostris,sed
1783 3082 1852 3158 pro

441 3175 537 3263 suis;
566 3176 613 3252 de
629 3204 706 3281 quo
730 3176 833 3251 idem
865 3175 969 3251 testis
997 3173 1069 3253 luit
1095 3174 1338 3255 vehementer
1357 3174 1531 3255 turbatus
1555 3195 1681 3257 contra
1708 3179 1851 3259 dictum

441 3305 667 3382 avunculum
690 3333 818 3391 suum,
835 3320 879 3379 ut
899 3303 1002 3380 dixit.
1035 3302 1083 3379 Et
1102 3303 1226 3381 dictus
1244 3304 1449 3383 avunculus
1468 3305 1564 3385 dixit
1580 3306 1639 3395 ei,
1668 3336 1755 3384 cum
1774 3309 1852 3415 ipse

437 3433 544 3511 testis
564 3433 858 3539 reprehenderet
884 3460 989 3522 eum,
1018 3459 1132 3535 quare
1155 3449 1332 3536 posuerat
1356 3433 1480 3538 ipsum
1507 3433 1547 3509 in
1561 3433 1628 3512 tali
1651 3434 1847 3543 religione,

436 3562 541 3667 quod
557 3580 696 3640 taceret
714 3563 803 3668 quia
825 3560 911 3636 satis
935 3559 1091 3637 haberet
1114 3561 1162 3637 de
1177 3560 1401 3652 infortunio,
1419 3578 1458 3638 et
1476 3562 1556 3669 ipse
1575 3565 1681 3641 testis
1699 3592 1850 3672 respon·

436 3689 492 3768 dit
514 3691 619 3798 quod
642 3688 859 3795 tempestive
887 3688 1108 3795 inceperunt
1132 3689 1203 3765 sibi
1224 3689 1321 3766 dicta
1338 3689 1542 3768 infortunia
1556 3693 1717 3770 evenire.
1733 3695 1845 3784 ltem,

435 3817 528 3897 dixit
546 3820 652 3928 quod
674 3820 752 3924 ipsc
782 3818 879 3894 bene
907 3818 1083 3895 credebat
1105 3817 1362 3897 ecclesiasticis
1382 3820 1637 3910 sacrementis,
1668 3837 1707 3899 et
1729 3823 1847 3900 credit

431 3951 534 4054 quod
554 3951 616 4026 alii
641 3950 771 4026 fratres
786 3948 929 4025 ordinis
946 3947 1081 4025 ecdem
1097 3948 1212 4025 modo
1229 3948 1441 4041 crederent,
1465 3966 1505 4026 et
1520 3949 1624 4056 quod
1640 3977 1771 4030 eorum
1786 3981 1845 4031 sa-

431 4079 601 4156 cerdotes
630 4080 756 4157 debite
784 4077 1028 4156 celebrarent.
1059 4078 1241 4155 iurabant
1269 4079 1442 4156 ordinem
1471 4106 1549 4158 non
1568 4079 1685 4168 exire3
1720 4082 1844 4160 statim

430 4233 499 4311 pro
516 4208 690 4312 professis
712 4208 960 4286 habebantur.
981 4208 1222 4286 Clandestine
1247 4207 1535 4313 recipiebantur,
1562 4208 1678 4311 nullis
1692 4238 1845 4314 presen-

428 4333 531 4413 tibus
559 4336 630 4413 nisi
647 4336 824 4414 fratribus
843 4338 1005 4426 ordinis,
1030 4365 1074 4414 ex
1098 4365 1175 4444 quc
1193 4337 1313 4414 credit
1339 4336 1442 4442 quod
1468 4354 1567 4415 esset
1578 4338 1743 4443 suspicio
1760 4368 1843 4418 con

428 4480 486 4541 tra
510 4492 587 4542 eos.
614 4465 791 4545 Cordulis
815 4465 918 4540 unde
934 4464 1110 4543 volebant
1125 4466 1322 4573 assumptis
1345 4465 1590 4570 cingebantur
1602 4493 1716 4571 super
1733 4470 1840 4545 cami-

426 4591 497 4668 sias
521 4622 608 4671 cum
640 4593 777 4699 quibus
801 4592 986 4699 jacebant.
1020 4593 1096 4685 Qui
1125 4596 1335 4673 noluissent
1369 4594 1489 4673 lucere
1517 4594 1685 4700 predicta
1708 4596 1837 4675 illicita

425 4719 626 4799 confessata
648 4751 714 4826 per
734 4750 843 4813 eum,
867 4721 926 4798 vel
951 4720 1178 4801 revelassent
1200 4741 1339 4803 secrete
1363 4724 1644 4831 capitoliorum,
1664 4753 1739 4832 que
1756 4725 1835 4831 ipse
