4230 5956
433 442 508 512 roe
821 419 1019 512 esoces
1044 437 1140 509 nss
1165 435 1468 509 rrurnmns.

432 581 648 668 inhonesto,
671 578 884 657 secundum
901 580 1022 685 prima
1042 594 1178 657 statuta
1198 578 1338 657 ordinis
1357 578 1515 684 recepit;
1535 579 1623 686 quia
1637 578 1716 684 jam
1738 579 1857 684 perci-

432 711 559 819 piebat
578 710 680 818 quod
707 709 771 786 ille
797 710 933 786 modus
952 736 1021 814 per
1044 736 1159 815 quem
1183 707 1254 786 fuit
1273 726 1447 814 receptus
1467 725 1545 785 erat
1571 709 1793 815 nephandus
1818 727 1855 785 et

432 844 667 949 prophanus,
686 858 723 918 et
740 857 869 917 contra
887 838 1003 917 fidem
1023 839 1251 917 catholicam.

428 1042 431 1047 .
488 976 740 1080 Interrogatus
755 971 948 1058 utrumn,
963 970 1022 1046 vel
1038 986 1142 1047 metu
1156 985 1435 1047 tormentorum
1451 968 1510 1046 vel
1526 971 1700 1057 carceris,
1715 971 1772 1047 vel
1785 971 1854 1048 alia

433 1106 480 1181 de
498 1131 624 1189 causa,
654 1101 818 1208 aliquam
838 1100 1037 1178 salsitatem
1057 1100 1321 1187 immiscuerit,
1344 1116 1410 1177 aut
1427 1099 1618 1176 veritatem
1637 1101 1795 1177 tacuerit
1817 1103 1854 1177 in

431 1235 671 1341 deposicione
692 1261 775 1320 sua,
792 1232 885 1308 dixit
896 1261 964 1337 per
969 1232 1225 1339 juramentum
1241 1259 1351 1308 suum
1368 1231 1575 1337 quodnon;
1593 1231 1710 1309 immo
1724 1261 1855 1336 puram

432 1384 469 1443 et
489 1366 667 1471 integram
689 1391 757 1470 pro
778 1363 894 1440 saluto
916 1363 1039 1440 anime
1055 1391 1121 1440 sue
1143 1362 1285 1440 dixerat
1302 1363 1508 1441 veritatem.

487 1623 715 1719 ltem'anno,
734 1629 936 1717 indicione,
959 1657 1103 1719 mense,
1125 1626 1360 1735 pontificatu,
1378 1655 1477 1705 anno
1498 1644 1536 1704 et
1552 1627 1636 1706 loco
1656 1627 1851 1732 predictis,

431 1760 603 1837 vicesima
624 1760 786 1838 secunda
803 1761 863 1837 die
885 1759 1054 1867 ejusdem
1075 1759 1215 1837 mensis
1234 1758 1412 1848 octobris,
1434 1758 1472 1835 in
1493 1757 1582 1835 dicti
1601 1758 1849 1863 inquisitoris,

431 1908 601 1970 nostrum
620 1892 854 1971 notariorum
874 1908 911 1968 et
939 1890 1257 1996 infrascriptorum
1281 1890 1436 1968 testium
1461 1889 1650 1996 presencia
1676 1916 1854 1996 persona-

430 2020 518 2099 liter
550 2024 772 2101 constitutus
800 2021 912 2099 frater
945 2021 1177 2101 Guillermus
1209 2020 1257 2097 de
1291 2019 1436 2098 Chalou
1468 2020 1606 2124 Regine
1639 2018 1854 2125 clavigerius

432 2152 568 2231 domus
581 2153 628 2230 de
643 2153 678 2229 la
694 2154 809 2229 Trace
824 2155 929 2260 juxta
950 2153 1174 2242 Soisiacum,
1202 2150 1309 2228 etatis
1324 2150 1473 2258 triginta
1492 2166 1655 2257 quatuor
1668 2177 1852 2229 annorum

433 2281 495 2360 vel
511 2283 604 2359 circa
615 2300 670 2372 ,ut
690 2281 854 2371 dicebat;
877 2282 1014 2359 eodem
1026 2283 1142 2360 modo
1153 2283 1302 2390 juratus
1321 2281 1369 2358 de
1390 2310 1430 2359 se
1447 2299 1483 2357 et
1496 2280 1576 2357 aliis
1591 2280 1628 2357 in
1642 2309 1751 2359 causa
1763 2282 1850 2361 fidei

428 2412 595 2516 plenam,
618 2438 751 2516 puram
767 2427 805 2486 et
824 2411 1003 2521 integram
1022 2411 1146 2488 dicere
1159 2411 1367 2498 veritatem,
1384 2428 1420 2487 et
1435 2411 1685 2520 interrogatus
1701 2411 1747 2488 de
1763 2428 1852 2487 tem-

428 2568 521 2647 pore
549 2559 586 2619 et
606 2540 722 2618 modo
746 2569 813 2617 sue
834 2540 1082 2646 recepcionis,
1113 2541 1206 2617 dixit
1233 2569 1301 2646 per
1323 2541 1583 2647 juramentum
1609 2572 1719 2620 suum
1749 2544 1850 2650 quod

420 2671 502 2751 ,fuit
519 2690 691 2779 receptus
716 2673 756 2748 in
776 2671 890 2750 domo
917 2672 964 2747 de
993 2671 1158 2781 Saucayo
1188 2672 1228 2748 in
1249 2672 1409 2750 baillivia
1436 2673 1666 2782 Stampensi,
1687 2702 1755 2780 per
1781 2675 1852 2752 lra·
1881 2756 1884 2761 ,

428 2824 524 2883 trem
540 2805 750 2884 iohannem
770 2804 1043 2883 thesaurarium
1060 2805 1305 2883 Parisiensem
1318 2805 1383 2913 qui
1400 2835 1502 2882 nunc
1517 2823 1589 2897 est,
1602 2808 1698 2884 circa
1713 2807 1852 2885 instans

428 2936 565 3016 festum
589 2937 790 3015 Natiuitatis
824 2936 977 3016 Domini
1008 2955 1118 3015 erunt
1149 2955 1311 3043 quatuor
1337 2938 1442 3027 anni,
1468 2937 1707 3045 presentibus
1739 2938 1850 3015 fratre

428 3069 593 3145 Roberto
624 3086 841 3175 preceptore
867 3069 915 3145 de
943 3069 1126 3177 Saucayo,
1152 3087 1192 3148 et
1214 3085 1432 3176 preceptore
1462 3069 1511 3146 de
1537 3068 1713 3174 Stampis,
1744 3070 1850 3174 cujus

429 3225 637 3304 cognomen
657 3217 713 3277 est
733 3201 780 3278 de
801 3201 1033 3290 Chnntuille,
1056 3201 1124 3280 sed
1140 3202 1186 3279 de
1202 3231 1270 3280 suo
1289 3203 1443 3309 proprio
1463 3202 1617 3281 nomine
1633 3228 1708 3279 non
1728 3229 1850 3278 recor-

429 3327 548 3416 datur,
569 3346 612 3406 ut
633 3331 733 3408 dicit.
751 3332 853 3409 Dixit
873 3333 988 3408 eciam
1009 3361 1077 3439 per
1088 3334 1346 3440 juramentum
1366 3360 1477 3411 suum
1490 3331 1610 3439 quod,
1631 3359 1676 3408 eo
1697 3348 1848 3437 recepto

428 3476 465 3537 et
479 3460 638 3538 clamide
653 3463 701 3537 ad
716 3463 854 3540 collum
872 3467 1007 3570 posita,
1025 3482 1064 3542 et
1072 3465 1290 3572 juramento
1306 3465 1353 3542 ab
1369 3492 1414 3542 eo
1431 3465 1587 3570 prestito
1602 3463 1707 3571 quod
1721 3462 1851 3540 obser-

426 3594 527 3670 varet
547 3594 645 3671 inter
664 3612 785 3672 cetera
812 3616 950 3673 secreta
977 3597 1064 3675 dicti
1091 3597 1252 3686 ordiniS,
1282 3595 1370 3673 dicti
1396 3612 1635 3703 preceptores
1662 3595 1851 3673 duxerunt

427 3754 514 3802 eum
536 3725 583 3802 ad
603 3744 766 3832 partem,
795 3745 845 3817 et,
871 3744 1017 3806 ostensa
1046 3729 1114 3807 sibi
1141 3729 1302 3837 quadam
1330 3757 1440 3805 cruce
1467 3757 1554 3806 cum
1583 3726 1705 3833 effigie
1731 3725 1846 3802 lhesu

426 3856 565 3934 Christi
585 3858 622 3933 in
644 3858 805 3965 quadam
829 3860 982 3948 missali,
1010 3859 1184 3937 dixerunt
1199 3859 1268 3937 sibi
1290 3877 1327 3937 et
1345 3876 1594 3966 preceperunt
1611 3856 1714 3965 quod
1736 3856 1849 3932 abne·

426 4005 527 4092 garet
546 3991 566 4064 J
570 3989 701 4067 hesum
717 3990 927 4079 Christum,
951 4009 988 4068 et
1007 4009 1158 4097 spueret
1172 4019 1283 4098 snpra
1298 4016 1446 4067 crucem
1457 4006 1527 4066 ter.
1545 3989 1617 4082 Qui
1634 3988 1845 4092 respondit,

426 4135 469 4194 ut
493 4118 600 4210 dixit,
622 4123 727 4226 quod
748 4121 855 4199 nullo
884 4123 997 4200 modo
1022 4122 1177 4211 laceret,
1205 4152 1291 4200 cum
1316 4138 1413 4199 esset
1433 4119 1682 4198 Christianus.
1705 4120 1753 4196 Et
1777 4118 1849 4195 luit

425 4252 577 4330 territus
605 4253 689 4360 plus
715 4284 826 4361 quam
848 4285 1013 4362 unquam
1038 4255 1110 4333 luit
1129 4257 1168 4333 in
1193 4255 1265 4332 vita
1288 4283 1372 4342 sua;
1394 4271 1432 4331 et
1452 4253 1577 4350 statim
1596 4281 1695 4329 unus
1716 4279 1846 4329 eorum

425 4385 566 4490 accepit
582 4413 668 4462 eum
688 4414 756 4492 per
775 4404 896 4493 gutur,
921 4387 1050 4466 dicens
1067 4387 1171 4493 quod
1189 4384 1387 4492 oportebat
1403 4383 1508 4492 quod
1527 4385 1601 4462 hoc
1620 4382 1774 4471 faceret,
1791 4381 1848 4457 vel

426 4535 646 4595 moreretur.
660 4519 706 4594 Et
723 4535 813 4594 tunc
833 4519 911 4623 ipse
928 4537 1032 4596 metu
1041 4520 1190 4607 mortis,
1207 4538 1249 4595 ut
1264 4517 1356 4595 dixit
1366 4545 1433 4624 per
1442 4518 1701 4625 juramentum
1717 4542 1845 4602 suum,

425 4646 618 4756 abnegavit
636 4667 695 4727 ter
719 4651 873 4728 lhesum
901 4649 1092 4727 Christum
1120 4678 1202 4740 ore,
1225 4651 1293 4728 sed
1316 4677 1392 4727 non
1413 4648 1542 4736 corde,
1574 4664 1616 4725 ut
1637 4646 1739 4724 dixit.
1762 4646 1845 4737 Quo

424 4776 539 4864 facto,
566 4779 657 4855 dixit
684 4808 752 4883 per
769 4781 1025 4886 juramentum
1051 4808 1161 4858 suum
1185 4779 1287 4886 quod
1314 4778 1482 4857 lecerunt
1501 4805 1589 4855 eum
1607 4775 1732 4883 jurare
1758 4770 1844 4848 dicti
