4230 5956
710 463 907 556 rnocts
933 483 1027 554 nus
1052 429 1354 555 rrnrrrnns.
1661 492 1729 561 su

326 625 525 729 abnegaret
537 620 643 697 illum
658 621 765 726 cujus
784 619 924 728 effigies
935 639 1012 698 erat
1023 622 1076 698 ibi
1091 639 1160 708 ter,
1180 636 1218 698 et
1227 639 1285 699 ter
1299 640 1450 728 spueret
1464 651 1574 728 supra
1587 653 1735 704 crucem

326 770 362 828 et
380 751 588 858 ymaginem
607 751 807 857 predictas,
833 750 1042 856 precipiens
1069 751 1140 827 sibi
1165 752 1267 857 quod
1289 753 1362 829 hoc
1377 751 1528 839 faceret,
1552 771 1587 830 et
1608 754 1736 833 diceus

326 881 427 986 quod
444 881 518 958 hoc
533 898 611 957 erat
626 880 672 957 de
686 880 832 957 statutis
846 881 989 960 ordinis
998 881 1074 970 sui,
1087 909 1159 986 que
1171 882 1248 985 ipse
1259 882 1347 959 lecit
1362 910 1444 972 ore,
1462 899 1499 958 et
1511 909 1586 959 nou
1603 884 1733 972 corde,

325 1027 366 1086 ut
385 1010 487 1086 dixit.
509 1011 601 1088 Item
623 1010 714 1087 dixit
734 1009 836 1114 quod
859 1009 990 1088 fratres
1012 1011 1169 1116 predicti
1189 1028 1379 1115 presentes
1404 1008 1739 1117 discooperuerunt

326 1142 447 1246 ipsum
468 1140 531 1245 qui
558 1140 735 1245 loquitur,
761 1158 797 1217 et
821 1140 942 1217 dictus
964 1140 1076 1217 frater
1098 1141 1316 1246 Radulphus
1342 1140 1526 1218 osculatus
1550 1140 1621 1217 fuit
1649 1170 1736 1218 eum

327 1270 364 1345 in
384 1269 458 1347 ime
478 1270 585 1375 spine
609 1270 725 1358 dorsi,
748 1269 786 1345 in
808 1248 987 1348 umbilico
1008 1272 1101 1346 etin
1122 1299 1198 1347 ore.
1220 1274 1312 1349 ltem
1331 1272 1531 1377 requisitus
1555 1299 1623 1377 per
1635 1272 1739 1379 jura-

327 1416 496 1476 meutum
525 1417 653 1476 utrum
677 1400 711 1476 vi
720 1460 737 1507 ,ι
762 1399 819 1476 vel
843 1390 953 1476 'metu
976 1417 1250 1477 tormentorum
1275 1419 1340 1478 aut
1363 1401 1451 1477 alias
1476 1400 1579 1477 eliud
1604 1400 1738 1478 dixerit

325 1557 438 1634 quam
451 1529 657 1616 veritatem,
673 1528 730 1607 vel
745 1531 783 1605 in
799 1530 986 1633 premissis
995 1529 1239 1606 immiscuerit
1249 1530 1410 1637 aliquam
1420 1529 1631 1618 falsitatem,
1648 1531 1739 1607 dixit

326 1685 393 1761 per
405 1659 663 1763 jurameutum
682 1688 791 1737 suum
812 1659 1027 1764 quod-non,
1051 1676 1088 1736 et
1115 1661 1217 1766 quod
1241 1689 1373 1766 puram
1392 1661 1582 1736 veritatem
1608 1659 1739 1736 dixerit

326 1815 393 1892 pro
411 1787 530 1864 salute
550 1789 769 1866 anime-sue.
791 1790 897 1865 Facta
916 1806 1039 1866 autem
1059 1788 1131 1866 suit
1144 1790 1326 1866 consessio
1346 1819 1412 1866 seu
1429 1788 1617 1893 deposicio
1632 1788 1737 1864 heca

327 1917 426 1993 dicto
437 1917 547 1994 fratre
558 1919 600 1994 N.
613 1918 782 1996 decena
802 1917 984 2022 [Sarraill
1002 1920 1213 2024 juramento
1225 1920 1329 2023 prius
1343 1920 1516 2023 prestito,
1533 1936 1576 1995 ut
1586 1920 1739 2023 premit·

325 2046 427 2132 titur,
451 2046 497 2123 ab
518 2047 651 2125 eodem
669 2045 830 2122 Perisius
850 2047 889 2120 in
909 2046 1021 2121 domo
1041 2046 1205 2150 Templi,
1228 2048 1266 2121 in
1286 2046 1476 2150 presencia
1496 2047 1737 2124 commissarii

327 2175 500 2279 predicti,
520 2202 633 2262 auno,
656 2172 858 2261 indicione,
879 2172 1114 2277 pontificatu,
1132 2202 1229 2251 anno
1248 2191 1285 2250 et
1304 2175 1365 2255 die
1385 2175 1575 2280 predictis,
1593 2204 1739 2281 presen-

325 2304 425 2381 tibus
459 2303 641 2411 religiosis
667 2319 706 2379 et
736 2302 903 2379 discretis
928 2303 1015 2378 viris
1043 2302 1153 2380 fratre
1184 2303 1387 2380 Guillelmo
1412 2305 1597 2393 Durandi,
1628 2306 1737 2383 fratre

325 2436 481 2541 Hugone
502 2434 550 2511 de
569 2410 718 2511 Noithis
745 2450 944 2511 conventus
972 2433 1204 2520 Parisiensis,
1234 2451 1275 2519 et¹
1294 2432 1405 2510 fratre
1430 2400 1553 2512 Felice
1574 2435 1621 2511 de
1640 2437 1738 2514 Foro

326 2581 528 2641 conventus
548 2564 758 2653 Trecensis,
782 2562 927 2640 ordinis
948 2562 1241 2651 Predicatorum,
1267 2564 1424 2641 testibus
1448 2564 1495 2641 ad
1514 2565 1584 2642 hec
1602 2567 1738 2644 vocatis

327 2712 364 2770 et
381 2695 528 2800 rogatis.

383 2960 429 3033 Et
447 2984 516 3063 ego
529 2955 730 3035 Gaufridus
748 2953 938 3060 Enguelor
956 2953 1078 3030 dictus
1097 2951 1257 3057 Chalop,
1274 2952 1446 3029 Dolensis
1461 2952 1739 3057 diocesis-apo-

328 3088 455 3163 stolica
482 3087 696 3164 auctoritate
720 3085 888 3163 notarius
912 3082 1099 3191 publicus,
1121 3082 1310 3189 premissis
1332 3081 1551 3160 confessioni
1577 3099 1615 3158 et
1633 3086 1739 3160 reco-

326 3217 486 3323 gnicioni
504 3215 608 3293 sactis
627 3217 762 3293 adicto
783 3216 824 3291 N.
847 3216 894 3292 de
909 3214 1032 3303 Serra,
1049 3214 1249 3320 juramenti
1265 3214 1485 3318 prestacioni
1508 3229 1547 3289 et
1565 3212 1739 3291 omnibus

328 3365 365 3423 et
383 3345 536 3455 singulis
557 3346 653 3423 dictu
670 3346 731 3423 die
750 3345 848 3424 Jovis
860 3343 966 3434 actis,
986 3372 1061 3421 una
1080 3373 1164 3421 cum
1178 3344 1287 3421 dictis
1302 3343 1475 3431 testibus,
1494 3345 1533 3419 in
1547 3344 1739 3447 presencie

329 3477 417 3553 dicti
438 3475 559 3554 fratris
584 3478 625 3553 N.
659 3476 706 3552 dc
731 3475 917 3564 Anisiaco,
953 3502 1105 3581 presens
1130 3472 1294 3562 interfui,
1318 3475 1357 3549 in
1375 3474 1630 3550 testimonium
1654 3502 1739 3576 pre·

330 3608 529 3684 missorum
539 3635 600 3683 me
612 3606 829 3710 subscripsi,
840 3625 879 3682 et
889 3606 1035 3710 signum
1046 3633 1172 3681 meum
1185 3603 1339 3707 apposui
1355 3617 1575 3678 consuetum
1590 3618 1738 3676 vocatus

329 3754 364 3812 et
383 3756 543 3843 rogatus.

384 3995 432 4069 Et
462 4022 529 4100 ego
557 3998 704 4072 Eveuus
732 3993 838 4100 Phily
867 3992 914 4070 de
946 3993 1081 4070 Sancto
1106 3991 1248 4067 Nicasio
1273 3990 1428 4069 clericus
1456 3989 1741 4095 Corisopitensis

331 4124 505 4210 diocesis,
527 4124 726 4228 apostolice
744 4122 917 4230 publicus
928 4122 1145 4199 auctoritate
1160 4121 1341 4206 notarius,
1362 4119 1552 4227 premissis
1566 4119 1742 4197 omnibus

330 4254 370 4328 in
396 4254 557 4359 presenti
584 4256 686 4358 pecia
711 4271 749 4330 et
774 4253 855 4330 aliis
881 4255 987 4358 signo
1006 4278 1092 4327 meo
1118 4250 1267 4356 signatis
1298 4250 1495 4335 contentis,
1518 4277 1603 4325 cum
1627 4249 1742 4354 magia

330 4402 407 4462 stro
419 4384 601 4463 Gaufrido
614 4383 804 4490 Enguelor
815 4383 916 4460 dicto
928 4382 1086 4486 Chalop,
1102 4381 1254 4470 clerico,
1273 4379 1473 4484 apostolica
1486 4378 1660 4485 publicus
1677 4404 1742 4454 au-

332 4516 497 4592 ctoritate
517 4515 699 4603 notarius,
727 4513 983 4620 suprascriptis
1005 4511 1154 4588 interlui
1174 4538 1343 4614 presens,
1368 4527 1499 4587 etune
1524 4537 1609 4586 cum
1635 4508 1740 4617 signo

331 4664 368 4722 et
394 4645 668 4752 subscripcione
689 4646 770 4752 ejus
789 4647 936 4752 signum
960 4670 1087 4721 meum
1113 4643 1265 4751 apposui
1293 4622 1460 4748 rogatus,
1483 4638 1544 4721 hic
1567 4667 1628 4716 me
1652 4639 1741 4717 sub·

330 4778 504 4858 scribens.

1502 4924 1552 5000 ‘⁸7-
