4230 5956
454 451 529 525 iii
841 432 1038 524 rnocirs
1063 449 1160 521 nes
1184 448 1484 520 rrirrirnirs

453 590 628 669 ordinem
642 618 719 668 non
734 610 853 678 exeat,
869 591 929 669 rel
941 591 1126 697 relinquat
1137 618 1207 695 pro
1219 591 1351 697 majori
1364 588 1422 664 rel
1434 590 1570 665 minori
1582 587 1733 665 ordine:
1748 606 1789 664 et
1802 590 1886 665 linc

453 722 546 799 dixit
566 728 777 827 expressum
794 751 873 798 esse
893 724 933 797 in
953 721 1049 798 libro
1061 739 1283 798 statutorum
1301 738 1339 797 et
1355 720 1483 825 regule
1499 719 1645 796 ordinis
1657 719 1882 824 supradicti

453 852 594 958 absque
613 852 765 928 licencia
788 852 887 928 illius
908 853 975 958 qui
994 851 1187 927 licenciam
1207 850 1296 926 dare
1310 868 1448 956 posset.
1463 851 1715 955 Interrogatus
1731 848 1782 925 de
1794 878 1884 956 quo

455 981 670 1090 intelligunt
687 984 752 1088 qui
768 982 960 1060 licenciam
972 982 1089 1087 possit
1103 982 1210 1068 dare,
1231 981 1324 1057 dixit
1337 980 1442 1087 quod
1460 980 1509 1057 de
1528 981 1685 1057 domino
1702 1008 1798 1086 papa
1817 980 1883 1055 rel

455 1113 503 1189 de
522 1111 699 1219 Magistro
715 1113 847 1219 majori
867 1113 1011 1188 ordinis
1024 1111 1237 1217 supradicti.

510 1243 569 1320 Ad
585 1268 676 1321 xxxv
695 1242 894 1319 articulum
910 1243 1156 1348 respondem,
1172 1241 1364 1319 confessus
1378 1259 1436 1318 est
1452 1257 1626 1317 contenta
1645 1241 1684 1316 in
1697 1242 1782 1346 ipso
1796 1242 1891 1315 arti-

455 1373 541 1451 culo
565 1401 650 1449 vera
673 1401 765 1450 esse.
788 1374 1038 1478 lnterrogatus
1055 1401 1175 1478 quara
1192 1373 1264 1478 ipsi
1283 1371 1414 1448 fratres
1432 1370 1523 1448 dicti
1550 1370 1693 1447 ordinis
1718 1371 1892 1447 inconti-

455 1504 558 1581 nenti
571 1501 702 1580 lratres
718 1521 890 1608 receptos
907 1501 1046 1579 habent
1063 1531 1134 1608 pro
1157 1501 1348 1608 professis,
1376 1502 1467 1579 dixit
1489 1530 1531 1577 se
1551 1502 1696 1578 nescire
1714 1500 1889 1577 reddere

456 1635 656 1721 rationem,
671 1635 741 1711 sed
759 1632 864 1740 quod
881 1633 934 1710 sic
950 1635 1127 1710 usitatum
1140 1651 1197 1712 cst
1212 1635 1250 1709 in
1265 1632 1397 1709 ordine
1411 1633 1636 1738 supradicto.

512 1765 571 1843 Ad
584 1792 691 1844 mvi
704 1783 742 1842 et
752 1791 870 1843 xxxtu
884 1765 1061 1841 articulos
1071 1765 1246 1842 inclusive
1264 1763 1513 1870 respondeus,
1529 1763 1623 1839 dixit
1636 1780 1675 1839 et
1685 1763 1891 1841 confessus

457 1916 514 1974 est
532 1898 637 2005 quod
655 1897 704 1975 de
722 1926 828 1974 more
844 1898 962 2004 ipsius
980 1897 1126 1974 ordinis
1138 1913 1197 1973 est
1206 1897 1358 2003 quando
1369 1925 1488 2002 quum
1498 1894 1630 1971 fratres
1637 1894 1799 2002 alicujus
1813 1897 1892 1973 do-

458 2056 541 2105 mus
557 2057 626 2105 seu
649 2046 852 2106 conventus
871 2028 1041 2136 ejusdem
1066 2027 1210 2105 ordinis
1227 2044 1358 2104 tenent
1377 2027 1583 2132 capitulum
1601 2054 1672 2131 pro
1689 2025 1891 2133 aliquibus

367 2158 373 2167 ⁴
457 2160 692 2246 tractatibus,
716 2160 793 2236 sive
817 2187 887 2265 pro
905 2158 1082 2236 lintribus
1096 2157 1340 2264 recipiendis,
1362 2158 1437 2235 sire
1463 2185 1532 2262 pro
1555 2156 1637 2233 aliis
1659 2158 1825 2264 negotiis
1844 2160 1888 2233 in

458 2288 652 2366 communi
679 2288 896 2376 tractandis,
922 2287 1100 2365 claudunt
1122 2289 1254 2395 januas
1282 2287 1386 2364 illius
1407 2286 1480 2364 loci
1505 2288 1544 2362 in
1569 2314 1647 2393 quo
1670 2288 1889 2393 capitulum

458 2435 600 2494 tenent.
622 2419 671 2494 Et
689 2416 763 2494 lroc
781 2417 883 2493 idem
900 2419 996 2495 vidit
1012 2419 1148 2494 servari
1167 2419 1247 2524 ipae
1264 2419 1331 2524 qui
1349 2418 1520 2524 loquitur
1541 2446 1562 2492 a
1585 2443 1635 2494 xii
1655 2418 1765 2494 annis
1787 2419 1887 2494 citra

458 2545 597 2652 quibus
615 2548 695 2652 ipse
714 2547 828 2624 frater
845 2547 1055 2653 capellanus
1074 2566 1131 2625 est
1146 2548 1290 2626 ordinis
1307 2548 1520 2654 supradicti.

514 2677 573 2755 Ad
584 2704 717 2759 xxxviii
730 2696 769 2756 et
784 2705 888 2756 xxxix
899 2677 1075 2756 articulos
1092 2677 1270 2755 inclusive
1280 2678 1528 2784 respondens,
1544 2677 1637 2754 dixit
1646 2678 1771 2783 quod,
1784 2698 1890 2756 ante

424 2802 430 2809 ¹
458 2837 571 2916 quam
586 2809 665 2915 ipse
679 2829 776 2888 esset
789 2810 900 2888 frater
912 2810 1002 2887 dicti
1019 2808 1178 2898 ordinis,
1198 2809 1340 2887 audivit
1352 2809 1498 2916 aliquos
1509 2807 1710 2915 loquentes
1721 2808 1771 2886 de
1783 2811 1887 2889 dicta

460 2957 598 3018 morata
616 2942 855 3048 recepcione;
871 2941 940 3018 sed
959 2940 1079 3019 credit
1096 2939 1202 3047 quod
1224 2940 1359 3047 aliquis
1382 2941 1633 3045 suspicionem
1650 2939 1789 3016 malam
1804 2970 1886 3020 non

460 3069 650 3158 habuerit,
666 3073 731 3178 qui
745 3071 902 3151 haberet
913 3073 1078 3151 radicem
1089 3101 1177 3151 cum
1190 3073 1274 3150 Deo
1285 3087 1324 3149 et
1335 3070 1477 3149 bonum
1489 3069 1731 3148 intellectum.
1746 3073 1884 3150 Cetera

461 3216 635 3274 contenta
656 3201 692 3274 iri
714 3200 821 3276 dictis
839 3200 1004 3278 articulis
1023 3202 1177 3309 negavit.
1502 3222 1505 3227 '

517 3327 575 3403 Ad
594 3327 746 3406 xl-slv
761 3329 934 3408 articulos
954 3331 1128 3408 inclusive
1142 3333 1371 3437 respondens
1392 3336 1639 3439 interrogatus
1657 3333 1824 3411 districte
1846 3353 1885 3410 et

461 3455 663 3562 sigillatim,
678 3461 829 3567 negavit
848 3461 947 3567 ipsos
967 3462 1140 3540 articulos
1159 3481 1195 3539 et
1215 3464 1339 3539 omnia
1354 3482 1392 3541 et
1410 3463 1553 3572 singula
1567 3480 1738 3540 contenta
1758 3465 1795 3539 in
1813 3467 1882 3541 eis.

518 3589 575 3666 Ad
593 3590 784 3670 xlvi-lvii
806 3593 979 3670 articulos
1000 3593 1175 3670 inclusive
1200 3595 1429 3699 respondens
1447 3597 1695 3699 interrogatus
1712 3594 1883 3670 districte

463 3737 499 3796 et
514 3721 714 3826 sigillatim,
731 3726 873 3829 negavit
894 3725 992 3830 ipsos
1012 3745 1050 3801 et
1070 3726 1194 3801 omnia
1211 3743 1248 3801 et
1268 3727 1409 3831 singula
1425 3742 1597 3801 contenta
1616 3726 1654 3800 in
1672 3726 1736 3801 cis.

519 3853 576 3929 rld
594 3853 785 3932 lviii—lxx
805 3855 978 3932 articulos
1003 3856 1178 3932 inclusive
1199 3857 1428 3961 respondens
1452 3857 1694 3962 interrogatus
1713 3856 1884 3933 districte

463 3999 500 4057 et
514 3984 716 4087 sigillatim,
735 3986 881 4091 negavit
895 3987 994 4091 ipsos
1009 4004 1046 4062 et
1058 3987 1184 4063 omnia
1198 4004 1237 4062 et
1248 3986 1392 4094 singula
1407 4004 1579 4062 contenta
1590 3988 1709 4076 ineis,
1725 4006 1885 4094 excepto

411 4157 417 4170 ·
463 4113 566 4218 quod
586 4116 775 4192 consessus
796 4117 968 4222 estquod
991 4117 1142 4193 cuilibet
1162 4133 1312 4222 recepto
1335 4118 1373 4192 in
1395 4116 1544 4193 fratrem
1559 4116 1646 4193 dicti
1661 4116 1807 4193 ordinis
1828 4120 1886 4194 in-

457 4244 638 4349 jungitur,
652 4263 820 4352 tempore
835 4275 901 4322 sue
919 4248 1162 4353 recepcionis,
1181 4248 1285 4353 quod
1298 4264 1481 4352 perpetuo
1497 4249 1720 4323 incessanter
1731 4265 1888 4353 portent

463 4375 606 4482 cingula
628 4377 684 4454 vel
704 4377 873 4454 cordulas
892 4377 1008 4454 lineas
1027 4376 1084 4457 vel
1102 4378 1225 4455 laneas
1243 4406 1357 4483 super
1375 4378 1579 4467 camisiam,
1601 4380 1639 4453 in
1659 4379 1808 4483 signum
1826 4409 1888 4456 ca·
1959 4466 1963 4471 ,

463 4507 605 4583 stitatis.
627 4509 728 4585 Dixit
747 4525 871 4584 tamen
885 4508 989 4614 quod
1007 4508 1183 4613 predictis
1198 4508 1354 4615 cingulis
1373 4537 1441 4585 seu
1458 4508 1619 4586 cordulis
1638 4536 1714 4586 uon
1727 4526 1888 4617 tangun-

465 4652 523 4709 tur
547 4665 615 4713 nec
641 4640 841 4746 cinguntur
861 4640 978 4745 capita
998 4640 1054 4717 vel
1073 4640 1201 4748 ydola,
1223 4640 1422 4745 dequibus
1443 4641 1584 4717 mentio
1597 4638 1641 4716 lit
1660 4640 1699 4715 iii
1717 4640 1887 4718 articulis

463 4766 694 4866 supradictis.
