4230 5956
715 461 910 552 rnocns
935 479 1031 550 nns
1056 476 1352 551 rnnrmnns.
1665 483 1740 553 sos

330 621 444 698 nibus
458 619 556 710 aliis,
574 635 755 723 quantum
777 618 824 695 ad
839 619 1145 724 abnegacionem,
1162 616 1395 722 spuicioncm
1408 633 1445 692 et
1459 616 1547 705 alia,
1565 645 1630 695 eos
1645 646 1744 696 rece·

328 752 383 855 pit
401 777 468 855 per
487 748 596 824 illum
620 748 789 824 modum.
811 747 1027 854 Requisitus
1055 764 1182 823 utrum
1210 747 1262 838 vi,
1291 745 1349 821 vel
1379 763 1484 822 metu
1504 748 1661 825 carceris
1676 777 1741 825 seu

326 895 620 968 tormentorum,
648 895 712 954 aut
730 878 800 954 alia
822 876 868 954 de
893 905 1019 965 causa,
1039 876 1200 983 aliquam
1226 875 1423 953 falsitatem
1439 874 1574 952 dixerit
1590 894 1655 953 aut
1672 878 1743 955 im·

328 1009 520 1085 miscuerit
535 1009 574 1082 in
595 1007 835 1113 deposicione
855 1036 937 1096 sua,
959 1022 1022 1083 aut
1037 1007 1195 1083 tacuerit
1213 1006 1423 1097 veritatem,
1447 1005 1540 1082 dixit
1558 1035 1627 1112 per
1637 1008 1743 1114 jura-

327 1154 499 1214 mentum
521 1166 632 1213 suum
660 1138 762 1242 quod
787 1165 879 1225 uon,
904 1165 971 1215 nec
1003 1136 1125 1243 aliqua
1145 1135 1324 1212 violencia
1351 1134 1421 1212 sibi
1447 1134 1518 1211 fuit
1543 1133 1652 1223 facta,
1677 1136 1743 1212 sed

327 1296 460 1374 puram
481 1266 674 1343 veritatem
693 1266 846 1343 dixerat.

384 1522 471 1598 Acta
497 1538 584 1597 sunt
609 1524 679 1599 bec
699 1551 812 1613 anno,
838 1523 1045 1608 indicione,
1076 1550 1220 1613 mense,
1247 1523 1324 1611 die,
1348 1521 1567 1629 pontificatu
1598 1542 1635 1600 et
1662 1525 1744 1602 loco

328 1652 523 1758 predictis,
547 1652 783 1757 presentibus
797 1651 979 1761 religiosis
999 1669 1035 1728 et
1055 1654 1222 1730 honestis
1236 1654 1325 1729 viris
1344 1653 1519 1730 fratribus
1538 1653 1744 1730 Laurencio

330 1785 376 1860 de
397 1782 587 1868 Nannetis,
609 1782 777 1858 Johanne
799 1782 855 1871 de,
868 1782 990 1859 Insula
1015 1784 1138 1888 priore
1158 1783 1351 1872 Trecensi,
1377 1801 1414 1859 et
1432 1783 1557 1859 Felice
1581 1783 1628 1858 dc
1646 1783 1744 1890 Fayo

330 1913 471 1991 ordinis
491 1913 786 2003 Predicatorum,
802 1914 973 1989 lobanne
992 1913 1038 1988 de
1053 1913 1235 2000 Farraria,
1254 1910 1459 1989 Guillelmo
1480 1912 1527 1988 de
1549 1911 1742 2016 Choques,

330 2061 366 2118 et
386 2041 575 2146 Stephano
596 2041 643 2116 de
662 2041 884 2132 Matiscone,
907 2039 1065 2116 testibus
1086 2040 1132 2115 ad
1153 2040 1224 2117 hec
1246 2041 1380 2117 vocatis
1405 2041 1612 2146 specialiter
1633 2058 1669 2117 et
1684 2068 1745 2117 ro·

329 2188 432 2277 gatis.

385 2430 431 2506 Et
452 2456 520 2533 ego
540 2426 702 2504 Amisius
715 2428 763 2505 de
776 2429 975 2507 Aureliano
989 2427 1110 2506 dictus
1129 2430 1165 2506 le
1182 2428 1295 2514 Ratif,
1316 2429 1490 2520 clericus,
1515 2446 1744 2507 sacrosancte

331 2561 494 2635 Romane
520 2556 670 2634 ecclesie
704 2557 918 2634 auctoritate
944 2559 1110 2635 notarius
1134 2559 1324 2664 publicus,
1350 2559 1541 2664 premissis
1567 2559 1746 2649 omnibus

332 2705 369 2764 et
387 2686 542 2792 singulis
562 2686 856 2764 confessionibus
875 2688 913 2764 in
931 2688 999 2764 hac
1018 2704 1056 2764 et
1073 2687 1365 2792 precedentibus
1383 2687 1499 2792 peciis
1520 2687 1633 2763 simul
1652 2688 1746 2764 sutis

332 2817 437 2923 signo
457 2844 543 2892 meo
565 2817 714 2920 signatis
739 2817 937 2906 contentis,
963 2845 1037 2893 una
1058 2845 1144 2893 curn
1163 2816 1322 2893 testibus
1350 2833 1386 2892 et
1410 2816 1570 2922 publicis
1592 2817 1746 2892 notariis

332 2975 441 3053 supra
468 2963 504 3022 et
530 2944 786 3052 infrascriptis,
811 2973 963 3051 presens
995 2945 1162 3033 interfui,
1180 2975 1237 3034 ac,
1268 2945 1314 3022 de
1338 2945 1514 3022 mandato
1536 2945 1626 3022 dicti
1648 2972 1745 3023 com·

332 3077 505 3164 missarii,
528 3077 615 3152 huic
638 3077 886 3153 instrumento
909 3105 969 3152 me
994 3076 1193 3183 subscripsi
1215 3077 1253 3151 in
1271 3077 1528 3154 testimonium
1547 3077 1746 3183 premisso-

331 3235 432 3297 rum,
456 3205 626 3311 illudque
647 3207 753 3312 signo
769 3233 854 3283 meo
867 3205 978 3282 solito
992 3206 1129 3311 signavi
1144 3223 1306 3313 rogatus.

387 3467 433 3542 Et
448 3494 516 3572 ego
535 3467 693 3543 lacobus
710 3467 756 3543 de
771 3467 918 3545 Virtuto
939 3467 1096 3544 clericus
1112 3466 1417 3546 Catbalaunensis
1434 3467 1607 3557 diocesis,
1622 3467 1742 3574 publi·

333 3625 396 3672 cus
423 3596 604 3701 imperiali
631 3598 846 3674 auctoritate
876 3598 1056 3686 notarius,
1087 3598 1276 3702 premissis
1304 3597 1479 3673 omnibus
1506 3613 1543 3671 et
1570 3594 1742 3700 singulis,

332 3743 445 3831 prout
461 3726 500 3800 in
516 3726 677 3831 presenti
694 3743 791 3801 carta
805 3755 870 3803 seu
888 3727 992 3831 pecia
1008 3743 1046 3801 et
1068 3725 1283 3830 precedenti
1304 3724 1414 3801 simul
1431 3726 1522 3801 sutis
1537 3725 1643 3829 signo
1659 3751 1745 3800 meo

333 3854 484 3959 signatis
509 3856 755 3942 continentur,
777 3882 954 3931 unacum
978 3855 1136 3932 testibus
1156 3873 1194 3932 et
1216 3855 1378 3961 publicis
1401 3853 1554 3931 notariis
1579 3880 1689 3958 supra
1707 3871 1744 3930 et

333 3982 571 4089 infrascriptis
581 4041 589 4069 ,
600 4010 755 4088 presens
764 3983 931 4073 interfui,
947 4014 1007 4063 me
1018 3984 1236 4090 subscripsi,
1249 4002 1286 4061 et
1300 3985 1446 4090 signum
1456 4009 1582 4059 meum
1593 3981 1744 4059 solitum

335 4113 488 4216 apposui
503 4130 664 4217 rogatus.

389 4371 435 4446 Et
468 4399 536 4477 ego
568 4373 713 4449 Evenus
737 4372 843 4479 Phily
868 4372 914 4450 de
946 4374 1080 4451 Sancto
1112 4373 1253 4450 Nicasio
1282 4374 1434 4452 clericus
1459 4373 1746 4479 Corisopitensis

336 4501 509 4590 diocesis,
529 4502 727 4607 apostolica
747 4502 918 4609 publicus
937 4504 1153 4581 auctoritate
1166 4503 1347 4596 notarius,
1363 4505 1552 4611 premissis
1571 4503 1747 4581 omnibus

336 4646 372 4705 et
388 4630 555 4738 singulis,
578 4650 689 4737 prout
715 4635 754 4708 in
772 4633 933 4738 presenti
958 4633 1084 4711 rotulo
1105 4651 1142 4710 et
1160 4635 1373 4740 precedenti
1400 4635 1621 4741 consignatis
1640 4633 1746 4740 signo

335 4787 420 4837 meo
440 4762 689 4851 continentur,
711 4791 786 4839 una
800 4791 886 4839 cum
904 4763 1062 4841 testibus
1085 4781 1123 4841 et
1137 4791 1246 4870 supra
1265 4782 1303 4842 et
1318 4762 1559 4870 infrascriptis
1575 4762 1744 4854 notariis,
