4230 5956
452 432 527 507 ara
842 411 1039 506 rnocns
1064 429 1160 502 nas
1185 427 1484 501 rnurstnns.
1557 500 1561 505 .

452 576 500 653 de
517 602 645 661 causa,
666 572 830 680 aliquem
856 573 991 651 dixerit
1008 572 1205 649 falsitatem
1229 570 1288 648 vel
1303 567 1551 647 immiscuerit
1569 568 1607 645 in
1630 569 1872 677 deposicionc

449 734 533 792 sun,
563 705 654 782 dixit
671 732 740 811 per
761 704 1017 811 juramentum
1038 731 1146 780 suum
1163 700 1267 808 quod
1292 727 1391 789 non3
1420 701 1538 777 immo
1560 699 1651 779 dixit
1680 730 1810 807 puram
1835 722 1873 780 ct

449 845 591 915 meram
608 837 811 913 veritatem.

505 1100 596 1173 Item
616 1095 730 1172 frater
747 1094 937 1173 lohannes
953 1096 1000 1170 de
1013 1093 1091 1172 Gisi
1107 1092 1289 1198 presbiter
1303 1092 1393 1168 dieti
1420 1090 1574 1179 ordinis,
1590 1092 1697 1168 etatis
1715 1118 1795 1169 xxvi
1814 1123 1871 1171 an·

450 1252 585 1303 norum
603 1225 661 1302 vel
690 1226 803 1312 circa,
821 1225 967 1331 juratus
987 1223 1122 1300 eodem
1141 1222 1259 1299 modo
1283 1223 1329 1300 de
1359 1249 1398 1298 se
1417 1238 1455 1298 et
1481 1220 1562 1299 aliis
1582 1220 1623 1297 in
1647 1248 1756 1301 censa
1782 1220 1870 1300 fidei

449 1354 575 1432 dicere
590 1355 798 1443 veritatem,
813 1370 851 1430 ct
863 1353 1110 1460 interrogatus
1123 1352 1171 1429 dc
1186 1368 1356 1458 tempore
1371 1370 1410 1428 et
1424 1350 1616 1428 modosue
1625 1352 1871 1457 recopoionis,

450 1485 542 1561 dixit
556 1513 623 1591 per
631 1483 885 1591 juramentum
907 1512 1016 1560 suum
1033 1484 1139 1590 quod
1159 1501 1333 1590 receptus
1355 1480 1428 1559 luit
1447 1483 1492 1557 in·
1509 1482 1624 1560 domo
1651 1482 1698 1559 de
1718 1483 1872 1590 baigne-

449 1613 783 1691 ville‘Belvacensis
802 1614 978 1701 diocesis,
997 1631 1073 1691 tres
1095 1613 1180 1689 anni
1203 1615 1342 1690 suntin
1358 1611 1454 1688 festo
1469 1629 1680 1689 sanctorum
1689 1612 1869 1690 lobannis

449 1760 488 1820 et
510 1743 632 1832 Pauli,
659 1771 727 1848 per
757 1742 910 1819 fratrem
934 1742 1173 1848 Radulphum
1202 1745 1250 1820 de
1279 1743 1360 1820 Gisi
1395 1757 1625 1847 receptorem
1648 1740 1867 1846 Campanie,

447 1873 684 1980 presentibus
702 1873 878 1950 fratribus
896 1872 1078 1951 Durando
1108 1872 1226 1951 milite
1254 1872 1342 1949 dicti
1373 1871 1532 1958 ordinis,
1550 1888 1588 1948 et
1604 1871 1772 1948 lobanne
1790 1899 1869 1976 pre·

448 2021 597 2110 captore
618 2005 716 2080 dicte
736 1990 887 2093 domus,
907 2002 1129 2109 presbitero,
1150 2002 1251 2079 Dixit
1269 2002 1386 2079 eciam
1404 2029 1471 2107 per
1484 2002 1739 2107 juramentum
1757 2029 1868 2079 suum

447 2134 567 2240 quod,
589 2151 675 2240 post
694 2133 827 2211 multas
845 2134 1113 2239 promissiones
1132 2132 1179 2209 ab
1199 2159 1246 2209 eo
1265 2131 1377 2208 lactas
1396 2133 1444 2208 de
1464 2129 1707 2208 observandis
1726 2132 1870 2208 statutis

448 2279 487 2339 et
505 2264 655 2340 secretis
676 2262 766 2339 dicti
786 2263 946 2352 ordinis,
968 2262 1089 2339 dictars
1108 2262 1292 2367 recipiens
1311 2263 1476 2340 ostendit
1492 2260 1562 2338 sibi
1581 2261 1740 2370 liguram
1753 2263 1867 2341 Jbesu

447 2393 584 2469 Christi
601 2392 785 2498 depictam
801 2393 840 2467 in
857 2391 1020 2498 quodam
1040 2393 1195 2482 missali,
1218 2411 1256 2470 et
1274 2394 1405 2502 petivit
1424 2393 1472 2470 ab
1491 2419 1537 2471 eo
1552 2410 1681 2470 utrum
1700 2394 1869 2471 crederet

447 2522 487 2597 in
504 2521 614 2598 illum
629 2522 737 2629 cujus
747 2521 867 2630 figura
887 2540 966 2599 erat
984 2522 1059 2614 ibi;
1080 2523 1207 2628 etipse
1223 2523 1315 2600 dixit
1328 2523 1433 2629 quod
1447 2524 1516 2616 sic,
1531 2541 1667 2601 ettunc
1685 2522 1777 2600 dixit
1792 2524 1863 2601 sibi

448 2652 553 2758 quod
573 2651 774 2759 abnegaret
793 2680 881 2730 eum
896 2669 965 2741 ter,
983 2670 1021 2729 et
1039 2669 1097 2729 ter
1111 2669 1260 2758 spueret
1278 2682 1390 2760 suprs
1415 2682 1583 2745 crucem3
1607 2671 1646 2731 et
1671 2680 1759 2730 cum
1786 2655 1866 2760 ipse

450 2783 523 2860 boc
547 2781 666 2860 lacere
693 2784 912 2892 denegaret,
939 2801 1064 2860 tamen
1095 2784 1279 2890 compulit
1307 2813 1394 2862 eum
1425 2784 1584 2874 adhoc,
1610 2783 1869 2891 dicensquod

448 2913 643 3019 oportebat
661 2915 765 3020 quod
784 2913 857 3013 hoc
871 2912 1024 3001 faceret,
1046 2933 1083 2991 et
1105 2933 1193 2992 tunc
1213 2943 1278 2993 ore
1296 2934 1334 2992 et
1348 2943 1426 2995 non
1448 2914 1562 2992 corde
1584 2914 1775 3022 abnegavit
1796 2933 1864 3003 ter,

448 3060 485 3118 et
504 3060 563 3119 ter
581 3043 689 3119 finxit
701 3071 834 3149 spuere
854 3072 962 3147 supra
983 3072 1147 3133 crucem,
1169 3047 1237 3122 sed
1255 3047 1355 3152 spuit
1371 3046 1419 3122 ad
1429 3063 1585 3151 partem.

503 3171 597 3248 ltem
618 3171 709 3247 dixit
727 3202 796 3278 per
808 3172 1065 3277 juramentum
1084 3202 1194 3251 suum
1210 3177 1314 3281 quod
1333 3175 1519 3253 osculatus
1530 3174 1605 3252 -l'uit
1624 3202 1712 3252 eum
1726 3175 1866 3252 solum-

447 3299 562 3377 modo
584 3302 621 3374 in
642 3328 728 3387 ore,
749 3301 837 3377 licet
856 3301 970 3378 fuerit
986 3303 1189 3407 requisitus
1205 3306 1251 3382 de
1267 3306 1470 3383 osculando
1492 3332 1579 3383 eum
1603 3306 1641 3380 in
1667 3303 1864 3394 mnbilic03

448 3430 515 3506 sed
544 3431 754 3507 assistentes
778 3431 952 3507 dixerunt
981 3432 1085 3536 quod
1114 3451 1280 3538 parceret
1315 3436 1401 3524 sibi,
1436 3437 1522 3540 quia
1552 3452 1630 3512 erat
1653 3435 1700 3511 de
1726 3464 1864 3540 genere

447 3587 515 3638 suo
536 3579 574 3637 et
588 3561 770 3638 sacerdos.

502 3694 595 3768 Item
617 3693 710 3768 dixit
724 3722 791 3798 per
800 3695 1056 3799 juramentum
1071 3721 1181 3770 suum
1200 3697 1303 3799 quod
1324 3694 1446 3773 dictus
1465 3697 1648 3800 recipiens
1669 3695 1773 3771 dedit
1792 3695 1863 3771 sibi

446 3821 638 3899 licenciam
661 3823 851 3901 habitandi
868 3853 954 3900 cum
975 3825 1150 3901 fratribus
1176 3825 1265 3903 dicti
1291 3827 1449 3915 ordinis,
1470 3829 1500 3903 si
1526 3855 1603 3904 nou
1623 3845 1748 3933 posset
1773 3854 1865 3903 con-

447 3953 590 4039 tinere;
618 3955 685 4032 sed
708 3953 798 4031 dixit
820 3983 888 4060 per
910 3956 1164 4061 juramentum
1190 3985 1301 4033 suum
1325 3958 1428 4064 quod
1450 3987 1641 4064 nunquam
1667 3958 1767 4045 lecit,
1794 3985 1864 4034 nec

447 4081 519 4158 fnit
542 4084 743 4189 requisitus
769 4086 815 4162 ab
840 4086 977 4192 aliquo.
1004 4086 1104 4162 Dixit
1124 4088 1240 4162 eciam
1269 4117 1337 4193 per
1354 4092 1610 4192 juramentum
1630 4118 1739 4166 suum
1759 4091 1865 4195 quod

446 4212 537 4288 vidit
555 4230 630 4290 tres
655 4215 770 4321 recipi
791 4244 858 4322 per
882 4216 1023 4293 dictum
1046 4217 1194 4294 fratrem
1219 4221 1261 4294 R.
1289 4220 1335 4296 de
1355 4220 1451 4308 Gisi,
1477 4251 1547 4326 per
1569 4221 1681 4297 istum
1704 4223 1863 4297 modum

446 4371 513 4448 per
531 4373 645 4451 quem
659 4346 751 4422 dixit
771 4375 810 4423 se
824 4376 903 4425 esse
919 4365 1127 4454 receptum,
1146 4367 1183 4425 et
1204 4350 1321 4426 eredit
1336 4352 1438 4457 quod
1456 4379 1585 4428 omnes
1605 4351 1666 4428 alii
1682 4350 1864 4456 recipiun-

444 4492 506 4551 tur
520 4505 589 4583 per
608 4476 715 4555 illum
736 4479 905 4555 modurn.

500 4606 748 4714 Interrogatus
758 4626 883 4684 utrum
899 4610 950 4697 vi,
968 4609 1024 4685 vel
1038 4627 1139 4687 metu
1156 4614 1311 4689 carceris
1325 4642 1393 4690 seu
1407 4631 1694 4702 tormentorum,
1715 4629 1779 4689 aut
1792 4612 1862 4688 alin

367 4729 371 4739 “
445 4731 492 4806 de
513 4761 635 4823 causa,
658 4737 821 4843 aliquam
844 4739 977 4815 dixerit
993 4737 1190 4827 falsitatem
1213 4743 1271 4820 vel
1292 4744 1535 4822 immiscuerit
1557 4746 1596 4820 in
1622 4743 1859 4849 deposicione
