4230 5956
624 494 821 585 procus
848 510 944 582 nus
971 511 1271 586 rumpemus.
1615 471 1659 587 rc

237 649 391 758 singulis
415 651 597 743 articulis,
618 650 816 759 respondit
840 678 879 730 se
904 653 1069 748 nescire,
1090 682 1161 731 nec
1186 655 1360 746 credere,
1382 680 1453 731 nec
1476 656 1659 756 audivisse

235 781 308 860 dici
336 783 384 859 dc
413 785 600 862 contentis
625 784 665 862 in
686 786 740 862 cis
760 784 832 863 uisi
856 783 961 892 quod
984 786 1167 894 sequitur.
1188 787 1292 866 Dixit
1316 786 1420 873 enim
1447 786 1553 893 quod
1571 790 1660 895 -ipee

233 911 306 991 luit
317 930 493 1021 receptus
505 915 545 993 in
558 917 720 1023 quodam
734 945 880 994 camera
896 917 1035 994 domus
1048 917 1197 1025 Templi
1215 918 1263 995 de
1278 921 1397 997 Barim
1408 918 1661 995 xantonensis
1777 926 1782 934 ’

234 1046 409 1135 diocesis,
441 1047 536 1125 circa
562 1047 703 1126 festum
729 1047 992 1127 Conversionis
1015 1049 1132 1131 sancti
1157 1051 1262 1127 Pauli
1289 1076 1411 1157 nuper
1435 1049 1659 1157 preteritum

233 1174 388 1254 fuerunt
410 1204 496 1257 xxm
526 1180 613 1258 anni
632 1180 692 1259 vel
710 1166 826 1270 circa,
848 1209 918 1288 per
938 1180 1090 1258 fratrem
1113 1180 1364 1260 Amblardum
1390 1181 1585 1290 quondum
1611 1181 1659 1256 de

233 1308 413 1387 Vienesio
427 1309 609 1399 militem,
629 1329 721 1389 tunc
748 1313 968 1420 magistrum
989 1310 1207 1419 Aquitanie,
1228 1313 1465 1420 presentibus
1484 1310 1660 1390 frutribus

231 1438 404 1517 lohannc
421 1439 572 1520 Gulvuti
592 1441 823 1550 presbitero,
850 1447 960 1522 Petro
980 1445 1160 1536 Danbon,
1183 1444 1351 1522 Fulcone
1372 1445 1420 1521 de
1438 1461 1566 1522 sancto
1586 1442 1664 1521 Ge}

117 1646 122 1658 ,
233 1570 339 1648 nesio
357 1571 627 1664 servientibus,
645 1574 924 1664 deffirnctis,et
934 1577 1165 1685 quibusdam
1188 1576 1272 1653 aliis
1291 1578 1339 1654 de
1359 1575 1500 1682 quibus
1515 1598 1659 1653 nonre-

232 1700 340 1793 colit,
361 1703 401 1780 in
420 1703 523 1804 hunc
541 1706 702 1786 modum
721 1738 730 1783 ε
751 1734 839 1783 unm
859 1708 1044 1814 cumipse
1061 1707 1292 1815 peciissctse
1310 1707 1486 1812 recipiud
1505 1706 1660 1784 societu-

231 1849 313 1910 tem
324 1836 491 1924 ordinis,
507 1854 546 1913 et
561 1838 703 1916 diceret
718 1865 758 1915 se
771 1838 868 1916 velle
884 1838 967 1915 lieri
984 1868 1134 1917 servum
1152 1840 1339 1917 esclcrum
1355 1836 1517 1927 ordinis,
1536 1837 1660 1914 dictus

229 1982 420 2072 receptor,
441 1969 598 2074 prestito
617 1997 687 2075 per
699 1971 960 2077 juramentum
976 1972 1079 2077 quod
1100 1996 1179 2048 non
1194 1987 1273 2047 erat
1291 1969 1655 2054 excommunicatus,
1729 2069 1732 2083 ,

230 2123 301 2172 nec
320 2098 459 2175 debitis
485 2114 561 2204 que
584 2126 662 2176 nou
687 2116 816 2203 posset
839 2099 982 2176 solvere
1010 2099 1220 2207 obligatus,
1241 2124 1311 2177 nec
1335 2096 1576 2181 matrimonio
1599 2096 1658 2173 vel

230 2223 406 2332 religioni
420 2225 529 2303 alteri
538 2227 748 2335 obligatus,
761 2227 851 2304 fecit
865 2257 954 2305 eum
967 2256 1099 2306 vovere
1115 2246 1154 2305 et
1166 2229 1294 2336 jurare
1308 2226 1588 2314 obedienciam,
1601 2252 1660 2302 cu-

230 2354 412 2446 stitutem,
426 2357 547 2433 virere
563 2359 643 2464 sinc
661 2358 831 2464 proprio,
848 2382 994 2437 serrare
1013 2351 1136 2436 bonos
1150 2385 1242 2437 usus
1262 2375 1301 2436 et
1318 2358 1437 2458 bones
1454 2373 1658 2434 consuetu-

230 2491 338 2567 dines
359 2487 522 2576 ordinis,
547 2505 587 2565 et
608 2490 714 2596 quod
741 2490 1015 2612 acquirendum
1040 2492 1197 2567 Tecrum
1220 2491 1395 2568 Sanctam
1414 2487 1563 2597 juvaret
1588 2516 1657 2594 pro

229 2601 440 2727 possesuoss
457 2621 545 2713 Quo
563 2617 678 2709 facto,
698 2618 881 2725 imposuit
898 2621 933 2698 ei
953 2621 1202 2710 mantellum,
1224 2621 1360 2727 etipse
1382 2636 1421 2696 et
1434 2637 1607 2726 receptor
1619 2636 1657 2697 et

231 2752 293 2829 alii
313 2752 391 2830 duo
405 2749 704 2857 lireruntipsum
723 2768 859 2829 testem
880 2752 1043 2831 osculati
1056 2752 1095 2828 in
1113 2779 1193 2830 ore.
1214 2751 1462 2828 Postmodum
1482 2751 1657 2827 instruxit

231 2910 320 2962 eum
340 2899 436 2998 quot
450 2884 563 2962 Pater
580 2899 696 2961 noster
713 2883 855 2959 diceret
878 2912 946 2990 pro
977 2883 1135 2991 singulis
1153 2882 1276 2971 horis,
1299 2899 1338 2960 et
1355 2882 1518 2989 qualiter
1536 2906 1576 2958 se
1594 2906 1657 2958 re-

230 3031 336 3123 geret
367 3016 406 3090 e't
430 3013 588 3091 haberet
619 3014 659 3090 in
686 3013 832 3099 ordine.
858 3000 1132 3120 Requisitusssi
1159 3014 1447 3122 abneguciones,
1474 3013 1656 3120 vituperio

231 3145 745 3252 crucis,.dogmutizeciones‚
768 3145 895 3221 oscula
920 3146 1119 3226 inhonesta
1140 3146 1199 3223 vel
1227 3146 1352 3254 aliqua
1370 3145 1442 3223 ulis
1460 3147 1656 3253 tangeucia

231 3278 381 3356 crim'en·
398 3275 669 3355 sodomiticum
694 3276 850 3354 fircrunt
875 3276 974 3354 dictu
998 3278 1057 3355 vel
1078 3278 1250 3386 injuncto
1270 3302 1338 3353 eeu
1357 3275 1449 3355 facta
1469 3277 1508 3352 in
1528 3304 1657 3383 recep·

230 3410 337 3487 cione
358 3437 424 3487 sua
442 3407 610 3514 predicta
628 3408 688 3486 vel
709 3425 817 3515 post,
838 3409 1035 3516 respondit
1053 3436 1122 3516 per
1136 3409 1397 3516 juramentum
1417 3434 1530 3487 suum
1549 3409 1655 3514 quod

229 3569 327 3628 non,
362 3541 451 3616 licet
476 3538 622 3646 aliquid
650 3539 698 3616 de
725 3538 905 3645 predictis
930 3540 1190 3648 recognoverit
1214 3564 1338 3617 comm
1370 3539 1482 3616 dicto*
1499 3539 1655 3617 domino

230 3672 407 3777 episcopo
435 3670 683 3762 Xantonenei,
704 3688 812 3749 metu
842 3680 1119 3749 tormentorum
1150 3671 1257 3777 prius
1286 3666 1430 3747 scilicet
1450 3698 1521 3776 per
1544 3670 1656 3747 dimi·

232 3802 339 3880 dium
355 3820 497 3880 annum
512 3819 598 3880 ante
612 3802 915 3908 recoguicioncm
933 3803 1141 3910 predictum
1156 3803 1228 3881 sibi
1247 3801 1457 3893 illatorum,
1480 3819 1518 3878 ct
1537 3802 1653 3878 eciam

230 3951 383 4040 propter
401 3933 522 4011 minus
541 3962 616 4041 que
634 3963 703 4041 per
720 3935 832 4024 ulios,
854 3963 932 4013 non
950 3960 1019 4042 per
1038 3936 1182 4013 dictum
1203 3935 1400 4012 domiuum
1418 3934 1652 4037 episcopum,

230 4063 490 4146 inserebantur.
517 4065 665 4158 eidem,
691 4083 735 4143 ut
758 4065 862 4142 dixit.
893 4065 1109 4172 Requisitus
1136 4067 1167 4144 si
1190 4065 1358 4170 predicta
1380 4060 1508 4136 illicita
1535 4061 1656 4141 credit

231 4195 353 4299 quod,
374 4223 441 4272 seu
460 4196 586 4300 aliqua
606 4225 649 4273 ex
670 4197 724 4273 eis
741 4196 802 4303 rel
816 4195 892 4281 ¹alis
912 4196 1129 4281 inhonesta,
1154 4193 1292 4269 fierent
1311 4193 1351 4269 in
1369 4192 1655 4300 recepoionibus

230 4322 393 4400 aliorum
407 4323 467 4400 vel
480 4341 581 4430 post,
599 4326 796 4429 respondit
814 4353 854 4400 se
872 4352 950 4402 non
965 4325 1136 4411 credere,
1151 4323 1240 4430 quin
1251 4323 1347 4401 vidit
1361 4323 1505 4431 aliquos
1519 4328 1653 4433 recipi,

229 4456 270 4532 in
288 4482 454 4561 quorum
474 4441 759 4562 recepcionibus
777 4481 855 4531 non
874 4453 968 4532 vidit
986 4454 1132 4562 aliquid
1142 4453 1324 4532 illicitum
1338 4455 1397 4532 vel
1413 4455 1656 4535 inhonestum

230 4585 374 4692 injungi
402 4585 463 4663 vel
491 4585 592 4680 lieri,
613 4586 850 4666 necaudivit
868 4588 974 4694 quod
992 4604 1078 4695 post
1103 4586 1346 4693 recepcioncs
1370 4614 1509 4669 eorum·
1533 4588 1657 4695 aliqua

230 4717 360 4794 illici-ta
375 4719 434 4794 vel
449 4718 647 4815 inhonesta¹
661 4718 967 4798 intervenissent·
978 4719 1196 4826 Requisitus
1216 4718 1264 4802 de
1273 4720 1275 4725 ’
1285 4719 1506 4798 nominibus
1521 4746 1654 4798 eorum

231 4876 326 4954 quos
344 4850 441 4928 vidit
456 4851 573 4957 recipi
594 4852 804 4941 inordine,
827 4852 921 4930 dixit
944 4852 1049 4960 quod
1067 4842 1150 4959 ipse
1167 4849 1401 4958 vidit'recipi
1421 4851 1572 4931 fratrem
1592 4854 1655 4932 Jo-

1477 4995 1504 5052 3.
