4230 5956
737 459 933 550 procas
960 477 1054 551 urs
1080 442 1382 551 murmane.
1699 490 1768 562 sci

349 626 501 701 fratrem
514 620 727 726 Guigonem
748 617 921 696 Ademari
942 636 1202 726 preceptorem
1220 620 1429 712 Provincie,
1451 625 1688 727 presentibus
1707 628 1776 707 sra-

350 754 469 831 tribus
486 750 655 832 Gerardo
667 751 826 828 Barascii
844 767 882 828 et
897 750 1103 829 Bertrando
1120 752 1166 828 de
1183 754 1338 859 Longua
1356 749 1462 831 Valle
1487 751 1689 846 militibus,
1708 762 1774 864 qui

348 887 501 963 suerunt
520 882 661 989 recepti
687 910 773 959 cum
792 881 893 986 ipso,
919 900 958 960 et
985 881 1096 959 fratre
1119 881 1343 989 Raymundo
1368 882 1523 960 Roberti
1555 905 1774 994 preceptore

349 1019 396 1094 de
411 1016 567 1104 Bastito‚
595 1012 785 1091 defuncto.
806 1011 907 1090 Dixit
927 1013 1037 1090 etiam
1058 1041 1127 1120 per
1140 1014 1395 1120 juramentum
1411 1043 1523 1091 sunm
1544 1019 1650 1123 quod
1671 1018 1775 1097 idem

347 1147 532 1253 recipiens
555 1143 644 1221 fecit
665 1144 736 1221 sibi
758 1145 918 1250 aportari
941 1144 1144 1251 quamdam
1162 1172 1310 1222 crucem
1325 1174 1492 1251 parvam,
1520 1162 1558 1223 et
1580 1165 1670 1226 tunc
1689 1179 1776 1256 pre-

348 1278 447 1383 cepit
463 1279 497 1355 ei
518 1276 623 1383 quod
643 1275 845 1385 abnegaret
864 1305 953 1353 eum
969 1275 1074 1382 cujus
1089 1277 1211 1382 imago
1226 1293 1305 1354 erat
1325 1277 1362 1353 in
1380 1305 1508 1369 cruee;
1529 1297 1565 1355 ct
1582 1296 1676 1358 tune
1693 1282 1775 1387 ipsc

348 1407 542 1516 abnegavit
557 1436 639 1496 ore,
657 1435 852 1515 nunquam
864 1425 990 1486 tamen
1005 1407 1198 1514 abnegavit
1209 1409 1335 1485 corde.
1347 1408 1448 1487 Dixit
1461 1410 1578 1487 eciam
1590 1439 1659 1517 per
1671 1413 1776 1521 jnra-

346 1555 516 1615 mentum
541 1567 652 1616 suum
677 1539 783 1644 quod
812 1538 913 1615 idem
938 1540 1121 1645 recipiens
1150 1539 1275 1617 eidem
1299 1542 1466 1648 precepit
1492 1545 1596 1650 quod
1624 1564 1775 1649 spueret

346 1697 456 1775 snpra
476 1696 641 1756 crucem,
667 1671 734 1746 scd
758 1697 834 1748 non
858 1669 961 1759 fecit,
984 1688 1026 1747 ut
1050 1670 1159 1762 dixit;
1188 1672 1256 1749 sed
1283 1688 1412 1748 utrum
1440 1672 1502 1748 alii
1528 1674 1594 1779 qui
1621 1703 1707 1751 cum
1728 1703 1774 1751 eo

345 1799 501 1877 suerunt
526 1800 663 1907 recepti
692 1817 874 1907 spuerunt
897 1829 1009 1907 supra
1033 1801 1170 1878 dictam
1195 1831 1344 1879 cmcem
1369 1830 1447 1879 non
1472 1804 1656 1908 percepit,
1684 1806 1774 1912 quia

346 1947 449 2008 totus
469 1949 547 2007 erat
566 1933 719 2009 territus
739 1951 777 2009 et
795 1932 965 2009 turbatus
982 1934 1030 2009 de
1055 1932 1127 2009 boc
1146 1933 1252 2037 quod
1264 1932 1539 2038 precipiebatur
1558 1933 1646 2023 sibi,
1669 1936 1772 2042 quod

347 2062 486 2138 mirum
503 2079 593 2138 erat.
609 2062 711 2138 Dixit
725 2063 842 2138 eciam
862 2090 931 2167 per
939 2063 1196 2168 juramentum
1217 2091 1328 2139 suum
1348 2063 1453 2169 quod
1469 2064 1573 2141 idem
1592 2066 1776 2173 recipiens

346 2193 514 2298 precepit
537 2192 642 2298 quod
665 2192 695 2268 si
720 2191 835 2299 aliqui
862 2192 909 2269 de
935 2191 1067 2269 ordine
1091 2191 1230 2270 vellent
1254 2221 1294 2271 se
1319 2195 1561 2272 commiscere
1582 2196 1776 2273 carnaliter

347 2352 432 2400 cum
453 2351 514 2412 eo,
533 2322 637 2431 quod
656 2322 908 2428 permitteret,
927 2323 1033 2399 etita
1052 2323 1278 2401 tenebantur
1298 2352 1387 2401 eum
1399 2324 1597 2402 admittere
1618 2328 1665 2404 ad
1684 2327 1773 2417 hoc,

347 2472 385 2531 et
406 2456 509 2561 quod
533 2481 611 2533 uon
634 2472 712 2532 erat
730 2470 936 2561 peccatum.
964 2454 1041 2533 Sed
1067 2454 1159 2532 dixit
1177 2485 1245 2562 per
1259 2455 1519 2563 juramentum
1539 2487 1650 2537 sunm
1670 2462 1773 2567 quod

346 2615 540 2693 nunquam
556 2586 658 2679 lecit,
680 2614 749 2663 nec
768 2585 839 2663 fuit
855 2585 1073 2692 requisitus,
1094 2614 1164 2663 nec
1183 2587 1288 2665 scivit
1306 2589 1410 2695 quod
1426 2588 1561 2696 aliquis
1577 2592 1625 2668 de
1640 2591 1774 2668 ordine

347 2717 419 2795 hoc
434 2717 581 2795 faceret.
596 2718 811 2826 Requisitus
829 2734 960 2795 utrum
975 2717 1048 2795 fuit
1063 2718 1252 2795 osculatus
1271 2719 1396 2825 ipsum
1415 2737 1664 2826 receptorem,
1682 2720 1775 2798 dixit

346 2877 414 2954 per
435 2850 695 2956 juramentum
721 2878 832 2926 suum
862 2848 967 2954 quod
993 2848 1045 2926 sic
1073 2847 1313 2925 solummodo
1339 2850 1377 2925 in
1398 2878 1475 2928 ore.
1504 2851 1722 2957 Requisitus
1742 2854 1773 2927 si

345 2979 437 3056 vidit
456 2981 570 3086 recipi
592 2979 738 3087 aliquos
758 2980 851 3058 alios
880 2978 1027 3070 fratres,
1056 2978 1147 3057 dixit
1170 3008 1240 3087 per
1253 2980 1508 3088 juramentum
1532 3010 1645 3060 suum
1670 2984 1774 3089 quod

344 3109 437 3187 vidit
456 3140 576 3187 unum
591 3111 707 3217 recipi
733 3138 803 3217 per
829 3109 1004 3188 eumdem
1023 3128 1298 3218 preceptorem,
1325 3128 1363 3188 et
1385 3141 1453 3219 per
1476 3112 1589 3189 istum
1615 3111 1773 3191 modum

345 3241 417 3319 suit
441 3261 624 3349 receptus.
655 3240 870 3350 Requisitus
898 3270 1014 3348 quare
1045 3258 1190 3318 tantum
1219 3242 1376 3320 tardavit
1408 3243 1532 3320 dicere
1562 3244 1772 3335 veritatem,

345 3374 538 3479 respondit
558 3402 626 3482 per
638 3375 895 3483 juramentum
915 3401 1025 3451 suum
1046 3373 1152 3481 quod
1170 3391 1314 3452 tantum
1338 3375 1547 3453 tardaverat
1567 3375 1691 3454 dicere
1709 3405 1774 3454 ve-

344 3504 492 3583 ritatem
512 3524 666 3613 propter
690 3507 867 3584 timorem
893 3533 1072 3612 persone,
1099 3523 1137 3583 et
1155 3506 1245 3612 quia
1263 3505 1415 3584 nolebat
1438 3507 1608 3584 amittere
1636 3523 1771 3585 statum

345 3665 458 3742 quem
476 3637 639 3716 habebat
654 3666 830 3746 magnum
850 3638 889 3714 in
906 3637 1057 3725 ordine,
1080 3654 1118 3713 et
1131 3664 1200 3742 pro
1217 3665 1263 3715 eo
1277 3665 1326 3714 ne
1341 3636 1472 3715 fratres
1486 3636 1656 3714 dicerent
1668 3636 1770 3743 quod

345 3784 442 3845 esset
469 3769 613 3874 primus
643 3795 711 3875 per
734 3795 847 3874 quem
871 3766 966 3844 ordo
990 3765 1286 3845 confunderetur
1311 3782 1348 3843 et
1370 3765 1674 3844 adnichilaretur.
1700 3766 1772 3843 Re·

344 3897 495 4002 spondit
514 3926 583 4004 per
596 3898 852 4007 juramentum
866 3926 979 3977 suum
999 3911 1129 3975 utrum
1144 3897 1197 3986 vi,
1216 3915 1281 3976 aut
1300 3914 1404 3976 metu
1420 3912 1696 3975 tormentorum
1713 3896 1771 3972 vel

345 4029 518 4118 carceris,
540 4028 704 4135 aliquam
728 4028 925 4107 salsitatem
945 4027 1113 4118 dixisset,
1145 4044 1210 4105 aut
1235 4028 1426 4105 veritatem
1445 4026 1623 4105 tacuisset
1644 4026 1683 4105 in
1704 4054 1769 4106 sua

346 4156 602 4265 deposicione,
618 4160 709 4237 dixit
721 4162 1055 4268 perjuramentum
1066 4188 1179 4239 suum
1193 4158 1298 4266 quod
1314 4185 1408 4250 aon,
1421 4159 1537 4237 immo
1552 4186 1684 4267 puram
1699 4186 1769 4265 pro
1830 4248 1834 4257 ¹

345 4289 465 4367 salute
484 4290 609 4368 anime
629 4318 695 4368 sue
712 4291 854 4368 dixerat
871 4291 1077 4368 veritatem.
1830 4266 1835 4283 ’

399 4553 494 4629 Item
513 4578 626 4644 anno,
653 4551 857 4641 indicione,
882 4577 1028 4641 mense,
1056 4551 1135 4641 die,
1160 4548 1380 4657 pontificatu
1403 4567 1442 4628 et
1464 4550 1548 4630 loco
1571 4550 1765 4658 predictis,

342 4682 382 4761 in
401 4683 490 4760 dicti
510 4684 757 4791 inquisitoris,
776 4700 947 4762 nemum
964 4684 1196 4762 notariorum
1217 4698 1255 4760 et
1274 4679 1596 4790 infrascriptorum
1615 4683 1766 4761 testium

341 4815 533 4920 presencia
556 4816 802 4924 personaliter
825 4815 1048 4896 constitutus
1072 4813 1186 4895 frater
1207 4813 1392 4895 llobertus
1419 4815 1467 4895 de
1491 4815 1612 4923 Supra
1628 4812 1766 4895 Villam
1852 4872 1860 4881 ,

1545 4963 1596 5043 37.
