4230 5956
650 458 849 549 Paocr'as
874 476 972 547 nas
998 474 1300 547 cruentans.
1616 475 1688 550 toa

261 634 372 722 prout
389 616 506 694 visum
532 615 602 693 fuit
627 617 733 694 dicto
753 618 912 696 domino
941 617 1116 723 episcopo
1147 633 1185 693 et
1211 616 1388 722 predictis
1417 615 1498 693 aliis
1528 617 1690 695 dominis

261 748 447 826 canonicis
468 765 506 825 et
523 746 706 853 religiosis
723 749 815 824 viris
834 746 1111 854 inquirentibus
1132 746 1268 852 pariter
1287 774 1370 822 cum
1393 746 1546 835 eodem,
1568 750 1690 855 requi·

260 881 351 956 situs
372 880 466 956 dixit
477 907 516 957 se
535 880 651 957 nichil
671 880 832 986 amplius
847 880 953 959 scire.

316 1143 423 1220 Anno
440 1171 665 1249 quosupra,
686 1170 735 1219 su
755 1142 932 1221 kalendas
948 1140 1138 1219 februarii.

316 1277 375 1351 IX.
408 1276 535 1350 Frater
557 1273 746 1350 lohannes
767 1273 814 1348 de
842 1273 959 1351 Coma
984 1271 1168 1377 presbiter
1195 1271 1409 1376 capellanus
1433 1272 1579 1349 ordinis
1595 1272 1688 1349 ⁴dicti

260 1404 409 1511 Templi
426 1406 560 1483 domus
575 1405 692 1481 Mansi
708 1405 788 1491 Dei,
801 1403 906 1483 testis
910 1403 1058 1510 juratus
1072 1405 1120 1481 ad
1134 1419 1257 1481 sancta
1272 1403 1343 1480 Dei
1353 1402 1561 1510 Evangelia,
1578 1433 1690 1511 super

259 1537 436 1642 predictis
451 1535 616 1613 articulis
636 1554 673 1611 et
694 1564 825 1613 eorum
846 1534 1017 1642 quolibet
1031 1535 1100 1613 sibi
1117 1535 1292 1640 expositis
1306 1536 1345 1611 in
1355 1535 1514 1642 vulgari,
1533 1554 1576 1611 ut
1588 1536 1690 1642 prin-

259 1669 385 1773 cipalis
399 1668 446 1744 de
457 1697 496 1743 se
513 1668 612 1772 ipso,
630 1685 667 1743 et
687 1685 729 1743 ut
745 1668 849 1743 testis
870 1668 917 1744 de
939 1666 1037 1754 aliis,
1056 1666 1256 1772 diligenter
1271 1683 1309 1744 et
1327 1667 1513 1773 sigillatim
1530 1669 1689 1744 interro-

256 1818 381 1904 gatus,
404 1799 633 1904 respondens
657 1799 705 1875 ad
730 1800 909 1904 primum,
940 1826 1105 1876 u—-xxrx
1127 1797 1300 1874 articulos
1325 1797 1521 1886 inclusive,
1544 1801 1690 1905 negavit

258 1933 358 2035 ipsos
379 1931 553 2006 articulos
574 1948 611 2006 et
629 1930 755 2006 omnia
776 1946 813 2005 et
832 1930 978 2036 singula
998 1948 1169 2006 contenta
1195 1931 1234 2005 in
1261 1930 1330 2017 eis3
1361 1929 1524 2006 adiciens
1545 1957 1584 2005 se
1609 1959 1688 2008 cre·

258 2063 346 2136 dere
367 2061 508 2139 dictum
521 2059 678 2137 lhesum
687 2059 878 2138 Christum
886 2088 1038 2167 passum
1053 2059 1167 2137 fuisse
1178 2088 1247 2166 pro
1260 2059 1521 2165 redemptione
1533 2060 1687 2139 humani

257 2193 416 2297 generis,
428 2221 502 2269 non
517 2220 585 2297 pro
600 2192 761 2296 peccatis
776 2192 867 2280 suis,
880 2219 967 2269 cum
980 2220 1175 2298 nunquam
1189 2191 1406 2298 peccaverit,
1429 2191 1688 2269 dicenseciam
1743 2240 1747 2248 ·

256 2325 361 2429 quod
381 2323 511 2401 iratres
532 2323 675 2400 ordinis
690 2322 780 2400 dicti
793 2322 943 2429 Templi
961 2322 1116 2401 adorant
1128 2325 1225 2400 inter
1237 2322 1326 2399 alias
1339 2338 1467 2429 gentes
1482 2323 1529 2399 de
1544 2324 1688 2401 mundo

257 2483 404 2531 crucem
435 2455 586 2533 Domini
617 2472 675 2529 ter
704 2454 742 2529 in
773 2482 885 2543 anno,
918 2452 1093 2531 videlicet
1113 2455 1150 2530 in
1173 2454 1234 2531 die
1259 2454 1415 2541 Veneris
1441 2471 1562 2530 sancta
1591 2473 1629 2530 et
1647 2456 1687 2530 in

257 2586 406 2663 duobus
425 2584 527 2662 iestis
545 2586 679 2665 Sancte
699 2585 829 2662 Crucis
852 2585 1037 2663 mensium
1064 2587 1151 2661 maii
1178 2602 1216 2662 et
1231 2585 1470 2690 septembris,
1492 2614 1561 2690 pro
1581 2588 1687 2693 cujus

210 2771 214 2783 ·
258 2717 398 2794 bonore
419 2719 456 2793 in
477 2717 797 2793 comemoracione
813 2717 994 2823 passionis
1008 2717 1123 2793 lhesu
1142 2716 1279 2793 Christi
1295 2715 1424 2792 iratres
1440 2717 1529 2792 dicti
1544 2717 1687 2794 ordinis

257 2850 294 2924 in
315 2851 392 2926 suis
408 2848 629 2926 clamidibus
648 2865 795 2953 portant
814 2876 966 2924 crucem
987 2847 1160 2936 rubeam3
1188 2865 1225 2923 et
1244 2848 1341 2922 inter
1360 2864 1503 2923 ceteros
1522 2848 1686 2925 honores

257 3008 353 3085 quos
373 2980 512 3056 faciunt
530 2981 600 3084 ipsi
622 2981 740 3068 cruci,
763 2979 959 3085 deponunt
973 2978 1191 3055 mantellum
1211 2979 1276 3055 ubi
1293 2995 1349 3055 est
1368 3006 1456 3055 crux
1467 2980 1617 3085 quando
1628 3001 1686 3056 va*-

257 3111 352 3187 dunt
369 3113 417 3188 ad
437 3128 566 3188 nature
590 3112 780 3218 superflua
801 3138 915 3190 onera
938 3109 1176 3216 deponenda.
1205 3111 1308 3188 Dixit
1333 3110 1513 3219 eciam-se
1539 3130 1577 3188 et
1595 3112 1686 3189 elios

256 3244 482 3348 presbiteros
510 3243 653 3321 ordinis
682 3243 771 3320 dicti
796 3241 946 3348 Templi
972 3243 1096 3320 dicere
1116 3242 1225 3319 verba
1255 3242 1318 3318 illa
1343 3242 1383 3319 in
1407 3244 1549 3323 canone
1574 3246 1686 3321 misse

255 3402 322 3478 per
342 3405 416 3481 que
440 3375 636 3451 conficitur
655 3402 790 3480 corpus
809 3373 948 3453 Christi
982 3390 1020 3449 et
1052 3374 1132 3480 ejus
1159 3375 1307 3480 sanguis
1337 3376 1546 3479 preciosus,
1575 3393 1687 3480 prout

255 3524 356 3583 tenet
368 3506 530 3584 Ecclesia
550 3525 673 3584 sancta
694 3507 783 3595 Dei,
802 3524 838 3582 et
856 3523 969 3611 prout
987 3506 1165 3612 scriptum
1182 3523 1238 3582 est
1252 3506 1290 3580 in
1311 3482 1460 3582 missali.
1477 3505 1579 3581 Dixit
1593 3535 1687 3610 quo-

255 3668 328 3743 que
348 3639 453 3743 quod
472 3636 601 3713 fratres
621 3638 710 3713 dicti
732 3636 874 3714 ordinis
888 3637 1045 3713 credunt
1057 3654 1094 3712 et
1108 3637 1313 3740 suscipiunt
1325 3626 1449 3712 omnia
1461 3655 1686 3712 sacramenta

256 3768 516 3855 ecclesiastica,
539 3785 576 3843 et
596 3768 674 3872 ipse
695 3767 798 3843 idem
818 3767 882 3872 qui
900 3766 1077 3872 loquitur,
1097 3794 1182 3842 cum
1203 3766 1250 3842 sit
1267 3765 1463 3872 presbiter,
1479 3765 1541 3843 illa
1560 3766 1685 3844 multis

255 3898 427 3974 fratribus
454 3889 532 4006 jam
568 3897 750 3978 defunctis
780 3916 817 3974 et
849 3897 1055 3975 viventibus
1086 3897 1316 3974 ministravit.
1349 3896 1505 3975 Addidit
1535 3897 1686 4004 insuper

255 4029 358 4135 quod
377 4031 514 4137 aliquis
534 4030 709 4137 magister
724 4030 781 4107 vel
800 4046 998 4137 preceptor
1015 4028 1074 4107 vel
1091 4030 1212 4137 quivis
1224 4030 1318 4107 alius
1334 4047 1373 4107 et
1386 4029 1581 4137 religiosus
1595 4029 1684 4107 dicti

255 4160 398 4238 ordinis
413 4162 477 4269 qui
499 4189 577 4239 non
599 4163 647 4239 sit
662 4162 848 4267 presbiter
866 4190 944 4240 non
959 4162 1064 4241 audit
1084 4159 1336 4239 consessiones
1353 4190 1422 4239 nec
1442 4160 1599 4240 absolvit
1618 4162 1685 4238 ali-

255 4323 367 4400 quem
388 4324 408 4370 a
428 4294 604 4401 peccatis,
623 4295 693 4371 nisi
719 4293 789 4371 soli
816 4293 1014 4401 presbiteri
1035 4292 1213 4398 capellani
1241 4291 1383 4370 ordinis
1405 4291 1604 4400 supradicti
1626 4294 1682 4369 vel

255 4425 317 4502 alii
336 4426 499 4533 religiosi
520 4426 734 4532 presbiteri,
760 4444 796 4502 et
817 4425 932 4533 aliqui
952 4424 1149 4531 presbiteri
1176 4424 1379 4512 seculares,
1408 4425 1494 4502 etsi
1527 4452 1683 4530 magnus

255 4557 430 4663 Magister
448 4555 640 4634 confessus
660 4574 717 4635 est
736 4556 784 4633 d'e
803 4586 842 4634 se
862 4557 944 4663 ipso
965 4575 1078 4663 prout
1089 4557 1128 4634 in
1148 4555 1305 4634 articulo
1325 4556 1556 4643 continetur,
1578 4583 1684 4632 men-

255 4688 345 4765 titus
361 4706 416 4765 est
431 4687 521 4764 falso
544 4688 675 4778 mod0,
692 4705 735 4765 ut
752 4687 883 4765 credit.

311 4820 368 4898 Ad
389 4847 474 4907 xxx,
497 4847 595 4910 xxxi,
616 4847 712 4898 xxxn
733 4837 770 4896 et
789 4847 898 4898 xxaru
918 4820 1093 4898 articulos
1108 4818 1300 4908 inclusive,
1317 4818 1516 4927 diligenter
1530 4818 1683 4925 et‘s'igil-
