4268 5946
752 517 1072 612 processus
1100 539 1402 617 reuertens.
1747 556 1786 624 11

362 705 430 786 pro
449 679 605 757 veritate
632 678 808 770 dicenda3
835 683 894 760 cui
920 682 995 760 suit
1020 682 1234 792 injunctum
1258 686 1364 794 qnod
1387 713 1465 765 non
1490 687 1673 766 revelaret
1696 692 1792 771 hanc

361 838 469 887 suam
489 810 771 918 depositionem
792 841 990 921 quousque
1010 815 1268 894 attestationes
1289 816 1431 894 fuerint
1449 817 1638 924 publicate
1653 852 1662 894 ε
1678 839 1716 899 et
1737 843 1792 903 est

360 941 557 1021 sciendum
577 945 681 1051 quod
703 943 939 1051 intelligebat
954 927 1143 1022 Latinum.

416 1075 507 1153 Acta
518 1073 674 1153 luerunt
683 1077 755 1154 hec
771 1076 951 1183 predictis
964 1076 1025 1153 die
1037 1094 1076 1154 et
1086 1076 1182 1170 loco,
1194 1080 1433 1185 presentibus
1447 1081 1624 1190 magistro
1634 1083 1788 1172 Amisio,

362 1235 422 1284 me
434 1206 688 1286 Floriamonte
699 1207 918 1298 Dondedei,
942 1227 979 1287 et
998 1207 1079 1286 aliis
1094 1211 1251 1288 notariis
1263 1239 1375 1317 supra
1385 1211 1523 1291 ultimo
1539 1214 1752 1293 nominatis.

416 1469 506 1547 Post
518 1469 606 1558 hec,
629 1471 669 1547 in
686 1471 905 1566 crastinum,
921 1470 1097 1549 videlicet
1110 1472 1172 1549 die
1190 1473 1320 1552 Martis
1334 1473 1525 1581 sequenti,
1545 1476 1610 1581 qni
1628 1474 1701 1553 luit
1712 1502 1789 1556 vnn

360 1597 602 1680 dies-mensis
620 1602 769 1693 Marcii,
793 1603 865 1681 suit
885 1603 1071 1681 adductus
1089 1602 1139 1680 ad
1158 1607 1392 1710 presenciam
1420 1605 1645 1686 eorumdem
1667 1607 1789 1685 domi·

357 1758 496 1810 norum
517 1734 878 1824 commissariorum,
901 1737 940 1852 in
961 1736 1075 1812 domo
1095 1736 1263 1843 predicta
1275 1737 1432 1817 fratrum
1447 1738 1654 1829 Minorum‚
1676 1738 1789 1816 frater

356 1862 586 1946 Guillelmus
618 1867 666 1944 de
699 1869 864 1976 Torrage
903 1866 1012 1944 miles
1049 1868 1289 1947 Carnotensis
1317 1868 1499 1958 diocesis,
1534 1871 1640 1949 testis
1675 1899 1786 1976 snpra

350 1997 514 2104 juratus,
543 2016 585 2076 ut
607 1998 815 2103 deponeret
835 1999 979 2076 dictum
1000 2026 1130 2089 suum,
1158 1999 1382 2076 mantellum
1407 1998 1551 2074 ordinis
1574 2014 1612 2074 et
1629 1998 1784 2075 barbam

355 2127 559 2220 defferens,
583 2130 843 2234 sexagenarius
859 2129 918 2206 vel
939 2129 1052 2217 circa,
1075 2157 1162 2205 cum
1181 2158 1259 2235 quo
1279 2128 1501 2235 inquisitum
1520 2127 1659 2217 fuerat,
1679 2129 1787 2208 abso-
1839 2141 1840 2144 ’

354 2258 458 2336 lutus
477 2277 515 2337 et
534 2259 796 2337 reconciliatus
815 2289 882 2364 per
903 2259 1100 2336 dominum
1117 2259 1334 2365 episcopum
1350 2261 1644 2337 Xantonensem.
1664 2262 1786 2340 Lectis

354 2408 481 2469 autem
502 2408 539 2469 et
559 2390 761 2498 diligenter
779 2388 852 2467 sibi
875 2387 1051 2495 expositis
1071 2388 1250 2466 omnibus
1272 2407 1310 2467 et
1328 2389 1486 2499 singulis
1505 2391 1687 2484 articulis,
1709 2422 1786 2471 res-

352 2522 488 2628 pondit
505 2550 544 2599 se
561 2521 706 2627 pescire
727 2549 797 2598 nec
817 2520 971 2598 credere
994 2519 1040 2598 de
1057 2521 1242 2599 contentis
1260 2521 1369 2600 ineis
1386 2522 1458 2600 nisi
1475 2523 1580 2629 quod
1602 2525 1782 2631 sequitur.
1888 2583 1896 2600 .

352 2654 455 2731 Dixit
474 2653 577 2731 enim
597 2654 700 2760 quod
725 2653 805 2761 ipse
832 2663 1007 2760 receptus
1029 2652 1218 2731 fuerat'in
1237 2653 1377 2760 capella
1399 2655 1537 2732 domus
1561 2656 1712 2762 Templi
1737 2657 1784 2735 de

354 2783 454 2861 Malo
476 2786 602 2863 Leone
624 2784 847 2864 Pictavensis
869 2783 1045 2873 diocesis,
1079 2785 1117 2861 in
1141 2782 1265 2891 vigilia
1292 2784 1465 2860 instantis
1495 2782 1579 2860 lesti
1604 2787 1784 2866 Resurre-

353 2914 487 2994 ctionis
510 2916 709 2994 Dominice
738 2933 850 2992 erunt
874 2942 944 2994 xxv
970 2915 1056 2993 anni
1080 2915 1138 2993 vel
1159 2915 1270 3005 circa,
1291 2944 1360 3020 per
1386 2913 1540 2991 fratrem
1570 2915 1781 2997 Johannem

353 3046 495 3124 dictum
518 3047 554 3124 le
574 3049 756 3155 Franceys
784 3047 945 3124 militem
966 3046 1175 3154 quondam,
1200 3063 1461 3153 preceptorem
1488 3062 1579 3122 tunc
1603 3047 1780 3142 Pictavie,

351 3177 590 3285 presentibus
611 3178 787 3257 fratribus
810 3179 962 3257 Matheo
984 3179 1031 3255 d'e
1051 3178 1241 3255 Britannia
1266 3175 1493 3282 presbitero,
1515 3175 1624 3283 cujus
1642 3206 1782 3288 cogno·

352 3336 440 3385 men
463 3310 626 3418 ignorat,
653 3327 691 3388 et
714 3309 888 3417 pluribus
912 3310 995 3387 aliis
1016 3308 1217 3385 dellunctis
1244 3335 1410 3414 quorum
1436 3307 1590 3384 nomina
1615 3309 1779 3417 ignorat,

351 3438 390 3514 in
423 3440 526 3518 bunc
558 3439 718 3518 modum
746 3472 754 3519 a
782 3471 868 3520 nam
906 3470 991 3519 cum
1026 3437 1283 3548 requisivisset
1317 3467 1356 3516 se
1384 3437 1527 3545 recipi,
1570 3455 1608 3516 et
1643 3438 1782 3520 delibe·

350 3589 494 3650 rassent
522 3601 610 3651 eum
639 3574 826 3681 recipere,
859 3574 1030 3652 fecerunt
1057 3601 1144 3649 eum
1174 3599 1305 3650 vovere
1335 3587 1373 3647 et
1395 3571 1523 3678 jurare
1552 3570 1673 3648 vivere
1700 3573 1780 3651 sine

349 3704 524 3810 proprio,
547 3733 691 3784 servare
712 3707 935 3798 castitatem,
958 3702 1238 3794 obedienciam,
1260 3703 1382 3780 bonos
1397 3730 1487 3780 usus
1502 3718 1540 3778 et
1555 3702 1673 3780 bonas
1693 3731 1781 3781 oon-

350 3835 571 3913 suetudines
588 3837 744 3915 ordinis.
766 3837 1014 3916 Postmodum
1035 3852 1207 3943 receptor
1226 3833 1407 3941 imposuit
1425 3834 1460 3910 ei
1482 3832 1720 3923 mantellum,
1743 3852 1780 3910 et

349 3967 429 4072 ipse
455 3985 493 4046 et
511 3985 673 4047 astantes
694 3968 849 4048 osculati
873 3969 1027 4048 fuerunt
1052 3968 1203 4048 eumin
1229 3996 1306 4047 ore.
1333 3965 1583 4046 Postmodum
1604 3963 1780 4040 instruxit
1831 3952 1834 3961 ’

349 4126 437 4175 eum
459 4117 553 4205 quot
571 4103 682 4180 Pater
700 4118 814 4179 noster
838 4101 980 4180 diceret
997 4129 1066 4208 pro
1091 4100 1196 4178 horis
1214 4102 1308 4187 suis,
1331 4114 1368 4174 et
1387 4095 1550 4201 qualiter
1568 4110 1715 4201 regeret
1737 4122 1778 4173 se

349 4227 389 4301 in
409 4228 560 4317 ordine;
581 4231 649 4307 sed
670 4232 718 4309 de
733 4233 1002 4339 abnegacione,
1025 4230 1219 4335 vituperiis
1234 4226 1368 4313 crucis,
1392 4224 1529 4304 osculis
1550 4224 1776 4316 inhonestis,

348 4357 506 4435 crimine
527 4359 753 4438 sodomitico
771 4361 830 4439 vel
847 4361 972 4467 aliqua
987 4360 1058 4437 alia
1077 4388 1118 4436 re
1135 4357 1265 4435 illicita
1284 4385 1361 4434 non
1378 4357 1451 4435 fuit
1471 4360 1505 4436 ei
1524 4358 1690 4448 locutus,
1708 4386 1778 4435 nec

346 4489 490 4567 audivit
510 4489 582 4568 dici
604 4519 675 4568 nec
695 4492 813 4569 credit
833 4490 938 4599 quod
955 4490 1147 4570 diceretur
1168 4489 1252 4568 aliis
1274 4490 1313 4566 in
1336 4518 1467 4568 eornm
1493 4486 1778 4596 receptionibus

346 4621 405 4698 vel
425 4639 525 4728 post,
550 4651 620 4700 nec
640 4624 742 4730 quod
763 4622 873 4704 lieret
895 4654 963 4734 per
983 4651 1048 4703 eos
1068 4653 1138 4702 nec
1161 4623 1201 4699 in
1222 4623 1369 4704 ordine.
1391 4621 1608 4729 Requisitus
1628 4618 1658 4698 si
1680 4647 1778 4729 quos

240 4756 248 4771 '
346 4754 439 4831 alios
455 4755 600 4833 viderat
614 4756 749 4862 recipi,
765 4775 804 4835 et
816 4757 882 4836 ubi
901 4776 937 4837 et
952 4758 1107 4866 quando
1120 4774 1191 4835 eta
1205 4754 1363 4863 quibus,
1382 4753 1578 4863 respondit
1591 4753 1698 4861 quod
1709 4778 1777 4861 per

346 4903 480 4965 testem
491 4890 662 4995 proximo
671 4888 1206 4997 examinatum‚preceptorem
1217 4887 1266 4965 de
1277 4885 1448 4995 Rupella,
1457 4881 1725 4991 videratrecipi
1736 4882 1776 4959 in

1596 5043 1625 5082 2.
