4230 5956
698 451 893 543 procus
918 470 1013 541 nus
1039 469 1337 541 rnurcrnns.
1650 470 1723 545 tos

308 608 492 686 censionis
511 606 661 683 Domini
684 625 796 684 erunt
808 625 970 713 quatuor
983 610 1069 686 anni
1086 609 1189 715 quod
1208 607 1280 684 fnit
1298 624 1470 712 receptus
1489 636 1556 713 per
1572 610 1725 690 fratrem

306 743 506 844 Hugonem
530 736 577 812 de
608 738 777 815 Paraudo
802 739 1027 816 visitatorem
1048 740 1218 827 Francis,
1242 742 1279 813 in
1297 738 1412 814 domo
1438 738 1486 814 de
1506 740 1617 817 Buris
1635 743 1725 819 Lin-

305 867 653 974 goncnsisdiocesis,
669 866 905 974 presentibus
917 866 1303 947 iratreGodefredode
1314 868 1489 958 Raneri0,
1503 868 1614 946 fratre
1631 871 1724 950 Gui-

306 998 404 1075 done
420 998 467 1073 de
486 996 573 1074 Nice
594 1013 633 1073 et
651 998 876 1103 quibusdam
897 998 978 1074 aliis
999 1001 1045 1075 de
1065 1028 1228 1105 quorum
1249 997 1467 1075 nominibus
1484 1027 1560 1075 non
1580 1000 1721 1079 recolit.

305 1129 406 1206 Dixit
425 1128 542 1204 eciam
566 1155 633 1233 per
647 1128 903 1234 juramentum
924 1158 1034 1206 suum
1054 1129 1176 1235 quod,
1198 1145 1282 1234 post
1303 1129 1438 1206 multas
1458 1130 1723 1234 promissiones

307 1261 352 1337 ab
380 1287 426 1337 eo
446 1260 558 1336 factas
588 1259 635 1335 de
659 1259 804 1336 statutis
831 1277 869 1336 et
891 1260 1042 1337 secretis
1065 1258 1206 1334 ordinis
1229 1258 1386 1364 predicti
1407 1258 1662 1351 observandis,
1686 1279 1724 1337 et

308 1388 484 1467 mantello
497 1388 567 1465 sibi
583 1388 631 1465 ad
646 1388 784 1465 collum
800 1391 932 1494 posito,
946 1390 1129 1496 recipiens
1139 1388 1329 1494 predictus
1340 1389 1504 1465 ostendit
1518 1389 1586 1465 sibi
1600 1418 1726 1497 qnam·

308 1523 394 1597 dam
411 1547 559 1595 crucem
580 1519 767 1623 depictam
795 1520 833 1594 in
851 1519 1015 1626 quodam
1037 1520 1151 1605 libro,
1175 1537 1214 1595 et
1227 1518 1427 1624 quamdam
1447 1519 1557 1596 aliam
1575 1551 1723 1599 crucem

305 1651 465 1756 ligneam
484 1677 596 1754 quam
616 1647 670 1724 ibi
692 1649 852 1753 aportari
880 1649 981 1738 fecit,
1007 1668 1044 1727 et
1060 1652 1172 1756 peciit
1187 1650 1232 1727 ab
1253 1678 1298 1728 eo
1314 1650 1344 1726 si
1365 1651 1542 1727 credebat
1562 1651 1600 1727 in
1622 1678 1722 1741 earn,

307 1781 446 1884 etipse
475 1778 540 1882 qui
561 1777 729 1884 loquitur
756 1780 950 1884 respondit
983 1780 1085 1885 quod
1111 1781 1163 1856 sic
1184 1814 1192 1869 ;
1216 1797 1253 1855 et
1283 1780 1405 1856 dictus
1431 1780 1614 1884 recipiens
1633 1781 1725 1856 dixit

307 1910 376 1986 sibi
402 1927 441 1986 et
463 1909 631 2013 precepit
655 1910 760 2015 quod
778 1909 948 2014 ¹amplius
976 1937 1052 1987 non
1081 1911 1266 1996 crederet,
1299 1926 1336 1986 et
1361 1910 1465 2015 quod
1491 1928 1643 2016 spueret
1666 1930 1724 1988 ter

308 2067 417 2144 supra
445 2066 543 2127 eam;
575 2053 613 2113 et
639 2038 741 2112 idem
763 2056 934 2143 receptus
958 2038 1103 2144 fingens
1128 2066 1167 2115 se
1192 2067 1325 2144 spuere
1353 2067 1462 2144 supra
1490 2067 1592 2128 eam,
1623 2042 1725 2145 spuit

308 2167 395 2245 alibi
411 2166 460 2243 ad
475 2184 632 2272 partem.
646 2166 860 2271 Requisitus
875 2185 1004 2245 utrum
1020 2185 1096 2244 erat
1113 2169 1152 2243 in
1171 2169 1248 2273 ipsa
1263 2196 1372 2245 cruce
1386 2168 1528 2276 effigies
1539 2169 1722 2257 crucifixi,

309 2299 401 2375 dixit
415 2299 519 2404 quod
535 2325 612 2375 non
627 2296 775 2387 recolit,
792 2325 860 2401 pro
876 2324 922 2375 eo
937 2298 1042 2405 qnod
1058 2315 1136 2374 erat
1148 2297 1312 2374 multum
1331 2299 1482 2375 territus
1498 2317 1534 2375 et
1553 2299 1724 2376 turbatus

307 2430 354 2504 de
378 2427 451 2505 hiis
473 2426 636 2533 quesibi
661 2424 879 2503 dicebantur
900 2444 939 2503 et
958 2427 1272 2533 precipiebantur,
1295 2426 1424 2504 dicens
1449 2428 1555 2533 quod
1574 2457 1722 2535 semper

308 2558 468 2635 credidit
487 2576 525 2634 et
539 2558 658 2633 credit
677 2558 717 2632 in
738 2586 826 2634 eum
844 2559 909 2663 qui
919 2586 1050 2663 passus
1067 2557 1154 2644 fuit,
1177 2574 1214 2633 et
1233 2557 1372 2664 recepit
1393 2574 1553 2634 mortem
1574 2587 1642 2664 pro
1660 2588 1727 2636 no-

308 2687 366 2763 bis
376 2688 415 2762 in
426 2716 547 2764 cruce.
564 2687 664 2765 Dixit
679 2688 794 2764 eciam
812 2686 917 2793 quod
928 2687 1023 2793 ipse,
1041 2688 1088 2764 de
1102 2704 1278 2793 precepto
1295 2688 1522 2791 recipientis,
1539 2689 1726 2766 osculatus

308 2817 381 2895 fuit
397 2819 522 2923 ipsum
540 2818 784 2922 recipientem
799 2819 838 2893 in
862 2817 1041 2894 umbilico
1060 2818 1154 2893 etin
1174 2845 1240 2892 ore
1259 2832 1297 2890 et
1316 2844 1392 2892 non
1414 2814 1520 2904 alibi,
1540 2817 1627 2923 quia
1646 2846 1726 2923 pre·

310 2949 431 3025 dictus
447 2948 629 3053 recipiens
648 2946 844 3025 festinabat
865 2975 920 3063 se,
941 2964 978 3023 et
998 2946 1116 3023 credit
1130 2948 1234 3052 quod
1250 2945 1310 3021 alii
1331 2946 1461 3022 fratres
1482 2950 1596 3024 modo
1612 2948 1724 3024 simili

308 3081 546 3185 recipiantur.

364 3211 456 3287 ltem
475 3210 678 3316 requisitus
695 3227 820 3287 utrum
841 3212 892 3298 vi,
913 3212 970 3287 vel
991 3229 1094 3288 metu
1117 3212 1270 3286 carceris
1290 3228 1353 3286 aut
1371 3226 1664 3297 tormentorum,
1686 3210 1724 3285 in

308 3341 496 3447 premissis
510 3341 754 3417 immiscuerit
768 3359 833 3418 aut
848 3340 983 3418 dixerit
992 3342 1153 3447 aliquam
1168 3341 1365 3417 falsitatem
1383 3340 1440 3415 vel
1455 3341 1614 3417 tacuerit
1631 3340 1727 3417 veri-

308 3489 439 3559 tatem,
462 3471 554 3547 dixit
577 3500 644 3578 per
659 3473 915 3579 juramentum
940 3500 1052 3548 suum
1072 3472 1290 3577 quodum,
1313 3489 1350 3547 et
1368 3470 1472 3575 quod
1494 3474 1572 3574 ipse
1594 3498 1725 3574 puram
1851 3492 1856 3503 ·

310 3602 499 3679 veritatem
517 3602 607 3676 dixit
621 3629 689 3705 pro
709 3603 827 3679 salute
847 3602 969 3679 anime
985 3631 1063 3678 sue.

364 3865 457 3941 Item
468 3891 582 3950 anno,
600 3863 802 3952 indicione,
819 3860 1039 3969 pontificatu
1053 3880 1090 3939 et
1099 3864 1160 3939 die
1171 3862 1364 3967 predictis,
1381 3862 1419 3937 in
1431 3860 1619 3967 presencia
1632 3858 1722 3935 dicti

310 3994 564 4084 commissarii,
577 4010 745 4071 nostrum
757 3994 988 4071 notariorum
999 4011 1036 4069 et
1044 3993 1540 4097 testiuminsrascriptorum,
1553 3990 1726 4068 constitu·

308 4138 385 4209 tus,
407 4122 554 4228 juratus
574 4140 622 4199 et
648 4124 849 4230 requisitus
874 4125 1008 4201 eodem
1036 4125 1168 4210 modo,
1194 4122 1307 4199 frater
1336 4120 1557 4225 Radulphus
1581 4122 1726 4227 Moyset

310 4250 399 4327 dicti
427 4252 568 4331 ordinis
587 4253 753 4359 Templi,
781 4256 885 4331 etatis
906 4255 1089 4361 sexaginta
1114 4254 1281 4358 quinque
1307 4278 1493 4329 annorum
1522 4249 1580 4327 vel
1609 4251 1721 4337 circa,

308 4409 456 4457 morans
471 4383 510 4458 in
527 4384 640 4461 domo
655 4383 703 4458 de
721 4383 937 4461 Castellario
949 4384 1053 4490 juxta
1068 4383 1265 4469 Peronam,
1280 4381 1370 4459 dixit
1389 4409 1457 4486 per
1469 4380 1727 4487 juramentum

309 4539 419 4587 suum
431 4512 536 4615 quod
551 4510 649 4587 bene
665 4512 1006 4618 suntquadraginta
1016 4512 1184 4618 quinque
1200 4509 1285 4587 anni
1299 4509 1356 4586 vel
1370 4510 1466 4586 circa
1476 4508 1606 4614 elapsi,
1622 4507 1727 4614 quod

310 4642 387 4746 ipse
415 4639 488 4716 luit
506 4659 679 4746 receptus
705 4643 744 4719 in
771 4642 884 4720 domo
905 4644 952 4721 de
975 4643 1093 4720 Bosoo
1115 4640 1265 4719 ballivis
1285 4639 1545 4728 Viromandie,
1566 4667 1636 4744 per
1647 4635 1728 4715 fra·

307 4789 405 4848 trem
423 4771 618 4849 Danielem
642 4773 833 4849 Britonem
852 4774 1112 4880 presbyter-um
1139 4770 1230 4850 dicti
1255 4771 1414 4861 ordinis,
1442 4784 1480 4848 et
1498 4768 1622 4876 quod,
1644 4785 1728 4874 post

396 4921 503 4981 rancis
518 4939 570 4980 nes
585 4939 810 4996 reuertens-
822 4942 854 4981 n.
1502 4918 1539 4985 52
