4230 5956
656 457 848 551 ruocss
880 479 975 548 uss
1007 479 1310 550 rsurursns.
1614 485 1687 555 215

274 635 422 694 venerat
441 646 461 693 a
480 646 577 693 casu.
604 619 714 710 Item,
738 617 831 694 dixit
854 618 956 722 quod
980 617 1076 694 bene
1101 618 1278 695 credebat
1297 617 1552 695 ecclesiasticis
1571 648 1688 699 sacra·

273 749 426 837 mentis,
444 765 481 823 et
501 747 620 824 credit
633 748 736 853 quod
754 746 815 823 alii
829 731 959 823 iratres
973 748 1116 825 ordinis
1137 748 1272 824 eodem
1289 747 1405 824 modo
1422 748 1635 837 crederent,
1653 771 1690 828 et

272 879 376 981 quod
401 907 533 954 eorum
553 879 763 954 sacerdotes
785 876 911 953 debite
935 877 1177 954 celebrarent.
1203 880 1314 968 ltem,
1340 877 1433 953 dixit
1447 905 1487 953 se
1506 877 1688 958 audivisse

273 1007 346 1084 dici
362 1009 401 1084 in
420 1008 521 1086 dicto
543 1009 675 1085 ordine
691 1026 728 1085 et
743 1008 895 1085 credere
914 1009 1036 1113 quod,
1055 1027 1256 1115 antequam
1277 1008 1460 1086 haberent
1478 1009 1689 1088 sacerdotes

273 1138 310 1211 in
329 1137 479 1226 ordine,
499 1167 631 1216 eorum
651 1155 886 1245 preceptores
899 1137 982 1214 laici
998 1139 1239 1217 absolvebant
1252 1139 1345 1215 alios
1360 1139 1490 1215 fratres
1509 1139 1653 1216 ordinis
1669 1168 1690 1216 a

273 1267 431 1371 peccatis
449 1270 667 1344 auctoritate
685 1267 907 1375 apostolica,
923 1267 988 1343 sed
1004 1269 1247 1373 postmodum
1263 1284 1460 1373 postquam
1476 1268 1692 1344 habuerunt

273 1397 498 1487 sacerdotes,
517 1426 593 1473 non
613 1397 754 1473 audivit
768 1396 841 1472 dici
857 1398 960 1501 quod
979 1397 1213 1473 absolverent
1231 1396 1320 1473 dicti
1341 1396 1424 1472 laici
1439 1414 1687 1501 preceptores.

272 1526 452 1602 Jurabant
469 1527 648 1632 ordinem·
664 1556 738 1604 non
755 1528 872 1615 exire3
895 1527 1019 1603 statim
1040 1557 1108 1632 pro
1130 1526 1304 1634 professis
1319 1527 1566 1604 habebantur.
1581 1528 1690 1606 Clan-

273 1655 417 1733 destine
440 1656 727 1760 recipiebantur,
755 1655 872 1732 nullis
896 1657 1130 1761 presentibus
1158 1658 1229 1733 nisi
1252 1658 1429 1734 fratribus
1455 1657 1618 1748 ordinis,
1646 1686 1688 1733 ex

272 1814 346 1889 quo
368 1786 488 1862 credit
507 1787 610 1892 quod
628 1804 724 1864 esset
744 1786 906 1890 suspicio
920 1803 1046 1863 contra
1067 1815 1143 1863 eos.
1161 1786 1456 1865 Dellendebatur
1476 1789 1530 1862 eis
1546 1787 1688 1864 crimen

272 1916 557 2003 sodomiticum,
575 1934 614 1992 et
631 1917 661 1991 si
682 1916 747 2020 qui
769 1915 925 1992 convicti
945 1914 1102 1991 luissent
1121 1916 1264 1991 dictum
1282 1915 1424 1991 crimen
1441 1932 1686 2020 perpetrasse,

272 2044 429 2119 luissent
444 2043 490 2118 ab
510 2045 642 2120 ordine
660 2043 809 2119 exclusi.
838 2043 942 2118 Ultra
960 2072 1062 2118 mare
1085 2044 1179 2119 dixit
1198 2072 1236 2119 se
1252 2043 1363 2120 luisse
1385 2071 1447 2120 sex
1466 2044 1572 2120 annis
1588 2073 1689 2122 com·

272 2190 440 2249 moratus
456 2190 655 2278 antequam
673 2189 770 2249 esset
788 2171 900 2248 frater
917 2172 1077 2259 ordinis,
1099 2172 1138 2247 in
1154 2173 1307 2250 servicio
1322 2172 1445 2250 lratris
1460 2174 1505 2251 G.
1527 2173 1574 2250 de
1594 2175 1688 2252 San-

272 2320 352 2379 zeto
381 2302 572 2406 quondam
601 2301 731 2379 militis
753 2301 843 2377 dicti
869 2302 1028 2388 ordinis,
1055 2319 1225 2406 tempore
1254 2301 1376 2379 fratris
1402 2302 1599 2380 Guillelmi
1640 2304 1687 2380 de

271 2429 376 2508 Bello
393 2432 483 2508 loco
502 2431 664 2538 Magistri
684 2448 773 2506 tunc
788 2430 947 2518 ordinis;
970 2448 1008 2523 et
1025 2430 1073 2506 de
1090 2432 1209 2536 capite
1229 2431 1368 2538 dequo
1386 2432 1560 2537 deposuit
1576 2462 1688 2539 supra

271 2562 446 2665 magister
466 2560 677 2638 Anthonius
698 2560 797 2666 Sycti
821 2560 868 2635 de
890 2560 1085 2646 Vercellis,
1114 2577 1152 2638 et
1173 2561 1220 2637 de
1236 2561 1360 2667 ydolis
1380 2561 1525 2637 nullam
1547 2563 1689 2640 audivit

271 2691 353 2764 lieri
372 2692 618 2767 mencionem.
642 2690 744 2766 Dixit
758 2707 883 2766 tamen
899 2690 1002 2796 quod
1019 2691 1141 2766 dictus
1158 2691 1269 2767 frater
1284 2691 1512 2768 Guillelmus
1527 2690 1688 2768 habebat

271 2848 443 2924 magnam
465 2820 670 2897 amiciciam
695 2849 780 2896 cum
803 2820 957 2897 soldano
984 2836 1021 2897 et
1042 2821 1251 2910 Saracenis,
1284 2821 1371 2924 quia
1398 2819 1505 2896 aliter
1524 2848 1600 2897 non
1620 2848 1687 2924 po·

269 2949 427 3026 tuissent
453 2951 531 3055 ipse
555 2950 613 3027 vel
638 2951 732 3027 ordo
757 2968 846 3026 tunc
871 2949 968 3026 ultra
992 2978 1093 3025 mare
1122 2951 1352 3026 remansisse.
1384 2949 1560 3027 Cordulis
1583 2950 1686 3027 unde

269 3079 444 3156 volebant
458 3081 656 3186 assumptis
672 3081 914 3185 cingebantur
933 3109 1046 3186 super
1061 3082 1229 3158 camisias
1245 3110 1330 3158 cum
1350 3081 1490 3185 quibus
1499 3079 1683 3186 jacebant.

269 3211 340 3285 Per
359 3229 631 3288 sacramentum
652 3212 916 3319 injungebatur
931 3212 984 3288 eis
998 3213 1101 3317 quod
1117 3240 1193 3288 non
1206 3212 1413 3288 revelarent
1432 3227 1570 3287 secreta
1591 3211 1688 3316 capi·

269 3340 463 3430 tuliorum,
493 3341 540 3418 de
565 3342 680 3419 modo
705 3341 933 3447 recepcionis
953 3341 1101 3446 speciali
1126 3370 1201 3419 non
1226 3342 1352 3420 habita
1378 3342 1586 3417 mensione.
1611 3343 1685 3434 Qui

271 3469 494 3548 revelassent
527 3469 575 3548 ad
602 3500 738 3578 panem
768 3490 806 3549 et
832 3501 966 3578 aquam
993 3490 1031 3549 et
1057 3472 1146 3550 alias
1178 3472 1335 3580 graviter
1363 3472 1485 3578 puniti
1516 3471 1683 3549 luissent.

271 3597 500 3676 Elemosinas
523 3618 560 3676 et
584 3601 875 3707 hospitalitatem
893 3603 997 3708 juxta
1020 3602 1234 3679 facultatem
1261 3603 1462 3679 domorum
1485 3603 1523 3676 in
1547 3600 1686 3706 quibus

271 3728 389 3802 extitit
415 3742 667 3806 commoratus
695 3731 787 3806 vidit
813 3731 1074 3808 convenienter
1102 3732 1185 3807 fieri
1210 3747 1248 3806 et
1267 3732 1420 3821 servari,
1452 3747 1490 3806 et
1513 3727 1686 3834 capitolia

270 3858 473 3959 generalia,
498 3887 670 3936 sermone
693 3859 808 3949 facto,
827 3861 1046 3965 tempestive
1069 3861 1188 3938 teneri
1213 3860 1315 3966 apud
1337 3858 1437 3935 Auso
1465 3857 1686 3933 Pictavensis

271 3985 444 4074 diocesis,
462 3989 589 4094 januis
603 3989 754 4076 clausis,
778 3990 893 4067 nullis
914 3990 1152 4094 presentibus
1178 3989 1248 4064 nisi
1269 3987 1446 4063 fratribus
1465 3985 1623 4072 ordinis,
1648 4003 1686 4062 et

270 4115 535 4215 providebatur
559 4147 606 4193 ne
624 4119 843 4195 audirentur
862 4120 1023 4225 exterius
1050 4147 1124 4223 que
1150 4117 1307 4193 interius
1334 4116 1549 4221 agebantur.
1576 4115 1686 4194 Ordi-

272 4259 356 4317 nata
388 4273 455 4348 per
488 4247 705 4352 Magistrum
740 4277 826 4325 cum
854 4265 1038 4326 conventu
1071 4263 1249 4324 servasset
1279 4261 1381 4322 totus
1416 4246 1528 4337 orde,
1557 4262 1685 4323 contra

271 4400 385 4476 quem
407 4401 507 4449 nunc
529 4391 682 4480 propter
709 4376 874 4481 predicta
897 4376 1051 4484 grandia
1078 4374 1266 4465 scandala,
1291 4375 1452 4480 suspicio
1473 4393 1511 4452 et
1534 4363 1684 4451 infamia

271 4518 360 4578 sunt
376 4521 516 4593 exorta,
542 4520 580 4579 et
602 4521 727 4579 contra
752 4532 864 4609 quem
889 4505 1063 4613 Magister
1086 4504 1205 4582 etalii
1231 4505 1408 4581 dicuntur
1427 4504 1550 4611 aliqua
1571 4504 1684 4582 luisse

272 4633 451 4722 confessi,
478 4635 526 4709 ad
556 4634 662 4739 cujus
682 4634 825 4712 ordinis
850 4635 1120 4712 deffensionem
1150 4662 1288 4711 senon
1312 4634 1511 4712 obtulerat.
1538 4638 1612 4712 Nec
1632 4636 1684 4712 sic

272 4762 497 4866 deposuerat
518 4792 644 4869 prece,
667 4782 858 4870 precepto,
873 4767 1030 4850 timore,
1049 4792 1192 4851 amore,
1216 4764 1316 4852 odio,
1331 4765 1390 4841 vel
1410 4765 1608 4870 temporali
1623 4792 1686 4842 co·
