4230 5956
680 466 872 559 procus
899 485 993 558 nas
1020 484 1316 557 cruentans.
1636 489 1704 558 ιον

293 624 388 703 dicta
409 622 525 701 domo
542 624 674 702 Sancte
690 624 852 714 Eulalia,
869 627 908 702 in
930 654 1003 731 qua
1026 625 1147 702 extitit
1166 642 1436 713 commoratus,
1455 623 1549 701 vidit
1568 624 1707 703 elemo-

288 753 386 833 sinas
413 770 450 831 et
481 753 773 860 hospitalitatem
799 773 837 831 et
858 754 1056 834 luminaria
1086 754 1241 832 ecclesie
1267 752 1530 838 convenienter
1558 754 1639 832 lieri
1670 775 1707 838 et

287 884 444 973 servari3
468 902 507 961 et
529 884 616 962 dicti
642 883 774 964 fratres
793 863 955 965 Peneius
973 902 1011 962 et
1029 884 1153 992 Guigo
1176 868 1442 965 deffenderunt
1467 883 1538 990 ipsi
1561 887 1646 960 testi
1670 903 1708 962 et

288 1012 369 1093 eliis
391 1013 566 1092 lratrihus
583 1015 736 1095 indicta
751 1016 867 1095 domo
883 1015 1203 1095 commorantibus
1220 1044 1268 1095 nc
1283 1015 1451 1093 indebite
1470 1014 1705 1119 acquirerent

287 1142 424 1231 aliena,
444 1161 484 1223 et
498 1172 628 1223 omnes
648 1146 876 1231 curialitates
893 1147 1198 1227 concedebantur
1217 1148 1287 1236 eis,
1309 1163 1348 1224 et
1361 1144 1627 1223 incurialitntes
1646 1175 1707 1221 ve·

288 1274 471 1353 tahantur.
495 1273 712 1381 Capitulum
735 1274 964 1355 celebratum
989 1304 1058 1381 pro
1080 1278 1297 1383 recepcione
1320 1275 1408 1353 dicti
1434 1275 1591 1353 Dendati
1613 1277 1706 1355 vidit

288 1403 335 1479 de
358 1403 440 1493 die,
460 1404 571 1493 clam,
595 1405 709 1485 nullis
733 1405 970 1512 presentibus
993 1406 1064 1485 nisi
1087 1405 1263 1485 fratribus
1282 1406 1444 1494 ordinis,
1465 1405 1596 1481 teneri.
1616 1407 1706 1484 Cre·

165 1631 171 1637 ⁸
287 1533 344 1609 dit
363 1534 466 1640 quod
490 1535 661 1615 ordinata
681 1565 749 1645 per
770 1537 989 1646 Magistrum
1011 1566 1096 1614 cum
1116 1554 1299 1616 conventu
1316 1534 1482 1615 fuissent
1503 1553 1644 1615 servata
1665 1538 1704 1615 in

156 1683 162 1694 ·
285 1680 366 1741 toto
386 1661 538 1751 ordine,
562 1682 692 1744 contra
715 1694 831 1773 quem
856 1694 959 1746 nunc
977 1667 1131 1776 grandia
1153 1665 1343 1754 scandale,
1368 1666 1530 1772 suspicio
1556 1682 1592 1743 et
1611 1665 1669 1742 inl
1684 1708 1703 1728 -

286 1792 359 1871 ruia
381 1812 470 1871 sunt
491 1810 636 1885 exorta,
665 1813 704 1873 et
725 1813 855 1875 contre
876 1824 990 1904 quem
1014 1826 1170 1904 magnus
1193 1797 1368 1903 Magister
1382 1813 1421 1873 et
1438 1794 1500 1872 alii
1526 1794 1703 1873 dicuntur
1810 1833 1814 1841 ·

285 1921 409 2028 alique
429 1923 543 2002 luisse
558 1925 727 2003 confessi.

342 2053 555 2158 Requisitus
570 2055 600 2132 si
615 2057 668 2132 sic
684 2057 910 2161 deposuerat
923 2083 1049 2162 prece,
1069 2072 1261 2161 precepto,
1271 2056 1406 2131 timore
1417 2115 1427 2144 ,
1437 2082 1580 2143 amore,
1598 2056 1699 2141 odio,

287 2181 344 2260 vel
358 2183 555 2288 temporali
576 2185 739 2264 comodo
762 2184 891 2264 habito
906 2185 964 2265 vel
983 2185 1175 2276 habendo,
1193 2185 1388 2291 respondit
1404 2185 1512 2290 quod
1525 2213 1617 2273 non,
1635 2186 1704 2271 sed

287 2338 355 2416 pro
376 2313 528 2391 veritate
555 2314 736 2403 dicende:
757 2316 817 2392 cui
838 2313 911 2393 suit
935 2315 1149 2421 injunctum
1173 2315 1278 2422 quod
1302 2342 1378 2395 non
1405 2314 1586 2391 revelaret
1607 2315 1703 2391 hanc

286 2470 391 2521 suem
407 2442 703 2549 deposicionem,
719 2472 918 2552 quousque
932 2442 1555 2553 attestacionessuerintpuhlicate3
1572 2461 1608 2523 et
1624 2471 1701 2522 non

285 2571 474 2651 obtulerat
493 2577 593 2653 seed
610 2574 882 2655 deffensionem
898 2577 987 2657 dicti
1004 2576 1159 2655 ordinis.

334 2836 468 2911 ‘Frater
483 2839 723 2945 Rayrnundus
741 2838 922 2914 Amalvini
936 2838 1119 2924 serviens,
1138 2838 1389 2917 hethenensis
1404 2837 1583 2922 diocesis,
1596 2838 1701 2913 testis

284 2992 394 3070 supra
410 2965 576 3070 juratus,
597 2967 912 3075 quadragenarius
932 2967 992 3046 vel
1014 2969 1129 3058 circa,
1155 2966 1377 3044 mantellum
1401 2966 1545 3044 ordinis
1562 2982 1601 3042 et
1614 2965 1700 3045 hur-

281 3093 368 3170 bam
392 3094 595 3188 defferens,
620 3126 706 3176 cum
729 3126 807 3204 quo
832 3098 1055 3204 inquisitum
1085 3098 1225 3187 fuerat,
1256 3096 1451 3175 absolutus
1474 3111 1512 3172 et
1532 3096 1702 3172 reconci-

281 3225 392 3303 liatus
415 3252 485 3331 per
505 3227 704 3305 dominum
730 3228 947 3334 episcopum
968 3229 1268 3315 Ruthenensem,
1294 3229 1360 3333 qui
1385 3244 1557 3332 receptus
1578 3225 1700 3303 fuerat

280 3356 321 3433 in
339 3354 483 3461 capella
510 3358 641 3436 Sancte
669 3358 812 3435 Eulalie
838 3358 937 3437 dicte
962 3359 1141 3450 diocesis,
1171 3386 1239 3464 per
1260 3356 1412 3435 fratrem
1441 3356 1623 3434 Poncium
1651 3355 1700 3433 de

281 3485 447 3563 Rreheto
471 3487 631 3567 militem
648 3490 861 3596 quondam,
888 3490 929 3564 in
948 3490 1075 3567 hieme
1097 3489 1276 3595 preterita
1292 3488 1446 3564 luerunt
1460 3514 1523 3565 xm
1536 3487 1626 3564 anni
1641 3487 1699 3563 vel

281 3619 395 3705 cisoa,
417 3620 655 3723 presentibus
668 3618 846 3698 fratribus
860 3621 1040 3698 Rancerio
1060 3621 1108 3698 de
1120 3618 1372 3697 Lemoviciuio
1387 3616 1527 3707 milite,
1545 3616 1698 3694 Othone

280 3765 499 3854 preceptore
519 3749 751 3840 Tholosano,
774 3751 882 3857 eujus
901 3777 1110 3857 cognomen
1128 3749 1292 3857 ignoret,
1309 3776 1403 3855 quos
1418 3747 1538 3825 credit
1556 3745 1696 3832 vivere3

280 3875 452 3986 Guigone
473 3878 648 3957 Ademnri
674 3879 811 3972 milite,
845 3897 882 3958 et
905 3882 1126 3988 Reymundo
1149 3878 1354 3956 Bermuntli
1382 3894 1474 3954 tunc
1496 3874 1698 3951 camerario

280 4006 368 4086 dicti
393 4007 486 4096 loci,
509 4010 757 4088 servientibus
778 4009 996 4096 deffnnctis,
1018 4026 1056 4086 st
1074 4011 1142 4114 qui
1164 4007 1314 4085 nullum
1338 4007 1455 4081 olium
1472 4005 1616 4080 viderat
1633 4032 1697 4080 -re-

280 4137 353 4241 cipi
374 4137 413 4212 in
428 4137 578 4227 ordine,
595 4167 665 4216 nec
683 4139 852 4217 adhaeret
871 4138 1107 4247 generalibus
1127 4135 1297 4242 capitulis
1318 4133 1553 4211 eorumdem.
1565 4136 1697 4212 Lectis

281 4282 318 4341 et
331 4264 527 4371 diligenter
538 4269 714 4374 expositis
733 4269 991 4347 sibiomnihus
1010 4283 1048 4343 et
1066 4265 1221 4371 singulis
1240 4264 1423 4351 articulis,
1444 4265 1638 4371 respondit
1656 4294 1696 4342 se

279 4393 395 4470 nichil
414 4396 597 4473 scire-nec
616 4397 784 4488 credere,
807 4426 875 4474 nec
897 4397 1080 4475 audivisse
1103 4396 1176 4472 dici
1204 4394 1252 4471 de
1277 4396 1462 4472 contentis
1486 4396 1526 4471 in
1549 4396 1602 4472 eis
1624 4395 1697 4471 nisi

280 4525 386 4631 quod
399 4526 581 4632 sequitur.
598 4527 779 4605 Videlicet
793 4527 896 4634 quod
915 4528 953 4603 in
973 4526 1288 4633 ejus-recopcione
1307 4543 1490 4632 receptor,
1506 4554 1594 4602 cum
1609 4551 1697 4602 oon-

281 4657 447 4734 cessisset
466 4684 554 4735 eum
574 4657 760 4765 recipere,
784 4658 876 4735 dixit
889 4659 1011 4766 quod,
1029 4659 1067 4733 in
1086 4658 1241 4734 nomine
1258 4656 1427 4734 Petriset
1452 4655 1536 4733 Filii
1556 4672 1594 4732 et
1613 4655 1697 4761 Spi-

280 4788 374 4866 ritus
391 4788 532 4879 Sancti,
553 4804 590 4866 et
604 4788 651 4866 ad
671 4789 856 4867 honorem
876 4789 944 4867 Dei
967 4805 1005 4866 et
1018 4788 1128 4865 beate
1150 4787 1285 4879 Maris,
1306 4786 1510 4896 recipiebat
1530 4815 1634 4874 eum,
1658 4803 1696 4864 et
