4230 5956
698 469 893 561 Procts
918 489 1014 559 nas
1039 488 1337 561 inuramus.
1654 494 1726 566 375

315 630 385 708 sibi
415 630 453 704 in
479 644 620 703 secreto
639 628 740 732 quod
762 628 793 705 si
819 627 924 705 calor
939 628 1114 704 naturalis
1139 645 1306 705 moveret
1327 656 1412 703 eum
1433 628 1480 703 ad
1495 629 1728 707 incontinen-

314 761 423 846 ciam,
441 757 544 862 quod
561 757 639 862 ipse
660 756 731 834 iret
751 759 798 834 ad
817 756 947 835 fratres
964 758 1123 846 ordinis,
1144 759 1231 863 quia
1250 757 1360 833 multi
1382 774 1487 833 erant
1506 758 1559 834 ibi
1571 759 1728 863 juvenes

315 914 400 964 cum
417 886 553 992 quibus
572 902 717 992 poterat
732 886 945 994 extinguere
964 886 1162 963 libidinem
1181 915 1302 973 suam,
1325 905 1362 962 et
1376 887 1478 991 quod
1492 887 1665 965 similiter
1676 917 1729 964 re·

314 1019 454 1122 ciperet
470 1042 534 1092 eos
554 1014 702 1104 adhoc,
720 1017 750 1092 si
769 1018 1004 1122 requirerent
1023 1046 1110 1094 cum
1130 1046 1242 1122 super
1257 1018 1425 1107 hoc;sed
1444 1017 1523 1122 ipse
1534 1046 1728 1124 nunquam

312 1148 416 1234 lecit,
427 1174 497 1222 nec
511 1145 584 1222 suit
600 1175 714 1251 super
728 1147 801 1223 hoc
814 1146 1028 1252 requisitus,
1044 1164 1087 1222 ut
1101 1147 1202 1222 dixit.
1219 1148 1432 1252 Requisitus
1448 1164 1575 1223 utrum
1587 1147 1728 1253 aliquos

254 1373 261 1389 .
314 1275 442 1351 fratres
472 1273 620 1362 lecerit,
649 1276 741 1350 dixit
769 1304 836 1380 per
855 1276 1109 1381 juramentum
1136 1305 1245 1352 suum
1272 1276 1376 1381 quod
1402 1303 1489 1353 non.
1516 1277 1729 1381 Requisitus

313 1422 440 1481 utrum
456 1403 575 1480 credit
586 1384 690 1509 ipuod
702 1431 834 1482 omnes
853 1405 919 1510 qui
939 1405 977 1479 in
999 1403 1100 1480 dicto
1115 1405 1247 1481 ordine
1265 1404 1493 1509 recipiuntur
1505 1404 1730 1509 recipiantur

313 1534 500 1638 perillum
515 1533 691 1620 modum,
707 1534 797 1610 dixit
814 1535 919 1640 quod
932 1534 1062 1611 credit.
1077 1536 1325 1639 Interrogatus
1344 1551 1471 1611 utrum
1486 1535 1537 1623 vi,
1553 1533 1612 1610 vel
1625 1552 1729 1612 metu

313 1664 468 1739 carceris
487 1691 554 1740 seu
574 1680 866 1752 tormentorum,
886 1681 949 1739 aut
966 1663 1090 1768 aliqua
1111 1666 1157 1740 de
1178 1693 1301 1752 causa,
1325 1664 1487 1769 aliquam
1509 1664 1642 1741 dixerit
1660 1663 1728 1739 lal-

313 1793 456 1867 sitatem
484 1793 541 1868 vel
568 1792 813 1869 immiscuerit
840 1794 879 1868 in
900 1793 1140 1899 deposicione
1164 1822 1245 1881 sua,
1270 1794 1363 1870 dixit
1383 1821 1452 1897 por
1471 1795 1726 1898 juramentum

311 1949 422 1998 suum
442 1922 545 2025 quod
567 1949 662 2009 non3
683 1922 800 1997 immo
816 1922 908 1998 dixit
926 1949 1057 2024 puram
1074 1939 1110 1998 et
1129 1950 1270 1997 meram
1285 1922 1488 1998 veritatem.

368 2180 461 2254 ltem
473 2178 780 2254 sratcrHenricns
801 2177 853 2282 de¹
865 2177 1036 2283 Hercigni
1053 2177 1211 2254 diocesis
1223 2179 1497 2263 Laudunensis‚
1516 2179 1623 2256 etatis
1637 2208 1727 2284 qua·

314 2308 479 2413 draginta
503 2334 685 2383 annorum
705 2305 764 2382 vel
790 2307 900 2395 circa,
921 2307 1067 2413 juratus
1089 2307 1223 2383 eodem
1248 2308 1364 2384 modo
1385 2309 1431 2384 de
1459 2335 1498 2383 se
1521 2326 1558 2384 et
1584 2308 1666 2385 aliis
1688 2311 1726 2383 in

313 2465 420 2512 causa
439 2435 528 2512 [idei
546 2436 669 2513 dicere
684 2436 890 2523 veritatem,
909 2452 946 2511 et
964 2436 1212 2544 interrogatus
1225 2437 1272 2512 dc
1287 2454 1457 2541 tempore
1478 2455 1516 2514 et
1531 2437 1645 2514 modo
1661 2465 1726 2515 sue

312 2566 556 2671 recepcionis‚
571 2565 662 2642 dixit
676 2595 743 2671 per
756 2566 1012 2672 juramentum
1032 2594 1142 2643 suum
1156 2566 1260 2670 quod
1272 2585 1444 2671 receptus
1464 2566 1536 2643 luit
1552 2567 1613 2643 die
1629 2568 1727 2644 Jovis

312 2713 395 2772 ante
410 2696 546 2772 instans
567 2695 702 2773 festum
719 2693 995 2771 Purificacionis
1013 2694 1120 2771 beate
1140 2696 1256 2771 Marie
1271 2695 1431 2800 Virginis
1446 2696 1517 2770 erit
1532 2722 1669 2781 annus,
1685 2695 1724 2795 in

313 2825 425 2901 domo
439 2825 486 2901 dc
503 2826 755 2912 Seraincourt,
774 2853 843 2929 per
860 2823 1011 2901 fratrem
1032 2825 1240 2900 Johanncm
1261 2839 1519 2929 preceptorem
1539 2823 1635 2900 dicte
1659 2824 1726 2900 do-

313 2983 411 3044 mus,
438 2953 671 3058 presentibus
700 2953 809 3030 fratre
837 2952 1000 3030 Roberto
1033 2952 1204 3056 bergerio
1235 2952 1332 3028 dicte
1362 2952 1512 3038 domus,
1544 2970 1582 3027 et
1612 2950 1724 3029 fratre

311 3084 521 3161 Christiano
547 3083 656 3160 fratre
676 3084 774 3160 dicte
791 3083 941 3169 domus,
965 3099 1003 3159 et
1021 3082 1245 3187 quibusdam
1266 3081 1348 3158 aliis
1368 3081 1416 3157 de
1431 3108 1592 3187 quorum
1608 3082 1725 3158 nomi·

312 3214 423 3291 nibus
441 3242 518 3290 non
534 3214 673 3290 recolit.
699 3215 745 3289 Et
765 3213 855 3290 dixit
873 3239 941 3315 per
955 3213 1210 3317 juramentum
1231 3239 1342 3288 suum
1361 3210 1463 3317 quod
1483 3210 1619 3287 multas
1638 3238 1726 3315 pro·

312 3345 506 3421 missiones
524 3342 611 3420 lecit
630 3343 679 3420 dc
704 3343 849 3420 statutis
871 3359 910 3418 et
936 3343 1087 3421 secretis
1113 3342 1200 3418 dicti
1230 3342 1371 3418 ordinis
1399 3341 1655 3430 observandis,
1687 3359 1726 3418 et

311 3472 425 3548 nichil
444 3474 545 3550 aliud
561 3473 801 3550 inhonestum
819 3472 890 3548 luit
906 3471 977 3549 sibi
990 3471 1197 3577 injunctum
1212 3471 1271 3547 ‚vel
1285 3471 1445 3558 dictum;
1462 3488 1500 3547 et
1513 3471 1604 3546 dixit
1620 3470 1724 3574 quod

311 3601 425 3678 nichil
445 3603 683 3681 inhonestum
702 3602 841 3679 sciebat
860 3603 899 3677 in
914 3602 1014 3678 dicto
1034 3602 1176 3678 ordine.

367 3863 460 3936 Item
479 3888 592 3948 anno,
619 3858 821 3948 indicione,
842 3885 984 3947 mense.
1003 3857 1064 3933 die
1080 3874 1116 3932 et
1132 3855 1348 3962 pontificatu
1368 3857 1559 3961 predictis,
1580 3857 1620 3931 in
1639 3855 1726 3933 reli·

313 3989 405 4092 giosi
426 3990 492 4064 viri
512 3988 632 4065 fratris
651 3987 790 4065 Nicolai
812 3988 859 4064 de
879 3986 1074 4064 Anessiaco
1094 3985 1335 4063 commissarii
1357 3985 1513 4091 predicti
1534 3984 1725 4089 inquisito

312 4116 363 4191 ris
383 4116 547 4193 heretice
568 4116 750 4220 pravitatis
769 4116 982 4194 auctoritate
999 4114 1197 4223 apostolica
1217 4115 1398 4219 deputati,
1431 4131 1600 4191 nostrum
1620 4130 1724 4189 nota-

314 4248 454 4322 riorum
473 4245 710 4349 publicorum
729 4262 768 4322 et
791 4244 1106 4352 infrascriptorum
1119 4245 1310 4349 presencia
1331 4244 1574 4349 personaliter
1588 4242 1724 4320 consti·

313 4392 415 4451 tutus
448 4374 560 4450 frater
586 4372 803 4479 Radulphus
829 4373 876 4450 de
899 4373 1122 4450 Taverniaco
1149 4389 1272 4450 custos
1298 4372 1432 4449 domus
1460 4374 1507 4450 de
1533 4371 1630 4450 Villa
1653 4370 1724 4448 Dei

308 4508 411 4610 juxta
430 4503 569 4580 Malum
583 4506 798 4607 Repastum‚
816 4503 974 4580 diocesis
987 4503 1239 4590 Carnotensis,
1262 4503 1367 4579 etatis
1381 4501 1647 4608 quinquaginta
1661 4528 1724 4576 sex

314 4662 496 4710 annorum
514 4633 572 4709 vel
589 4634 698 4721 circa,
713 4634 858 4739 juratus
877 4632 1013 4711 eodem
1034 4633 1146 4709 modo
1167 4633 1214 4708 de
1235 4650 1328 4709 sect
1346 4632 1428 4709 aliis
1447 4632 1485 4707 in
1505 4658 1614 4709 causa
1633 4627 1722 4705 fidei

315 4764 438 4840 dicere
452 4763 660 4852 veritatem,
678 4779 714 4839 et
724 4763 970 4867 interrogatus
983 4762 1029 4839 de
1039 4779 1208 4866 tempore
1224 4779 1261 4839 et
1271 4762 1466 4839 modosue
1476 4759 1722 4866 receptionis,
