4230 5956
461 433 533 508 stn
847 415 1163 507 runcis-uus
1188 435 1487 509 rennuens.

458 576 570 651 lictus
589 574 635 649 ab
655 600 701 650 eo
721 572 768 649 de
785 575 929 651 statutis
945 574 1033 650 dicti
1052 574 1196 652 ordinis
1212 575 1467 663 observandis,
1483 575 1716 669 etmantello
1729 578 1777 653 nd
1796 578 1875 655 col-

457 704 536 781 lum
548 704 686 808 posito,
701 701 801 779 idem
814 703 995 809 recipiens
1008 705 1172 782 ostendit
1184 705 1254 782 sibi
1268 707 1470 812 quamdam
1482 733 1645 792 crucem,
1660 723 1697 781 et
1707 709 1874 812 precepit
1995 776 2003 785 .

457 836 532 939 sibi·
548 836 651 941 quod
668 855 779 939 supra
799 835 901 911 illam
921 853 1089 941 spueret,
1108 855 1144 914 et
1166 837 1269 943 quod
1290 836 1491 942 abnegaret
1507 837 1653 942 signum
1669 837 1808 927 crucis3
1835 853 1873 912 et

456 965 535 1069 ipse
560 965 739 1041 recusavit
763 964 882 1041 lacere
907 983 1087 1070 quantum
1109 968 1250 1071 potnit,
1274 985 1311 1043 et
1331 984 1419 1044 tunc
1439 967 1560 1043 dictus
1579 966 1760 1071 recipiens
1781 967 1873 1043 dixit

456 1094 526 1172 sibi
540 1096 660 1202 quod,
677 1095 748 1171 nisi
763 1095 915 1181 laceret,
932 1097 1011 1200 ipse
1025 1114 1183 1201 poneret
1199 1125 1284 1172 eum
1300 1097 1340 1173 in
1356 1125 1500 1174 carcere
1520 1113 1720 1201 perpetuo,
1735 1114 1773 1172 et
1785 1113 1873 1173 tunc

455 1226 544 1305 lenit
561 1226 786 1331 compulsus.

512 1359 762 1461 Interrogatus
777 1358 823 1433 de
840 1357 983 1443 osculo,
1006 1355 1099 1432 dixit
1119 1386 1186 1462 per
1199 1357 1457 1464 juramentum
1478 1387 1588 1435 suum
1612 1357 1719 1465 quod
1733 1357 1875 1435 oscula-

455 1505 516 1562 tus
541 1487 612 1563 suit
638 1486 776 1564 dictum
798 1486 1038 1590 recipientem
1060 1488 1099 1561 in
1118 1486 1295 1563 umbilico
1320 1506 1357 1563 et
1381 1488 1420 1563 in
1444 1515 1521 1564 ore.
1548 1487 1649 1565 Dixit
1667 1487 1785 1564 eciam
1807 1514 1874 1592 per

451 1617 703 1719 juramentum
722 1644 833 1693 suum
852 1616 956 1721 quod
974 1617 1141 1722 precepit
1158 1615 1229 1697 sibi
1249 1618 1351 1722 quod
1370 1616 1599 1694 oscularetur
1621 1645 1710 1694 eum
1732 1618 1771 1692 in
1796 1616 1872 1691 fine

456 1746 560 1851 spine
582 1748 699 1833 dorsi,
722 1747 787 1821 sed
807 1745 938 1822 noluit.
957 1746 1170 1851 Requisitus
1190 1746 1342 1823 devoto
1362 1746 1550 1834 restitutis,
1574 1746 1665 1823 dixit
1683 1775 1751 1852 per
1767 1746 1871 1850 jura-

456 1893 623 1953 mentum
643 1906 754 1953 suum
774 1876 877 1981 quod
901 1875 1103 1954 inhibitum
1128 1876 1199 1951 luit
1224 1875 1295 1952 sibi
1320 1876 1423 1980 qnod
1451 1904 1527 1953 non
1554 1877 1812 1953 commisceret
1832 1904 1870 1951 se

455 2035 541 2083 cum
558 2006 791 2093 mulieribus,
810 2024 847 2082 et
866 2007 970 2111 qnod
989 2006 1019 2080 si
1036 2005 1135 2082 calor
1149 2004 1326 2082 naturalis
1342 2022 1508 2082 moveret
1523 2033 1627 2091 eum,
1643 2006 1749 2110 quod
1769 2033 1872 2081 oom-

456 2140 628 2213 misceret
647 2165 686 2211 se
707 2164 792 2211 cum
807 2135 981 2211 fratribus
994 2137 1086 2225 suis,
1108 2152 1145 2212 et
1160 2136 1232 2213 hoc
1245 2134 1292 2211 nb
1306 2135 1387 2211 aliis
1408 2150 1608 2240 pateretur.
1636 2134 1737 2209 Dixit
1756 2135 1870 2209 eciam

455 2267 557 2372 quod
575 2293 766 2370 nunquam
786 2265 889 2351 fecit,
907 2292 976 2339 nec
994 2265 1067 2340 fuit
1084 2265 1299 2369 requisitus.

511 2396 759 2499 Interrogatus
771 2392 801 2468 si
812 2418 1006 2496 uunquam
1019 2392 1113 2467 vidit
1125 2391 1266 2496 aliquos
1280 2391 1410 2469 frotres
1424 2393 1537 2496 recipi
1553 2394 1592 2467 in
1608 2391 1706 2469 dicto
1722 2392 1867 2481 ordine,

456 2522 547 2600 dixit
562 2522 667 2627 quod
687 2522 739 2598 sie
758 2549 893 2612 unum,
907 2520 1060 2597 fratrem
1075 2520 1287 2627 Philippum
1301 2521 1350 2598 de
1363 2522 1505 2625 Supere
1518 2523 1759 2601 Normanum.
1772 2524 1872 2601 Dixit

454 2654 570 2731 eciam
595 2681 663 2758 per
681 2653 937 2758 juramentum
959 2678 1072 2727 suum
1092 2651 1197 2756 quod
1220 2650 1356 2729 eodem
1376 2653 1491 2728 modo
1518 2652 1609 2727 vidit
1632 2680 1721 2728 eum
1742 2654 1869 2758 recipi.

454 2785 668 2890 Requisitus
680 2800 807 2859 unum
823 2780 941 2856 credit
952 2781 1056 2886 quod
1072 2780 1133 2856 olii
1150 2779 1284 2857 eodem
1298 2781 1413 2858 modo
1424 2781 1659 2885 recipiantur,
1670 2782 1871 2889 dixitquod

454 2914 573 2991 crodit
591 2915 629 2989 in
649 2914 800 2990 veritate
820 2912 923 3016 quod
943 2909 1003 2987 clii
1024 2911 1251 3016 recipiuntur
1265 2911 1327 2988 its.
1347 2910 1447 2988 Dixit
1466 2913 1582 2987 eciam
1600 2912 1872 3016 per-juramen-

453 3060 533 3120 tum
558 3072 668 3119 suum
693 3042 797 3149 quod
821 3041 868 3116 de
895 3041 1084 3145 premissis
1109 3040 1298 3118 confessus
1323 3040 1393 3121 fuit
1420 3040 1567 3117 cuidam
1598 3039 1700 3118 fratri
1728 3042 1871 3119 ordinis

453 3173 661 3256 Minorum,
682 3172 746 3273 qui
768 3170 860 3245 dixit
878 3170 982 3275 quod
1000 3198 1078 3246 uon
1097 3188 1243 3274 poterat
1261 3198 1348 3247 eum
1359 3170 1572 3258 absolvere,
1589 3189 1628 3247 et
1645 3171 1748 3275 quod
1761 3200 1871 3276 opor-

452 3301 554 3379 tebat
569 3300 673 3404 quod
694 3300 764 3375 iret
782 3299 830 3373 ad
846 3298 974 3374 sedem
990 3299 1241 3401 apostolicam.

507 3430 719 3534 Requisitus
740 3446 868 3504 utrum
883 3430 935 3515 vi,
955 3428 1013 3504 vel
1032 3446 1135 3506 metu
1155 3429 1309 3505 carceris
1323 3429 1380 3504 vel
1396 3447 1683 3517 tormentorum,
1706 3432 1868 3536 aliquam

452 3560 585 3637 dixerit
602 3560 794 3635 salsitatem
817 3577 880 3635 aut
899 3560 1139 3635 immiscuerit
1159 3560 1198 3635 in
1216 3559 1454 3664 deposicione
1474 3588 1554 3648 sua,
1577 3562 1668 3636 dixit
1687 3589 1753 3665 per
1767 3564 1870 3666 jura-

453 3709 620 3770 mentum
639 3719 749 3766 suum
769 3690 874 3796 quod
895 3717 989 3779 non3
1005 3693 1120 3767 immo
1141 3691 1233 3768 dixit
1246 3691 1447 3767 veritatem.
1543 3727 1545 3731 ¹

507 3957 599 4029 Item
615 3953 728 4029 irater
742 3953 911 4029 Mutheus
923 3953 989 4028 des
1004 3953 1188 4044 Quesnoi,
1206 3952 1312 4029 etatis
1325 3953 1475 4057 triginta
1490 3952 1653 4029 duorum
1667 3978 1865 4038 annorum,

446 4084 592 4189 juretus
612 4085 745 4161 eodem
766 4084 881 4161 modo
906 4100 945 4162 et
967 4084 1167 4189 requisitus
1188 4085 1237 4160 de
1256 4098 1425 4187 tempore
1445 4102 1483 4161 et
1508 4084 1622 4162 modo
1647 4110 1714 4161 sue
1737 4111 1867 4186 recep·

451 4211 581 4301 sionis,
598 4214 688 4289 dixit
698 4243 766 4319 per
775 4215 1029 4320 juramentum
1042 4243 1152 4292 suum
1161 4212 1265 4320 quod
1272 4231 1444 4323 receptus
1453 4212 1631 4319 fuitapud
1643 4213 1865 4300 Soisiacum,

450 4343 633 4421 sexdecim
655 4347 739 4421 anui
766 4363 853 4421 sunt
877 4347 1008 4451 elapsi,
1037 4374 1105 4450 per
1128 4345 1279 4422 fratrem
1305 4345 1514 4422 lohannem
1541 4347 1588 4423 de
1619 4347 1749 4420 Turno
1779 4362 1867 4419 tunc

450 4476 720 4553 thesaurarium
746 4475 892 4580 Templi
922 4474 1150 4566 parisiensis,
1183 4474 1416 4579 presentibus
1445 4474 1556 4553 fratre
1589 4473 1785 4579 Radulpho
1821 4474 1867 4547 de

451 4605 666 4682 Hardiviller
688 4623 725 4681 et
748 4605 970 4711 quibusdam
993 4605 1074 4683 aliis
1097 4607 1268 4694 mortuis,
1293 4606 1340 4682 de
1362 4634 1523 4712 quorum
1550 4604 1767 4683 nominibus
1791 4631 1866 4681 non

450 4732 590 4810 recolit.
618 4736 717 4812 Dixit
748 4736 864 4812 eciam
880 4762 948 4839 per
967 4734 1223 4837 jurameutum
1241 4762 1352 4813 suum
1381 4735 1502 4839 quod,
1524 4752 1606 4838 post
1619 4732 1759 4810 multas
1780 4759 1866 4835 pro-
