4230 5956
575 475 770 566 ruccas
798 492 891 563 ons
918 489 1217 561 rnurcrnas.
1555 490 1602 561 as

191 657 387 735 adorarent
406 654 516 761 ydola
532 671 570 729 et
590 651 705 758 capita
723 650 942 759 ydolorun13
960 676 1029 725 nec
1043 649 1148 754 quod
1161 647 1315 724 cordule
1332 667 1479 753 sumpte
1501 652 1602 726 unde

189 787 377 870 volebant,
403 784 543 891 quibus
570 784 616 860 de
643 782 818 857 mandato
846 778 1083 884 superiorum
1115 776 1359 884 cingebantur
1389 779 1427 853 in
1456 779 1601 885 signum

189 918 362 995 castitatis
382 944 494 1022 super
509 914 675 991 camisias
696 941 780 989 cum
802 910 942 1017 quibus
957 910 1142 1017 jacebant,
1163 925 1360 1016 tangerent
1377 909 1494 1013 capita
1509 910 1602 1013 ydo-

188 1047 324 1124 lorum.
341 1047 450 1136 Item,
469 1043 560 1120 dixit
585 1043 687 1150 quod
713 1069 860 1119 crucem
881 1058 1044 1117 sanctam
1065 1039 1161 1116 ultra
1185 1068 1286 1115 mare
1306 1038 1436 1115 devote
1456 1061 1602 1114 venera-

188 1176 336 1264 bantur,
355 1193 392 1251 et
407 1175 446 1250 in
462 1173 523 1250 die
535 1173 689 1251 Veneris
703 1186 825 1248 sancta
842 1187 1053 1247 reverenter
1064 1197 1211 1246 crucem
1226 1168 1430 1245 adorabant
1445 1167 1598 1275 ubique.

189 1306 322 1383 Statim
348 1334 416 1411 pro
436 1303 610 1410 professis
633 1302 880 1379 habebantur.
901 1300 1142 1381 Clandestine
1167 1298 1455 1404 recipiebantur,
1483 1297 1598 1374 nullis

188 1434 425 1541 presentibus
444 1435 515 1511 nisi
536 1431 710 1510 iratribus
731 1432 892 1519 ordinis,
922 1461 965 1508 ex
982 1459 1059 1538 quo
1075 1428 1193 1507 credit
1207 1430 1312 1536 quod
1326 1450 1394 1533 per
1407 1430 1527 1508 malos
1542 1459 1599 1506 su-

183 1565 302 1670 spicio
314 1581 441 1642 contra
458 1561 633 1640 ordinem
648 1561 860 1638 baberetur.
877 1562 984 1651 Item,
1002 1560 1093 1636 dixit
1106 1588 1144 1637 se
1156 1559 1307 1637 credere
1324 1559 1427 1666 quod
1447 1560 1598 1636 diversis
1668 1601 1681 1612 -

186 1695 309 1771 m‘odis
326 1694 582 1801 reciperentur
597 1693 635 1768 in
650 1690 794 1782 ordine,
812 1691 899 1797 quia
915 1690 955 1765 in
967 1690 1185 1796 recepcione
1201 1719 1268 1768 sua
1283 1707 1321 1766 et
1336 1688 1489 1766 illorum
1503 1715 1598 1795 quos

184 1817 277 1899 vidit
293 1823 420 1929 recipi,
437 1823 494 1899 vel
509 1839 605 1928 post,
621 1849 697 1899 non
712 1822 911 1898 intervenit
931 1819 1073 1926 aliquid
1089 1818 1262 1896 illicitum
1278 1818 1336 1894 vel
1352 1819 1596 1894 inhonestum

184 1954 289 2058 quod
305 1954 383 2058 ipse
394 1953 540 2029 sciverit
554 1949 611 2027 vel
625 1951 808 2027 audiverit
823 1951 909 2036 dici,
927 1950 992 2025 sed
1009 1948 1128 2024 credit
1140 1948 1245 2054 quod
1259 1947 1297 2023 in
1312 1947 1595 2052 recepcionibus

184 2080 396 2188 aliquorum
421 2081 599 2171 aliorum,
617 2080 675 2155 vel
704 2097 807 2184 post,
839 2079 1105 2154 intervenirent
1128 2077 1251 2182 aliqua
1281 2077 1409 2153 illicita
1436 2077 1483 2153 de
1506 2106 1595 2154 con-

184 2212 297 2286 tentis
316 2211 356 2286 in
376 2208 551 2296 articulis,
569 2236 638 2314 pro
654 2236 699 2284 eo
715 2208 818 2314 quod
832 2235 989 2317 magnus
1007 2207 1179 2313 Magister
1195 2224 1232 2282 et
1248 2206 1312 2282 alii
1328 2208 1399 2282 hoc
1417 2206 1596 2283 dicuntur

184 2338 296 2417 luisse
317 2339 487 2417 confessi.
510 2338 722 2444 Requisitus
742 2338 789 2413 de
809 2338 946 2442 quibus
976 2333 1114 2413 illicitis
1143 2335 1317 2413 credebat
1334 2337 1514 2443 predicta,
1535 2367 1595 2415 re-

184 2468 336 2574 spondit
354 2496 392 2544 se
414 2468 556 2544 nescire
576 2466 614 2541 in
635 2464 796 2572 speciali.
818 2464 1030 2572 Requisitus
1046 2466 1074 2541 si
1095 2466 1233 2543 sciebat
1243 2465 1386 2572 aliquid
1399 2466 1540 2544 malum
1556 2468 1592 2542 in

183 2595 329 2686 ordine,
347 2596 539 2703 respondit
558 2596 663 2702 quod
676 2595 787 2672 nimis
807 2610 914 2672 erant
931 2595 1017 2672 elati
1034 2594 1144 2672 multi
1161 2596 1284 2681 exeis,
1301 2613 1339 2671 et
1352 2623 1420 2700 per
1434 2596 1592 2673 abusum

184 2725 392 2802 litterarum
413 2723 698 2830 apostolicarum
722 2724 899 2801 vexabant
919 2725 1068 2801 multos.
1092 2719 1201 2812 Item,
1221 2724 1313 2799 dixit
1332 2724 1434 2830 qnod
1461 2725 1514 2798 eis
1537 2725 1594 2801 in·

178 2853 409 2961 jungebatur
427 2881 494 2958 per
515 2849 787 2930 sacramentum
807 2851 911 2959 qnod
931 2879 1008 2928 non
1029 2850 1234 2930 revelarent
1257 2868 1395 2928 secreta
1414 2852 1593 2958 capitulo-

182 3012 280 3074 rum,
298 2983 345 3060 de
363 2983 478 3060 modo
496 2983 724 3090 recepcionis
745 2982 892 3090 speciali
913 3010 989 3060 non
1009 2982 1134 3059 habita
1154 2983 1362 3069 mendene,
1385 2999 1422 3059 et
1438 2983 1543 3088 quod
1562 2985 1590 3060 si

182 3112 423 3200 revelassent,
445 3112 602 3222 graviter
615 3112 739 3220 puniti
759 3112 933 3200 luissent,
951 3113 1017 3190 sed
1037 3114 1152 3190 nescit
1169 3111 1345 3219 qualiter,
1355 3115 1439 3190 Non
1452 3112 1591 3190 audivit
1679 3187 1683 3194 .

181 3242 344 3320 inhiberi
370 3241 474 3347 quod
498 3270 575 3319 non
600 3242 868 3320 confiterentur
899 3243 969 3319 nisi
1002 3243 1256 3343 sacerdotibus
1285 3243 1438 3320 ordinis.
1465 3243 1502 3321 Si
1525 3245 1589 3349 qni

183 3389 288 3447 erant
313 3371 442 3449 fratres
467 3371 624 3448 seientes
652 3399 796 3450 errores
821 3373 858 3448 in
888 3372 1037 3462 ordine,
1062 3370 1215 3450 fixerunt
1243 3372 1473 3481 negligentes
1503 3372 1590 3482 quia

184 3527 262 3577 non
279 3517 519 3578 correxerunt
532 3528 597 3578 eos
607 3529 676 3579 nec
691 3502 1008 3579 denunciaverunt
1022 3500 1196 3580 Ecclesia.
1213 3501 1445 3608 Elemosinas
1464 3521 1501 3579 et
1522 3504 1591 3579 ho-

182 3629 415 3734 spitalitatem
435 3632 528 3707 vidit
547 3632 811 3710 convenienter
830 3631 912 3709 lieri
935 3650 972 3709 et
991 3634 1124 3710 servari
1144 3634 1182 3709 iri
1203 3633 1379 3712 domibus
1394 3633 1535 3710 ordinis
1550 3633 1588 3708 in

180 3757 318 3863 quibus
333 3761 470 3837 exstitit
489 3779 749 3852 commoratus,
765 3779 802 3839 et
814 3762 952 3838 audivit
971 3762 1136 3840 deffendi
1151 3792 1199 3840 ne
1214 3764 1340 3841 illicite
1355 3763 1590 3868 acquirerent

181 3888 315 3966 ordini.
337 3890 380 3966 In
400 3918 531 3968 eorum
556 3892 728 3997 capitulis
751 3920 824 3998 que
852 3908 936 3997 post
954 3893 1198 3977 matutinum,
1220 3895 1369 3970 missam
1391 3909 1428 3987 e‚t
1450 3916 1590 3965 sermo

180 4043 281 4108 nem,-
302 4018 397 4094 clam
416 4019 658 4112 tenebantur,
680 4020 766 4098 satis
785 4021 1015 4126 tempestive,
1037 4020 1150 4097 nullis
1169 4017 1405 4127 presentibus
1425 4018 1494 4094 nisi
1517 4016 1588 4093 lra—
1612 4021 1617 4032 '

179 4144 299 4222 tribus
314 4147 470 4236 ordinis,
493 4149 656 4225 excubiis
674 4177 749 4226 non
769 4149 900 4254 positis
912 4160 986 4224 'nec
1006 4148 1145 4224 familia
1161 4175 1237 4224 non
1256 4147 1401 4225 exclusa
1418 4176 1438 4224 a
1460 4142 1584 4235 doino,

179 4271 444 4377 providebatur
462 4277 565 4380 quod
585 4302 661 4352 non
681 4277 875 4352 audiretur
899 4277 1058 4351 exterius
1081 4276 1186 4380 quod
1209 4277 1365 4355 interius
1394 4264 1584 4387 agebalur.

180 4399 359 4477 Ordinata
377 4429 444 4507 per
463 4402 680 4508 Magistrum
700 4421 992 4480 cum‘conventu
1010 4422 1190 4482 servasset
1206 4420 1307 4484 totus
1327 4407 1436 4498 ordo,
1460 4399 1586 4484 contra

179 4557 293 4635 quem
314 4557 414 4607 nunc
434 4532 586 4638 grandia
599 4532 779 4621 scandala,
798 4533 957 4639 suspicio
974 4550 1012 4610 et
1026 4533 1175 4611 infamia
1195 4552 1283 4612 sunt
1303 4553 1438 4614 exorta.
1462 4536 1500 4614 Si
1514 4536 1587 4617 itti÷

180 4660 249 4735 cita
264 4676 438 4737 contenta
457 4661 496 4736 in
515 4661 679 4738 articulis
693 4660 834 4739 fiebant
853 4661 892 4737 in
910 4663 1052 4752 ordine,
1075 4664 1194 4741 credit
1210 4642 1313 4772 pared
1329 4683 1451 4743 essent
1471 4669 1587 4744 nrani-

180 4787 270 4865 Iesta
284 4790 359 4867 illis
379 4792 443 4896 qui
461 4792 627 4868 sciebant
646 4809 684 4867 et
702 4791 1082 4899 faciebantpredic'ta.
1100 4795 1313 4901 Requisitus
1331 4795 1414 4888 ubi,
1435 4802 1584 4904 quando

1392 4956 1437 4997 tt,
