4230 5956
680 470 877 562 enonas
907 489 1005 562 nas
1035 489 1338 566 rsurnrnns.
1647 503 1717 574 res

300 634 368 709 alia
394 634 470 709 sint
492 626 650 707 confessi
669 628 959 730 contradictum
983 629 1174 721 ordinem,
1196 631 1244 707 ad
1263 633 1370 741 eujus
1391 634 1663 716 deffensionem
1679 672 1718 720 se

299 790 375 840 non
389 759 590 840 obtulerat.

354 892 570 999 Requisitus
584 890 614 966 si
630 890 680 967 sic
692 890 919 996 deposuerat
930 917 1055 997 prece,
1075 910 1267 1001 precepto,
1287 895 1436 984 timore,
1453 924 1597 989 amore,
1615 901 1718 992 odio,

298 1025 355 1102 vol
381 1021 580 1128 temporali
605 1020 765 1097 comodo
795 1020 925 1098 habito
953 1021 1011 1097 vel
1041 1022 1236 1111 habendo,
1266 1025 1461 1129 respondit
1489 1027 1591 1133 quod
1621 1057 1719 1120 nou,

298 1157 366 1233 sed
390 1183 460 1261 pro
483 1154 636 1230 veritate
665 1150 839 1240 dicenda,
869 1152 929 1228 cui
957 1151 1030 1230 fuit
1056 1154 1268 1262 injunctum
1298 1157 1404 1262 quod
1435 1184 1512 1235 non
1541 1159 1722 1239 revelaret

299 1288 395 1363 hanc
414 1313 519 1362 suam
540 1280 837 1388 deposicionem,
860 1310 1058 1390 quousque
1078 1285 1337 1362 attestaciones
1355 1284 1496 1363 luerint
1518 1289 1717 1393 publicate.

354 1551 442 1624 Post
457 1549 542 1634 hec,
564 1545 678 1622 frater
697 1547 828 1623 Petrus
851 1547 897 1622 de
917 1546 1060 1623 Palude
1080 1547 1344 1656 Lugdunensis
1369 1548 1549 1635 diocesis,
1577 1550 1721 1626 ordinis

297 1679 596 1764 Predicatorum,
617 1676 843 1754 baccalarius
862 1678 901 1753 in
919 1678 1128 1784 theologia,
1150 1678 1215 1786 qui
1238 1679 1434 1756 dicebatur
1457 1678 1602 1784 aliquid
1626 1679 1719 1755 scire

299 1810 345 1885 de
366 1809 551 1887 contentis
565 1808 603 1884 in
622 1807 732 1886 dictis
746 1807 928 1895 articulis,
945 1808 1103 1913 juravit,
1117 1808 1223 1886 tactis
1238 1809 1477 1886 sacrosanctis
1490 1807 1717 1915 Evangeliis,

299 1940 423 2017 dicere
439 1941 633 2016 veritatem
652 1938 692 2013 in
713 1937 870 2045 negocio
885 1938 977 2025 isto,
1000 1939 1210 2014 secundum
1229 1937 1389 2018 sormam
1401 1938 1607 2045 juramenti
1625 1938 1719 2016 alio·

298 2099 383 2145 rum
411 2069 565 2145 testium
590 2068 763 2171 superius
779 2067 1029 2172 registratam,
1057 2067 1192 2145 lectam
1212 2067 1354 2156 eidem,
1382 2068 1591 2145 secundum
1615 2068 1719 2175 quod

298 2196 574 2274 recordabatur.
599 2195 721 2272 Lectis
747 2211 873 2272 autem
899 2194 969 2270 sibi
996 2195 1174 2274 omnibus
1197 2213 1235 2272 et
1258 2197 1416 2303 singulis
1443 2197 1625 2286 articulis,
1658 2224 1720 2274 re·

299 2328 451 2433 spondit
470 2355 508 2402 se
535 2324 697 2410 nescire,
724 2352 793 2400 nec
813 2324 985 2411 credere,
1011 2352 1081 2401 nec
1099 2325 1282 2402 audivisse
1311 2327 1384 2402 dici
1410 2327 1457 2402 de
1478 2327 1662 2404 contentis
1679 2328 1718 2403 in

299 2458 352 2532 eis
371 2455 441 2531 nisi
463 2455 568 2560 quod
587 2453 758 2559 sequitur
778 2483 788 2528 t
808 2452 983 2529 videlicet
1005 2453 1110 2559 quod
1138 2452 1357 2531 interfuerat
1379 2455 1720 2534 examinaciouibus

300 2585 508 2662 multorum
527 2581 848 2688 Templariorum,
868 2609 1032 2689 quorum
1062 2582 1178 2690 aliqui
1206 2583 1485 2662 confitebantur
1516 2586 1657 2664 multos
1675 2615 1719 2664 ex

300 2715 490 2791 erroribus
508 2711 693 2792 contentis
712 2711 751 2788 in
771 2712 882 2790 dictis
901 2712 1083 2804 articulis,
1104 2730 1143 2789 et
1168 2713 1283 2818 aliqui
1304 2713 1365 2789 alii
1386 2741 1452 2791 eos
1469 2717 1629 2792 omnino
1649 2716 1721 2792 dil·

299 2844 513 2931 fitebantur,
540 2860 641 2921 etex
668 2842 798 2919 multis
819 2843 1049 2948 argumentis
1074 2842 1273 2919 videbatur
1296 2844 1329 2919 ei
1355 2845 1459 2949 quod
1484 2844 1603 2950 major
1624 2844 1720 2921 sides

299 2991 394 3052 esset
407 2973 622 3050 adhibenda
634 2970 858 3079 negantibus
869 3000 983 3077 quam
1000 2972 1280 3049 confitentibus.
1295 2972 1448 3049 Audiuit
1460 2988 1585 3048 tamen
1600 2973 1719 3051 multa

299 3106 436 3182 narrari
454 3135 474 3181 a
498 3103 628 3183 multis
648 3103 712 3209 qui
732 3102 993 3179 examinabant
1015 3103 1136 3180 dictos
1157 3103 1408 3209 Templarios,
1431 3103 1549 3180 multa
1574 3102 1719 3181 confes-

297 3253 374 3312 sata
388 3263 512 3312 coram
527 3235 597 3321 eis,
615 3262 659 3310 ex
676 3233 813 3340 quibus
832 3233 1113 3311 narracionibus
1127 3250 1165 3309 et
1183 3233 1264 3310 aliis
1276 3231 1453 3310 credebat
1467 3234 1573 3340 quod
1591 3233 1720 3312 illicita

299 3383 472 3443 contenta
492 3365 532 3441 in
561 3364 669 3441 dictis
690 3362 871 3455 articulis,
891 3364 950 3440 vel
974 3364 1094 3470 major
1114 3357 1199 3469 pars
1221 3392 1265 3440 ex
1290 3364 1360 3452 eis,
1382 3364 1652 3440 intervenirent
1679 3365 1719 3440 in

298 3494 581 3601 recepcionibus
600 3495 812 3601 aliquorum
829 3522 872 3571 ex
889 3493 1064 3572 iratribus
1085 3494 1228 3572 ordinis
1247 3494 1305 3571 vel
1327 3512 1427 3600 post,
1451 3512 1488 3570 et
1505 3522 1581 3571 non
1602 3495 1641 3571 in
1662 3522 1719 3570 re-

299 3626 539 3732 cepcionibus
564 3624 725 3703 aliorum
749 3653 819 3702 nec
846 3642 949 3731 post3
972 3643 1009 3704 et
1040 3625 1181 3702 audivit
1208 3625 1347 3701 narrari
1379 3625 1484 3731 quod
1512 3623 1559 3699 ab
1585 3624 1718 3714 inicio,

299 3757 450 3863 quando
471 3757 566 3833 ordo
586 3755 891 3861 Templariorum
911 3756 1083 3861 inceptus
1107 3754 1246 3842 suerat,
1272 3755 1349 3832 duo
1376 3756 1585 3863 equitantes
1608 3782 1721 3858 super

299 3916 419 3963 unum
444 3914 587 3992 equum
608 3886 647 3962 in
667 3885 788 3991 prelio
809 3885 908 3962 ultra
926 3913 1048 3973 mare,
1070 3909 1232 3991 quorum
1257 3885 1403 3990 primus
1426 3912 1547 3962 sessor
1573 3909 1720 3958 recum-

300 4018 489 4094 mendavit
507 4045 546 4095 se
575 4017 690 4094 ihesu
706 4016 873 4107 Christo,
896 4031 935 4092 et
959 4015 1029 4093 fuit
1050 4015 1264 4092 vulneratus
1284 4015 1323 4090 in
1347 4013 1488 4118 prelio,
1516 4012 1611 4088 alter
1633 4041 1720 4091 vero

300 4162 383 4251 post
402 4174 492 4222 eum
512 4148 699 4252 equitans,
723 4175 837 4252 quem
867 4145 987 4222 credit
1004 4144 1118 4221 fuisse
1139 4143 1343 4249 dyabolum
1359 4141 1664 4220 transformatum
1681 4144 1720 4220 in

299 4274 419 4351 forma
440 4277 620 4360 humana,
643 4275 862 4381 dixitquod
883 4275 962 4380 ipse
989 4270 1323 4350 recummendabat
1348 4301 1388 4349 se
1412 4272 1468 4350 illi
1498 4275 1565 4380 qui
1585 4274 1721 4352 melius

296 4407 426 4512 juvare
446 4420 607 4510 poterat,
635 4422 776 4482 etcum
794 4431 872 4481 non
894 4403 1026 4481 fuisset
1047 4404 1086 4479 iu
1106 4401 1227 4508 prelio
1253 4401 1488 4496 vulneratus,
1517 4404 1721 4508 reprehen-

302 4536 410 4612 deret
426 4535 542 4612 alium
571 4534 676 4642 quod
700 4533 1071 4611 recummendaverat
1094 4561 1132 4610 se
1159 4531 1274 4610 lbesu
1300 4534 1468 4624 Christo,
1499 4550 1537 4610 et
1570 4533 1663 4609 dixit
1686 4534 1720 4609 ei

301 4667 422 4771 quod,
444 4666 475 4743 si
496 4665 644 4743 volebat
663 4663 733 4744 sibi
755 4663 926 4751 credere,
947 4662 1261 4771 multiplicaretur
1280 4681 1320 4741 et
1339 4664 1521 4742 ditaretur
1540 4663 1662 4750 Ord03
1685 4680 1722 4739 et

302 4796 456 4886 audivit,
479 4797 596 4874 nescit
614 4814 741 4875 tamen
759 4824 779 4872 a
798 4795 955 4903 quibus,
972 4795 1078 4902 quod
1102 4795 1248 4902 primus
1267 4795 1333 4903 qui
1358 4794 1481 4872 fuerat
1507 4793 1720 4872 vulneratus

1523 4935 1571 4994 25.
