4230 5956
709 473 905 567 procas
936 491 1033 564 nus
1064 488 1368 565 Tauranus.
1672 496 1741 570 ras

327 629 480 706 luerunt
499 656 586 705 eum
605 631 645 704 in
663 657 739 706 ore.
761 632 850 708 Post
870 659 945 738 que
965 631 1091 709 omnia
1111 632 1232 709 dictus
1251 648 1421 736 receptor
1443 634 1610 737 precepit
1629 636 1683 723 ei,
1705 638 1743 712 in

326 759 517 862 presencia
537 760 814 862 predictorum,
839 763 943 867 qnod
963 761 1165 869 abnegaret
1181 744 1358 852 Jhesum
1380 778 1418 838 et
1436 790 1522 838 cnm
1543 761 1621 867 ipse
1642 766 1745 843 testis
1790 849 1792 853 ,

326 888 535 978 restitisset,
557 888 719 968 finaliter
739 893 934 1001 abnegavit
949 892 1104 970 Jhesum
1124 918 1189 970 ore
1211 920 1289 969 non
1310 892 1436 970 corde.
1462 892 1618 969 Deinde
1637 892 1745 971 allata

326 1020 445 1096 nescit
461 1047 530 1125 per
547 1049 662 1127 quern
683 1022 844 1128 quadarn
874 1050 982 1101 cruce
1003 1022 1125 1131 lignea
1144 1023 1183 1100 in
1211 1051 1285 1130 qua
1309 1051 1386 1101 non
1418 1039 1496 1099 erat
1512 1021 1658 1128 pictura
1676 1051 1746 1102 nec

326 1177 460 1257 ymago
479 1149 671 1240 Crucifixi,
691 1154 858 1258 precepit
872 1153 906 1229 ei
921 1152 1027 1267 quod
1043 1170 1196 1259 spueret
1215 1181 1327 1258 super
1347 1153 1484 1229 dictam
1499 1180 1665 1242 crucem,
1678 1152 1745 1230 sed

329 1280 406 1384 ipse
423 1280 528 1356 testis
544 1281 646 1386 spuit
664 1308 740 1358 non
761 1310 872 1386 supra
894 1282 962 1358 sed
975 1283 1092 1391 juxta.
1114 1281 1195 1358 Alia
1211 1280 1339 1357 illicita
1367 1309 1442 1358 non
1464 1281 1746 1359 intervenerunt

328 1408 482 1486 indicta
501 1439 567 1487 sua
580 1413 799 1518 recepcione
819 1440 889 1489 nec
908 1429 1008 1517 post,
1031 1442 1100 1489 nec
1119 1413 1203 1499 scit,
1226 1439 1296 1488 nec
1313 1411 1546 1516 creditquod
1561 1410 1658 1488 dicta
1671 1410 1746 1489 illi·

328 1539 399 1614 cita
419 1538 476 1615 vel
493 1540 563 1616 alia
586 1542 855 1619 intervenirent
872 1543 910 1617 in
935 1541 1218 1648 recepcionibus
1244 1541 1403 1618 aliorum
1427 1538 1584 1618 fratrum
1603 1542 1746 1618 ordinis

327 1695 396 1744 nec
413 1687 513 1775 post,
534 1670 621 1777 quia
640 1672 735 1748 vidit
750 1671 891 1750 multos
905 1673 1037 1778 recipi,
1057 1699 1127 1749 nec
1138 1672 1223 1759 scit,
1241 1699 1310 1748 nec
1330 1671 1472 1748 audivit
1480 1672 1553 1748 dici
1562 1671 1666 1777 quod
1679 1672 1745 1748 ali-

327 1798 421 1903 quid
438 1798 613 1876 illicitum
634 1801 876 1879 intervenerit
888 1804 926 1879 in
943 1830 1074 1880 eorum
1086 1802 1371 1906 recepcionibus
1384 1799 1443 1876 vel
1455 1818 1539 1904 post
1551 1832 1559 1876 :
1572 1800 1746 1877 videlicet

326 1943 403 2005 tres
423 1928 561 2007 milites
581 1931 711 2018 simul,
734 1960 897 2038 quornm
917 1933 1070 2009 nomina
1090 1948 1128 2008 et
1147 1931 1370 2036 cognomina
1395 1931 1556 2035 ignorat,
1581 1957 1743 2035 quornm

328 2083 427 2134 unus
444 2074 523 2134 erat
542 2058 589 2135 de
606 2061 838 2149 Turonensi,
856 2060 951 2138 alius
963 2063 1011 2137 de
1027 2060 1247 2148 pictavensi,
1264 2059 1359 2136 alius
1371 2060 1417 2135 de
1428 2059 1746 2139 bituricensidio-

328 2185 495 2275 casibus,
515 2203 554 2263 et
571 2186 726 2265 fuerunt
740 2191 898 2293 recepti,
923 2191 962 2265 in
982 2189 1134 2267 instanti
1155 2217 1284 2266 mense
1304 2188 1450 2295 augusti
1470 2206 1582 2266 erunt
1601 2189 1745 2266 circiter

329 2341 364 2392 xr
383 2317 489 2407 anni,
517 2315 556 2393 in
586 2318 724 2422 capella
754 2319 890 2396 domus
910 2317 1061 2424 Templi
1083 2318 1130 2394 de
1155 2320 1289 2423 Frotay
1309 2318 1542 2395 Turonensis
1568 2318 1742 2407 diocesis,

329 2473 397 2551 per
411 2444 563 2523 fratrem
585 2446 818 2526 Gaufredum
834 2447 881 2524 de
905 2447 1100 2527 Gonavilla
1119 2466 1377 2554 preceptorem
1395 2447 1570 2536 Pictavie,
1593 2448 1659 2554 qui
1674 2447 1747 2526 luit

329 2575 558 2653 examinatus
571 2606 639 2682 per
653 2577 828 2656 dominos
843 2577 1067 2665 cardinales,
1082 2578 1320 2682 presentibus
1335 2577 1512 2655 fratribus
1527 2577 1678 2655 Matheo
1698 2578 1745 2655 de

329 2704 470 2812 Stagno
496 2725 714 2813 preceptore
741 2708 788 2785 de
808 2707 953 2785 Rocbes
985 2707 1234 2784 Xantonensis
1262 2707 1439 2795 diocesis,
1464 2707 1618 2784 detento
1644 2707 1745 2811 apud

233 2878 238 2885 -
329 2835 521 2928 Niortum,
540 2838 710 2914 iohanne
732 2838 778 2913 de
795 2838 931 2914 Sancto
958 2835 1178 2927 Benedicta,
1205 2853 1299 2912 teste
1324 2865 1434 2942 supra
1457 2837 1683 2925 examinato,
1708 2854 1746 2912 et

330 2964 430 3042 dicto
449 2966 649 3072 ,Stephano
674 2967 722 3043 de
752 2967 911 3074 Plexeyo
937 2965 1049 3043 fratre
1074 2965 1246 3073 ejusdem
1266 2967 1390 3053 testis,
1417 2965 1626 3043 deffunctis.
1643 2966 1747 3044 Vidit

329 3095 446 3172 eciam
466 3097 596 3202 recipi,
619 3098 659 3173 iu
680 3096 819 3203 capella
839 3096 976 3174 domus
995 3095 1145 3202 Templi
1168 3094 1463 3185 Aurelianensis,
1477 3094 1636 3175 fratrem
1657 3096 1747 3174 Dio·

329 3226 467 3304 nisium
487 3227 755 3333 presbiterum,
778 3226 1017 3306 Carnotensis
1031 3226 1206 3318 diocesis,
1228 3228 1334 3333 cujus
1351 3254 1560 3334 cognomen
1580 3228 1744 3334 ignoret,

329 3385 443 3462 quem
468 3358 586 3435 credit
605 3360 742 3445 vivere,
770 3385 838 3464 per
861 3359 1005 3441 dictum
1031 3355 1184 3434 fratrem
1208 3356 1459 3434 Guillelmum
1490 3357 1629 3446 Gandi‚
1660 3376 1747 3436 sunt

329 3489 474 3566 circiter
506 3517 556 3567 xn
586 3491 695 3581 anni,
718 3489 956 3597 presentibus
977 3487 1153 3566 fratribus
1177 3489 1341 3596 Syrnoue
1364 3489 1411 3566 de
1433 3489 1593 3567 Feritate
1620 3517 1747 3594 prece-

329 3635 436 3725 ptore
456 3619 729 3708 Aurelianensi,
752 3637 790 3696 et
808 3619 889 3697 aliis
904 3619 951 3696 de
971 3618 1111 3725 quibus
1122 3647 1200 3696 non
1222 3617 1365 3696 recolit.
1382 3618 1485 3696 Vidit
1500 3620 1617 3696 eciam
1633 3619 1746 3724 recipi

330 3747 489 3837 ibidem,
511 3750 605 3827 circa
625 3750 729 3827 idem
753 3766 919 3855 tempus,
946 3766 984 3826 et
1003 3776 1071 3854 per
1086 3749 1262 3827 eumdem
1284 3747 1457 3835 fratrem,
1478 3747 1689 3827 Gerardnm
1708 3747 1745 3823 lo

330 3879 547 3956 Retondenr
562 3880 800 3967 servientem,
822 3879 870 3957 de
890 3878 1114 3966 Aurelianis,
1132 3877 1369 3984 presentibus
1389 3876 1563 3954 fratribus
1576 3876 1747 3953 Dionisio

331 4028 370 4088 et
394 4013 585 4118 Stephano
612 4014 660 4090 de
683 4012 842 4118 Plexeyo
869 4011 1068 4117 predictis3
1088 4009 1258 4116 plurium
1284 4005 1566 4113 recepcionibus
1590 4032 1667 4083 non
1690 4035 1749 4083 re-

332 4139 422 4216 colit
440 4141 613 4219 adfuisse.
635 4144 748 4228 ltem,
767 4141 860 4217 dixit
877 4169 916 4216 se
935 4140 1033 4217 bene
1053 4140 1208 4216 credere
1221 4136 1477 4213 ecclesiasticis
1492 4136 1746 4226 sacramentis,

331 4270 488 4349 credens
508 4271 613 4377 quod
635 4271 699 4347 alii
722 4270 854 4347 fratres
879 4269 1022 4346 ordinis
1049 4267 1184 4344 eodem
1208 4265 1325 4342 modo
1348 4265 1560 4356 crederent,
1588 4283 1627 4344 et
1644 4266 1748 4373 qnod

331 4428 464 4481 eorum
484 4401 693 4480 sacerdotes
714 4400 840 4477 debite
863 4398 1106 4477 celebrarent.
1129 4397 1262 4475 Statim
1283 4423 1352 4503 pro
1372 4396 1545 4502 professis
1558 4395 1749 4475 habeban-

330 4550 404 4610 tur.
422 4531 662 4611 Clandestine
684 4528 971 4636 recipiebantur,
990 4527 1105 4604 nullis
1119 4523 1354 4634 presentibus
1369 4527 1440 4605 nisi
1456 4526 1633 4605 fratribus
1648 4525 1750 4602 ordi-

331 4663 402 4740 nis.
429 4661 604 4741 Cordulis
627 4660 730 4739 unde
752 4659 926 4737 volebant
948 4657 1149 4765 assumptis
1171 4654 1417 4765 cingebantur
1441 4684 1556 4763 super
1582 4654 1749 4734 camisias

332 4820 419 4870 cum
438 4793 579 4899 quibus
590 4791 775 4898 jacebant.
796 4787 1094 4869 Deffendebatur
1116 4788 1235 4868 eisne
1259 4786 1467 4875 revelarent
1488 4803 1630 4867 secreta
1649 4785 1748 4892 capi·

441 4926 547 4990 crocis
569 4947 622 4990 ors
644 4945 815 4989 renarrans.
829 4960 869 4972 -
881 4948 913 4986 11.
1561 4927 1601 4991 alt
