4230 5956
456 449 530 517 no
836 425 1030 517 eaocns
1062 444 1158 514 nas
1189 443 1491 515 rennuens.

456 585 572 662 modo
592 584 719 659 habito
745 581 799 659 vel
823 582 1017 673 habendo,
1045 582 1112 658 sed
1135 610 1203 687 pro
1224 583 1376 658 veritate
1400 582 1574 674 dicenda,
1600 601 1643 659 ut
1667 584 1779 672 dixit,
1812 590 1868 663 eui

457 717 529 791 fuit
544 715 756 821 injunctum
774 713 878 818 quod
895 741 971 789 non
985 712 1166 788 revelaret
1182 713 1277 787 banc
1293 740 1396 788 suam
1416 713 1711 817 deposicionem,
1729 743 1871 819 quous-

455 873 530 950 que
553 844 814 920 attestaciones
834 842 976 918 luerint
996 842 1196 946 publicate.

512 976 598 1050 Acta
613 972 768 1050 luerunt
787 975 856 1050 hec
872 973 933 1048 die
954 990 991 1049 et
1007 973 1089 1047 loco
1110 970 1303 1077 predictis,
1326 972 1563 1078 presentibus
1580 973 1756 1079 magistro
1771 976 1872 1053 Ami-

455 1105 525 1191 sio,
544 1134 604 1180 me
618 1103 872 1178 Floriamonte
892 1102 1109 1188 Dondedei,
1132 1119 1170 1177 et
1189 1102 1271 1178 aliis
1290 1103 1445 1179 notariis
1462 1130 1573 1206 supra
1592 1102 1730 1180 ultimo
1750 1109 1871 1181 nomi-

458 1235 563 1312 natis.

512 1499 595 1574 Post
618 1500 704 1587 hec,
722 1497 783 1573 die
804 1500 932 1574 Martis
948 1497 1137 1603 sequenti,
1157 1523 1231 1602 que
1248 1495 1320 1573 luit
1336 1523 1372 1574 ru
1390 1496 1470 1573 dies
1492 1496 1581 1574 dicti
1602 1497 1740 1574 mensis
1764 1500 1867 1587 maii,

455 1628 526 1702 luit
549 1628 732 1703 adductus
759 1630 806 1704 ad
831 1628 1059 1732 presenciam
1085 1625 1306 1702 eorumdem
1339 1625 1582 1703 dominorum
1601 1628 1871 1705 commissario-

454 1782 561 1842 rum,
582 1756 620 1829 in
642 1756 757 1832 domo
777 1757 942 1861 predicta
964 1756 1106 1831 domini
1137 1756 1235 1831 Petri
1266 1755 1312 1831 de
1334 1754 1538 1845 Sabaudia,
1559 1754 1671 1832 frater
1686 1757 1816 1834 Petrus
1836 1761 1868 1833 la

454 1885 603 1961 Vernha
626 1888 805 1976 serviens,
831 1887 1079 1962 Xantonensis
1100 1885 1275 1974 diocesis,
1298 1884 1403 1961 testis
1423 1914 1534 1992 supra
1556 1887 1723 1993 juratus,
1743 1906 1786 1963 ut
1806 1891 1870 1966 de·

455 2032 613 2116 poneret
632 2015 775 2091 dictum
790 2043 917 2103 suurn,
939 2015 1281 2120 quinquagenarius
1302 2031 1340 2090 et
1354 2011 1470 2105 ultra,
1492 2013 1714 2092 mantellum
1728 2018 1872 2093 ordinis

456 2160 493 2218 et
503 2143 659 2219 barbam
675 2143 875 2233 defferens,
898 2172 983 2221 cum
998 2172 1074 2250 quo
1088 2144 1309 2250 inquisitum
1325 2141 1462 2232 luerat,
1482 2143 1678 2221 absolutus
1693 2159 1731 2221 et
1745 2175 1872 2223 recon—

455 2271 600 2349 ciliatus
616 2299 684 2377 per
699 2273 896 2349 dominum
911 2274 1129 2379 episcopum
1147 2274 1438 2350 Xantonensem.
1456 2276 1579 2351 Lectis
1597 2291 1724 2352 autem
1740 2294 1777 2351 et
1795 2276 1873 2351 dili·

454 2419 585 2508 genter
605 2403 780 2506 expositis
800 2402 870 2478 sibi
891 2402 1069 2480 omnibus
1084 2420 1122 2479 et
1141 2403 1298 2510 singulis
1324 2402 1505 2495 articulis,
1527 2405 1721 2510 respondit
1741 2433 1780 2480 se
1805 2434 1870 2480 ne·

454 2532 563 2622 scire,
584 2559 654 2608 nec
673 2533 845 2619 credere,
867 2560 936 2607 nee
960 2532 1143 2609 audivisse
1165 2532 1237 2609 dici
1260 2532 1307 2609 de
1328 2534 1514 2610 contentis
1529 2534 1569 2609 in
1595 2534 1649 2612 eis
1676 2533 1747 2611 nisi
1766 2537 1868 2640 quod

454 2662 635 2767 sequitur,
666 2661 753 2767 quia
783 2688 859 2738 uon
887 2661 981 2737 vidit
1006 2661 1122 2738 alium
1150 2661 1264 2766 recipi
1296 2661 1335 2736 in
1370 2661 1524 2750 ordine,
1553 2689 1621 2738 nec
1654 2662 1871 2739 interfuerat

454 2793 623 2898 capitulis
643 2820 786 2869 eorum.
806 2792 887 2897 lpse
905 2809 1032 2869 autem
1052 2808 1223 2898 receptus
1250 2790 1385 2881 fuerat,
1408 2791 1503 2867 cirea
1521 2789 1658 2868 festum
1679 2792 1776 2869 beati
1801 2794 1869 2869 Mi-

454 2923 592 3000 chaelis
608 2923 778 3027 proximo
798 2923 1018 3028 preteritum
1036 2921 1190 2999 luerunt
1211 2921 1357 2999 circiter
1371 2918 1435 2999 xxfi
1453 2920 1555 3011 anni,
1577 2922 1617 2996 in
1640 2922 1781 3027 capella
1802 2924 1869 2999 do·

454 3080 537 3128 mus
557 3052 709 3156 Templi
731 3051 778 3126 de
802 3054 935 3159 Frotay
954 3047 1186 3129 Turonensis
1207 3051 1380 3139 diocesis,
1398 3079 1465 3156 per
1484 3049 1634 3128 fratrem
1657 3048 1868 3128 Gerardum

454 3180 501 3254 de
515 3180 642 3285 Nonay
660 3182 879 3258 servientem
902 3183 1112 3287 quondam,
1129 3198 1386 3287 preceptorem
1401 3198 1493 3258 tunc
1509 3180 1606 3258 dicte
1622 3180 1772 3270 domus,
1792 3210 1870 3287 pre-

451 3309 618 3386 sentibus
644 3308 819 3386 lratribus
845 3311 963 3387 Adam
991 3329 1028 3388 et
1049 3311 1174 3399 Helia,
1203 3339 1367 3417 qnorum
1393 3310 1614 3418 cognomina
1641 3311 1805 3417 ignorat,
1833 3330 1869 3387 et

452 3436 533 3512 aliis
549 3437 764 3528 deffunctis,
787 3441 825 3513 in
845 3440 946 3514 hunc
960 3440 1116 3516 modum
1135 3473 1143 3514 ε
1162 3468 1248 3515 nam
1265 3469 1351 3516 curn
1366 3440 1539 3545 periisset
1558 3441 1739 3518 instanter
1753 3443 1868 3518 socie-

452 3583 565 3644 tatem
582 3568 740 3655 ordinis,
759 3569 845 3645 etei
863 3597 1034 3648 concessa
1049 3570 1195 3659 luisset,
1210 3570 1333 3646 dictus
1350 3587 1521 3676 receptor
1533 3569 1622 3646 lecit
1634 3598 1723 3647 eum
1739 3599 1868 3648 vovere

453 3716 490 3773 et
511 3701 638 3804 jurare
665 3727 778 3804 super
804 3701 1006 3806 quemdam
1031 3700 1169 3777 librum
1199 3702 1421 3789 castitatem,
1444 3699 1721 3791 obedienciam,
1750 3703 1868 3777 vivere

451 3829 531 3905 sine
551 3830 725 3935 proprio,
751 3858 894 3907 servare
914 3831 1034 3908 bonos
1055 3858 1145 3908 usus
1162 3831 1227 3936 qui
1243 3848 1335 3907 tunc
1349 3846 1454 3905 erant
1474 3831 1513 3905 in
1531 3829 1679 3917 ordine,
1701 3832 1813 3934 etqui
1828 3832 1865 3905 in

451 3976 644 4061 posterum
657 3961 951 4064 imponerentur,
967 3979 1004 4037 et
1014 3989 1091 4038 non
1105 3959 1267 4038 revelare
1279 3976 1419 4037 secreta
1435 3959 1700 4065 capitulorum,
1713 3975 1750 4034 et
1763 3961 1869 4064 quod

452 4112 527 4159 non
548 4087 755 4166 dimitteret
774 4090 946 4167 ordinem
974 4120 1042 4196 pro
1059 4091 1206 4168 lorciori
1231 4090 1290 4166 vel
1319 4089 1512 4180 debiliori3
1542 4107 1580 4166 et
1601 4088 1776 4193 imposito
1797 4089 1867 4165 sibi

453 4212 500 4288 ad
520 4215 703 4293 bonorem
723 4219 793 4296 Dei
810 4237 848 4295 et
865 4221 972 4297 beate
994 4221 1110 4299 Marie
1133 4219 1331 4309 mantello,
1353 4237 1525 4324 receptor
1546 4237 1585 4296 et
1604 4245 1736 4295 omnes
1759 4236 1870 4294 astan-

452 4359 507 4419 tes
526 4340 678 4421 luerunt
694 4375 781 4423 eum
803 4350 959 4427 osculati
975 4351 1013 4425 in
1035 4378 1116 4440 ore3
1135 4367 1172 4425 et
1188 4351 1362 4427 instruxit
1378 4378 1465 4424 enm
1486 4348 1648 4455 qualiter
1667 4364 1814 4455 regeret
1831 4376 1868 4424 se

453 4473 491 4548 in
507 4474 657 4567 ordine,
681 4493 718 4552 et
738 4476 858 4553 dictus
876 4495 1048 4583 receptor
1065 4479 1232 4584 precepit
1250 4478 1283 4555 ei
1300 4478 1406 4586 quod
1425 4478 1658 4555 oscularetur
1677 4478 1802 4583 ipsum
1817 4504 1869 4552 re-

453 4621 642 4708 ceptorem
658 4605 696 4681 in
725 4633 833 4682 carne
854 4604 956 4680 nuda
973 4607 1071 4681 iuter
1090 4606 1277 4712 scapulas,
1302 4608 1407 4714 quod
1436 4607 1532 4684 fecit.
1554 4607 1686 4685 Postea
1705 4608 1869 4711 precepit

454 4730 486 4802 ei
506 4734 608 4833 quod
623 4733 824 4840 abnegaret
838 4735 963 4812 Deum
979 4735 1017 4809 in
1036 4738 1227 4838 presencia
1241 4736 1456 4842 aliquorum
1477 4765 1520 4812 ex
1536 4738 1590 4812 eis
1604 4738 1669 4842 qui
1683 4734 1865 4822 astabant,
