4230 5956
710 486 905 576 procas
930 506 1026 577 uns
1051 503 1353 577 rnurmnas
1665 508 1735 578 aar

326 668 433 717 cruce
458 666 542 715 cum
567 638 688 745 elligie
714 641 835 719 lhesu
859 642 1013 731 Christi,
1043 642 1226 748 recipiens
1250 643 1363 748 peciit
1381 641 1428 717 ab
1449 668 1495 719 eo
1516 643 1546 717 si
1567 644 1741 721 credebat

324 768 429 876 quod
440 786 536 846 esset
547 768 855 850 Jhesustristus
865 772 971 880 cujus
976 800 1107 880 ymago
1121 773 1173 849 ibi
1188 789 1281 863 erat,
1294 788 1332 849 et
1342 772 1421 877 ipse
1434 772 1682 877 respouditqu
1690 773 1738 849 od

324 900 394 988 sic,
421 917 459 976 et
480 917 569 976 tunc
592 899 694 976 idem
715 902 898 1007 recipiens
922 903 1088 1007 precepit
1112 903 1147 978 ei
1173 920 1211 978 et
1234 900 1406 1008 injunxit,
1429 902 1469 975 in
1493 901 1628 977 virtute
1648 901 1742 979 obe·

325 1030 487 1119 diencie,
500 1030 606 1135 quod
617 1029 816 1136 abnegaret
828 1050 887 1109 ter
899 1032 1005 1110 illum
1020 1033 1078 1141 cuj
1084 1061 1128 1109 us
1139 1060 1272 1140 ymago
1289 1050 1367 1109 erat
1381 1032 1450 1118 ibi,
1469 1048 1506 1108 et
1520 1048 1577 1108 ter
1591 1050 1742 1137 spueret

325 1186 437 1264 supra
453 1187 550 1246 eam,
572 1161 848 1266 propterquod
868 1163 947 1268 ipse
968 1161 1039 1239 luit
1057 1163 1218 1240 multum
1239 1163 1408 1246 territus,
1431 1178 1468 1237 et
1483 1159 1644 1237 finaliter
1662 1161 1741 1268 ipse

325 1317 406 1380 ore,
430 1288 496 1365 sed
520 1317 596 1365 non
616 1289 744 1379 corde,
766 1306 810 1367 ut
829 1292 935 1380 dicit,
956 1291 1147 1398 abnegavit
1165 1309 1224 1369 ter
1241 1292 1366 1397 ipsum
1386 1293 1491 1397 cujus
1513 1318 1644 1397 ymago
1665 1308 1742 1369 erat

326 1419 395 1506 ibi,
417 1434 456 1495 ct
474 1434 532 1493 ter
543 1419 643 1523 spuit
657 1448 767 1524 supra
784 1449 931 1497 crucem
952 1440 989 1498 et
1002 1421 1212 1526 ymaginem
1227 1421 1423 1526 predictas.

380 1548 472 1623 Item
488 1546 580 1622 dixit
591 1575 660 1652 per
671 1549 926 1654 juramentum
946 1550 1051 1655 quod
1070 1550 1256 1628 osculatus
1276 1549 1345 1627 fuit
1365 1549 1542 1627 eumdem
1559 1550 1741 1653 recipien-

323 1694 415 1766 tem,
434 1677 481 1752 de
498 1695 673 1783 precepto
690 1680 880 1787 ejusdem,
897 1679 936 1756 in
959 1678 1151 1756 umbilico.

379 1810 473 1884 ltem
490 1807 581 1884 dixit
590 1837 658 1913 per
667 1810 923 1917 juramentum
938 1838 1048 1887 suum
1062 1809 1167 1914 quod
1179 1809 1362 1914 recipiens
1374 1808 1539 1915 precepit
1551 1807 1622 1884 sibi
1637 1808 1740 1913 quod

323 1936 526 2013 abstineret
552 1966 572 2011 a
597 1938 833 2025 mulieribus,
861 1955 899 2014 et
927 1938 1031 2044 quod
1058 1938 1089 2014 si
1115 1938 1215 2014 calor
1239 1937 1415 2014 naturalis
1440 1951 1606 2013 moveret
1632 1964 1739 2023 eum,

324 2064 427 2170 quod
449 2063 603 2142 baberet
627 2094 706 2142 rem
730 2066 924 2143 carnaliter
949 2095 1036 2143 cum
1055 2064 1231 2142 fratribus
1245 2066 1339 2155 suis,
1361 2085 1399 2143 et
1417 2066 1589 2143 similiter
1610 2093 1675 2143 eos
1694 2065 1742 2143 ad

325 2193 563 2271 concubitum
584 2193 807 2273 admitteret.
829 2193 906 2273 Sed
924 2195 1003 2301 ipse
1019 2222 1210 2302 nunquam
1224 2193 1329 2284 lecit,
1350 2212 1392 2272 ut
1412 2195 1519 2284 dicit,
1542 2223 1611 2272 nec
1630 2223 1743 2301 super

324 2325 398 2400 hoc
417 2323 536 2400 extitit
552 2322 764 2428 requisitus.
779 2324 920 2401 Dicens
937 2324 1039 2430 quod
1059 2323 1280 2401 multociens
1300 2323 1370 2400 luit
1384 2325 1454 2401 sibi
1470 2341 1690 2430 preceptum
1705 2342 1743 2401 et

324 2452 528 2530 inhibitum
548 2453 593 2530 ab
614 2452 679 2528 illo
698 2453 763 2559 qui
783 2453 934 2530 tenebat
953 2453 1155 2559 capitulum
1177 2452 1282 2559 quod
1302 2453 1408 2532 nullo
1428 2455 1542 2531 modo
1563 2453 1743 2531 revelaret

324 2583 489 2687 predicta
504 2599 642 2658 secreta
657 2582 811 2660 ordinis.

381 2715 474 2789 ltem
500 2712 592 2789 dixit
615 2741 682 2818 per
707 2714 964 2820 juramentum
981 2740 1092 2789 suum
1111 2713 1216 2816 quod
1233 2710 1326 2788 vidit
1346 2713 1460 2816 recipi
1490 2714 1602 2789 simili
1627 2714 1741 2791 modo

325 2842 475 2919 fratrem
488 2844 656 2932 Petrum,
668 2861 795 2919 natum
809 2870 927 2948 prope
938 2844 1150 2931 Yvriacum,
1166 2843 1363 2948 agricolam
1381 2841 1515 2919 domus
1525 2842 1572 2918 de
1585 2842 1741 2949 Orengi‚

325 2989 363 3050 et
383 2973 536 3049 fratrem
560 2973 767 3050 lohanncm
790 2973 869 3079 ejus
892 2971 1043 3050 fratrem
1070 2989 1280 3049 morantem
1302 2972 1342 3047 in
1368 2971 1482 3049 domo
1509 2974 1556 3049 de
1580 2971 1744 3049 Puteolis

319 3103 423 3208 juxta
441 3104 619 3208 Luparas,
643 3121 681 3180 et
696 3103 878 3209 abnegare
899 3120 937 3179 et
952 3129 1088 3208 spuere
1104 3102 1200 3178 sicut
1218 3129 1339 3206 supra.

378 3235 472 3310 ltem
489 3233 597 3324 dixit,
617 3261 686 3339 per
699 3233 956 3339 juramentum
975 3260 1088 3308 suum
1107 3230 1154 3307 ab
1175 3259 1221 3308 eo
1240 3258 1351 3336 super
1373 3232 1444 3308 hoc
1458 3232 1595 3307 iterum
1615 3232 1746 3337 presti-

324 3381 421 3454 ttun,
433 3363 538 3470 quod
552 3364 605 3452 vi,
622 3364 679 3440 vel
693 3379 798 3441 metu
813 3361 970 3439 carceris
984 3380 1048 3440 aut
1063 3360 1257 3451 tormenti,
1272 3388 1341 3437 seu
1350 3360 1419 3437 alia
1428 3390 1552 3450 causa,
1567 3389 1643 3438 non
1656 3361 1746 3438 dixit

324 3490 426 3569 aliud
450 3521 563 3598 quam
584 3494 791 3581 veritatem,
814 3520 884 3569 nec
906 3491 1097 3598 premissis
1122 3491 1323 3568 immiscuit
1344 3491 1505 3597 aliquam
1531 3490 1742 3578 falsitatem,

325 3640 362 3699 et
385 3624 488 3729 quod
516 3653 648 3731 puram
670 3624 862 3700 veritatem
888 3623 980 3700 dixit
1002 3650 1073 3728 pro
1093 3622 1210 3700 salute
1234 3621 1355 3698 anime
1380 3650 1460 3700 sue.
1485 3624 1595 3698 Facte
1619 3636 1744 3695 autam

323 3752 476 3832 luerunt
499 3754 749 3831 consessiones
774 3769 813 3828 et
837 3751 1096 3857 deposiciones
1117 3751 1188 3828 hec
1211 3780 1232 3826 a
1255 3750 1363 3826 dictis
1381 3751 1547 3856 quinque
1570 3747 1744 3825 fratribus

324 3883 539 3961 immediate
563 3881 850 3988 precedentibus
868 3880 1119 3988 singulariter,
1140 3897 1183 3956 ut
1198 3880 1438 3985 premittitur,
1455 3877 1679 3986 juramentis
1697 3877 1744 3955 ab

325 4011 490 4118 ipsorum
502 4013 670 4118 quolibet
684 4028 727 4089 ut
740 4041 851 4118 supra
863 4011 1001 4089 dicitur
1011 4010 1191 4118 prestitis,
1205 4011 1246 4086 in
1259 4013 1448 4115 presencia
1462 4008 1551 4086 dicti
1563 4007 1685 4086 fratris
1699 4010 1741 4085 N.

325 4140 564 4217 commissarii
588 4142 744 4245 predicti
774 4140 918 4219 do'mini
947 4139 1178 4246 inquisitoris
1201 4137 1350 4244 prefati,
1375 4137 1475 4225 loco,
1504 4165 1618 4226 anno,
1645 4137 1744 4215 indi·

326 4269 450 4358 cione,
473 4269 708 4374 pontificatu,
732 4297 829 4348 anno
848 4288 887 4347 et
913 4269 975 4346 die
995 4268 1188 4374 predictis,
1215 4267 1451 4373 presentibus
1465 4266 1647 4375 religiosis
1658 4267 1744 4342 viris

324 4397 501 4476 fratribus
517 4400 737 4505 Raymundo
758 4400 805 4476 de
825 4398 993 4476 Tholosa
1012 4415 1049 4475 et
1069 4398 1228 4503 Rogerio
1248 4397 1295 4473 de
1315 4397 1449 4504 Apulia
1476 4397 1619 4475 ordinis
1634 4397 1745 4472 Herc·

325 4530 501 4606 mitarum
528 4530 650 4609 Sancti
679 4529 896 4637 Augustini,
924 4547 962 4606 et
986 4528 1141 4606 domino
1162 4527 1355 4606 Clemente
1378 4528 1426 4605 de
1445 4526 1669 4605 Castellione
1689 4554 1745 4602 ca·

324 4660 459 4737 nonico
478 4660 709 4748 Nivcrnensi,
725 4659 885 4738 testibus
899 4646 946 4737 ad
966 4660 1037 4737 hoc
1055 4659 1192 4736 vocatis
1206 4676 1244 4735 et
1257 4658 1405 4764 rogatis.
