4230 5956
635 471 832 565 esocis
863 488 1292 564 nssrsurtmss.
1457 498 1461 506 ’
1596 498 1669 570 225

257 631 324 737 qui
348 629 430 708 ficri
451 629 642 706 consuevit
667 647 752 736 post
776 628 923 708 obitum
942 629 1108 736 Magistri
1131 628 1254 706 dictus
1272 630 1458 735 Magister,
1486 659 1573 708 cum
1597 652 1672 713 tra·

248 755 418 839 'staretur
428 778 558 868 postea
574 759 677 868 quod
689 759 811 839 dictus
820 759 934 838 frater
945 763 1054 867 Hugo
1070 758 1347 867 fieretmagnus
1363 760 1548 866 Magister,
1566 792 1671 840 man-

258 891 357 968 davit
385 890 439 969 eis
465 889 587 997 quod,
614 919 658 968 ex
682 919 759 998 quo
790 890 954 968 facerent
982 919 1130 997 capam,
1168 891 1209 968 id
1240 908 1297 969 est
1327 891 1452 996 ipsum
1495 918 1672 999 magnum

257 1016 535 1127 preceptorem,
555 1019 719 1099 facerent
733 1022 946 1129 capucium,
962 1020 1003 1098 id
1018 1038 1075 1098 est
1093 1022 1214 1127 ipsum
1236 1049 1414 1130 magnum
1435 1022 1670 1128 Magistrum,

257 1153 347 1259 quia
360 1150 501 1231 vellent
515 1167 580 1228 aut
594 1150 742 1229 nollent
755 1153 835 1258 ipsc
852 1168 952 1231 esset
965 1150 1152 1258 Magister,
1177 1169 1216 1228 ct
1229 1151 1281 1230 sic
1300 1178 1369 1256 pcr
1387 1151 1670 1256 impressionem

258 1279 376 1358 lactus
401 1279 483 1358 fuit.
753 1296 756 1303 '

181 1433 183 1443 “
313 1411 528 1518 Requisitus
543 1411 573 1489 si
590 1411 643 1490 sic
656 1411 880 1519 deposuerat
892 1440 1020 1519 prece,
1031 1429 1223 1519 precepto,
1234 1413 1389 1501 timore,
1409 1440 1548 1504 amore,
1565 1414 1670 1505 odio,

257 1541 314 1618 vel
333 1540 532 1648 temporali
552 1542 712 1620 comodo
729 1542 859 1620 habito
878 1541 937 1619 vel
952 1541 1141 1635 habendo,
1162 1543 1358 1649 respondit
1371 1542 1477 1648 quod
1495 1569 1589 1634 non,
1607 1544 1674 1622 sed

257 1700 325 1778 pro
350 1671 502 1748 veritate
526 1670 703 1762 dicenda;
733 1673 792 1750 cui
816 1671 890 1749 luit
913 1672 1125 1779 injunctum
1151 1674 1258 1780 quod
1283 1701 1361 1752 non
1380 1672 1560 1750 revelaret
1578 1675 1674 1750 hanc

256 1829 361 1878 suam
373 1800 670 1906 deposicionem,
686 1828 885 1909 quousque
905 1802 1162 1879 attestaciones
1176 1801 1316 1878 fuerint
1334 1801 1540 1907 publicaue,
1559 1819 1598 1878 et
1615 1803 1674 1879 in-

256 1929 451 2039 telligebat
469 1931 656 2008 Latinum.

312 2060 402 2136 Acta
420 2058 575 2137 fuerunt
593 2060 665 2135 hec
682 2059 791 2137 dictis
812 2060 873 2136 dic
891 2077 930 2136 ct
943 2059 1042 2146 loco,
1064 2058 1303 2163 presentibus
1319 2060 1497 2169 magistro
1516 2059 1671 2153 Amisio,

257 2217 319 2266 me
348 2188 599 2266 lloriamonte
628 2188 847 2275 Dondedei,
883 2205 921 2266 et
950 2187 1031 2266 aliis
1057 2189 1211 2266 notariis
1248 2217 1361 2293 supra
1393 2190 1530 2268 ultimo
1555 2192 1674 2271 nomi·

257 2336 361 2397 naus.

312 2586 399 2663 Post
414 2585 500 2670 hec,
523 2582 585 2659 die
605 2582 704 2658 lovis
723 2581 915 2688 sequenti,
934 2609 1010 2688 que
1029 2580 1102 2658 luit
1120 2607 1182 2658 ιιιιι
1201 2583 1282 2659 dies
1302 2583 1391 2659 dicti
1409 2585 1549 2661 mensis
1564 2585 1669 2675 maii,

256 2714 327 2792 fuit
349 2715 535 2792 adductus
559 2712 606 2790 ad
629 2714 859 2819 presenciam
885 2710 1109 2789 eorumdem
1136 2712 1380 2789 dominorum
1400 2716 1673 2792 commissario-

257 2873 359 2934 rum,
385 2844 425 2920 in
448 2845 564 2922 domo
583 2843 750 2949 predicta
775 2842 917 2919 domini
942 2841 1042 2919 Petri
1064 2842 1112 2917 de
1132 2840 1334 2930 Sabaudia,
1351 2840 1463 2918 irater
1478 2840 1603 2921 Guido
1621 2844 1674 2922 las

259 2973 518 3051 Chaussandas
537 2974 716 3065 serviens,
733 2971 1010 3050 Lemovicensis
1028 2971 1203 3062 diocesis,
1223 2972 1327 3050 testis
1339 2999 1450 3078 supra
1454 2973 1619 3079 juratus,
1632 2993 1675 3052 ut

259 3107 466 3210 deponeret
483 3104 626 3181 dictum
647 3131 776 3193 suum,
798 3102 1114 3211 quadragenarius
1133 3101 1190 3179 vel
1210 3101 1321 3191 circa,
1342 3101 1496 3180 barbam
1511 3101 1576 3181 sed
1595 3131 1671 3180 non

257 3234 479 3311 mantellum
501 3232 702 3322 defferens,
724 3234 811 3339 quia
827 3234 951 3338 ipsum
977 3231 1170 3309 dimiserat
1189 3249 1369 3310 vetustate
1395 3210 1672 3338 consumptum,

258 3393 344 3442 cum
364 3392 441 3472 quo
461 3363 684 3470 inquisitum
699 3364 837 3456 luerat,
855 3362 1049 3440 absolutus
1064 3380 1102 3439 et
1117 3362 1376 3442 reconciliatus
1389 3392 1458 3469 per
1474 3363 1673 3441 dominum

258 3494 475 3600 episcopum
499 3494 817 3602 Lemoviccnsem.
840 3494 962 3570 Lectis
981 3509 1108 3571 autem
1129 3510 1169 3593 et¹
1186 3492 1385 3600 diligenter
1407 3494 1583 3600 expositis
1602 3493 1673 3570 sibi

259 3624 436 3701 omnibus
453 3641 492 3701 et
508 3624 666 3735 singulis
686 3625 869 3717 articulis,
891 3622 1085 3730 respondit
1101 3622 1206 3730 quod
1226 3624 1375 3700 nullum
1396 3623 1512 3700 alium
1532 3622 1675 3698 viderat

257 3753 298 3829 in
318 3754 450 3831 ordine
471 3754 605 3860 recipi,
626 3768 698 3831 nec
714 3753 935 3831 interfuerat
953 3752 1125 3857 capitulis
1145 3753 1382 3849 eorumdem,
1404 3751 1507 3829 unde
1530 3751 1673 3827 nescie-

257 3884 340 3975 bat,
361 3913 430 3962 nec
447 3884 642 3972 credebat,
659 3912 729 3962 nec
747 3884 941 3962 audiverat
960 3883 1033 3960 dici
1054 3882 1102 3959 de
1122 3882 1307 3960 contentis
1327 3883 1365 3958 in
1387 3881 1495 3959 dictis
1509 3879 1673 3957 articulis

257 4014 329 4092 nisi
347 4016 450 4121 quod
471 4015 663 4122 sequitur:
684 4015 779 4091 dixit
794 4015 896 4092 enim
913 4041 952 4092 se
972 4013 1087 4090 luisse
1106 4028 1298 4117 receptum
1319 4013 1358 4087 in
1379 4009 1518 4117 capella
1537 4010 1674 4087 domus

257 4142 407 4247 Templi
421 4144 467 4220 de
481 4144 667 4221 Paulbaco
680 4144 955 4222 Lemovicensis
971 4143 1143 4231 diocesis,
1161 4143 1255 4219 circa
1268 4142 1409 4217 instans
1422 4139 1560 4218 festum
1572 4140 1672 4218 beati

257 4272 409 4351 Martini
434 4273 607 4351 hiemalis
632 4292 745 4363 erunt
766 4276 913 4352 circiter
934 4299 981 4349 xx
1004 4271 1108 4362 anni,
1130 4299 1198 4375 per
1220 4270 1373 4348 fratrem
1395 4270 1605 4351 Gerardum
1625 4272 1673 4351 dc
1746 4286 1747 4289 ’

258 4402 416 4480 Sanzeto
436 4401 597 4479 militem
619 4402 828 4509 quondam,
849 4402 1086 4510 presentibus
1104 4400 1280 4478 fratribus
1299 4402 1481 4480 Berrardo
1502 4401 1671 4481 Audierii
1803 4424 1806 4431 ’

259 4549 296 4608 et
320 4534 430 4609 Petro
457 4533 669 4640 Raynaudi,
697 4533 880 4612 avunculo
903 4533 1021 4638 ipsius
1043 4532 1165 4619 testis,
1187 4531 1433 4611 servientibus
1455 4512 1670 4623 deffunctis3

258 4691 368 4770 aquo
384 4681 592 4769 receptore,
613 4665 816 4741 instructus
829 4692 896 4771 per
908 4662 1016 4753 alios,
1033 4662 1145 4769 peciit
1157 4691 1293 4768 panem
1309 4681 1346 4740 et
1359 4692 1496 4770 aquam
1509 4663 1668 4753 ordinis,

257 4812 295 4873 ct
317 4824 404 4873 cum
430 4796 464 4872 ei
490 4796 746 4885 concessisset,
767 4794 855 4873 fecit
873 4824 962 4874 eum
979 4823 1111 4873 vovere
1132 4811 1169 4872 et
1184 4793 1311 4903 jurare
1331 4795 1552 4883 castitatem,
1579 4794 1671 4873 obe-

365 4935 470 4995 raocls
493 4953 545 4994 nes
567 4953 838 4996 restauras-11.
1474 4953 1513 5017 ²9
