4230 5956
424 476 493 547 us
805 450 999 545 ruocbs
1026 469 1120 541 ons
1146 469 1447 542 caueamus.

416 614 531 695 ferret
551 611 739 700 alienum,
761 611 850 716 quia
870 608 1001 686 nullus
1020 635 1066 684 ex
1087 605 1264 686 fratribus
1283 608 1426 686 ordinis
1444 626 1570 716 ageret
1586 610 1835 717 penitenciam

417 771 487 850 pro
507 769 569 833 eo,
591 757 628 817 et
654 740 759 846 quod
788 767 866 816 non
888 741 1086 816 interesset
1110 738 1194 816 loco
1214 739 1255 814 in
1273 767 1360 846 ‚quo
1385 737 1518 846 aliquis
1544 739 1836 819 exheredaretur

420 873 576 979 injuste;
598 887 636 946 et
661 870 837 974 imposito
864 868 935 945 sibi
955 866 1156 954 mantello,
1178 868 1258 974 ipse
1284 885 1323 945 et
1345 885 1517 974 receptor
1542 886 1581 946 et
1599 873 1759 949 astantes
1774 899 1837 949 es-

420 1001 530 1080 culati
552 1000 707 1077 luerunt
733 1027 820 1075 eum
842 999 880 1074 in
899 1025 982 1087 ore,
1002 1015 1041 1075 et
1055 998 1229 1074 instruxit
1253 1026 1341 1075 eum
1362 999 1468 1104 quod
1477 999 1620 1107 jaceret
1639 1028 1726 1078 cum
1744 1029 1837 1107 pan-

418 1133 477 1210 nis
502 1132 628 1219 lineis,
659 1157 733 1206 uua
755 1128 910 1207 cordula
929 1129 1090 1219 cinctus,
1120 1144 1158 1205 et
1178 1126 1340 1234 qualiter
1370 1145 1518 1236 regeret
1546 1156 1587 1206 se
1619 1130 1659 1207 in
1689 1131 1834 1210 ordine.

419 1262 667 1339 Postmodum
701 1260 799 1336 dixit·
824 1260 856 1335 ei
890 1260 995 1365 quod
1023 1285 1100 1335 non
1121 1258 1336 1335 turbaretur
1363 1287 1433 1336 nec
1447 1275 1668 1338 terreretur
1696 1261 1743 1338 de
1765 1262 1838 1340 hiis
1869 1354 1871 1359 .

420 1420 495 1499 que
516 1377 687 1469 dicerent
704 1389 849 1480 eidem,
872 1407 912 1466 et
932 1388 1041 1466 allata
1060 1389 1222 1496 wedam
1240 1416 1350 1466 cruce
1369 1387 1493 1496 lignea
1509 1390 1548 1467 in
1566 1419 1640 1499 qua
1659 1418 1737 1470 nou
1759 1410 1838 1470 erat

419 1549 552 1629 ymago
572 1519 765 1610 Crucilixi,
791 1519 909 1596 nescit
932 1546 1001 1623 per
1018 1546 1156 1624 quem,
1188 1519 1354 1624 precepit
1384 1519 1418 1595 ei
1451 1518 1574 1597 didus
1600 1519 1726 1600 Guido
1747 1521 1837 1599 Chi·

420 1651 499 1728 lleti
525 1650 630 1758 quod
661 1666 814 1754 spueret
838 1676 948 1753 supra
976 1648 1113 1735 dictam
1134 1675 1306 1738 crucem
1325 1664 1371 1724 et
1395 1648 1474 1755 ipse
1498 1649 1618 1738 testis,
1650 1678 1735 1729 cum
1767 1650 1835 1728 ali-

419 1781 645 1889 quantulum
679 1780 909 1866 recessisset,
940 1776 1104 1855 finaliter
1125 1806 1213 1854 cum
1237 1778 1272 1855 ei
1302 1777 1492 1856 diceretur
1509 1778 1615 1886 quod
1638 1779 1837 1886 oportebat

421 1940 508 1991 eum
529 1910 706 1998 obedire,
732 1909 833 2014 spuit
847 1936 924 1985 non
939 1935 1051 2011 supra
1075 1906 1142 1984 sed
1150 1907 1255 2013 juxta
1271 1934 1366 1985 eam.
1381 1907 1530 1986 Deinde
1550 1907 1644 1987 dixit
1661 1910 1695 1987 ei
1713 1910 1832 2017 quod,

421 2043 450 2120 si
470 2041 586 2148 aliqui
611 2039 740 2117 famuli
766 2039 909 2115 ordinis
932 2037 1101 2114 venirent
1124 2035 1172 2112 ad
1189 2035 1316 2113 locum
1337 2038 1477 2146 ita-quo
1499 2027 1577 2145 ipse
1593 2040 1701 2117 testis
1719 2059 1835 2128 esset,

423 2189 460 2248 et
491 2171 672 2247 heberent
697 2168 892 2272 penuriam
931 2167 1138 2256 lectorum,
1166 2167 1271 2272 quod
1295 2165 1533 2275 recolligeret
1564 2195 1629 2246 eos
1661 2169 1699 2244 in
1739 2169 1837 2247 lecto

421 2327 506 2391 suo,
524 2327 600 2374 non
615 2315 742 2374 umen
759 2296 943 2373 intellexit
967 2296 1089 2373 dictus
1111 2296 1217 2373 testis
1236 2297 1275 2372 iu
1289 2297 1364 2374 hoc
1377 2296 1521 2404 aliquid
1541 2296 1728 2376 illicitum.
1756 2299 1836 2378 Alia

421 2429 620 2506 inhonesta
639 2453 715 2504 nou
735 2427 1016 2503 intervenerunt
1036 2426 1074 2501 in
1095 2425 1194 2504 dicta
1213 2452 1280 2503 sua
1305 2427 1535 2533 recepcione¹
1553 2455 1624 2505 nec
1648 2447 1751 2534 post,
1767 2456 1836 2505 nec

423 2558 557 2647 credit,
579 2558 668 2665 quia
688 2585 765 2634 non
785 2557 890 2645 vidit,
920 2585 989 2633 nec
1016 2556 1158 2633 aufflvit
1174 2557 1268 2648 dici,
1292 2557 1401 2665 quod
1423 2558 1521 2637 dictu
1541 2558 1668 2637 illicita
1687 2559 1745 2637 rel
1764 2559 1832 2637 alia

423 2689 692 2766 intervenirent
716 2688 754 2763 in
789 2686 1074 2794 recepcionibus
1102 2687 1263 2765 aliorum
1285 2687 1454 2767 -fmuum
1489 2688 1634 2767 ordinis
1656 2689 1714 2768 vel
1740 2706 1834 2795 post.

421 2819 644 2906 Item-dixit
666 2818 770 2925 quod
790 2819 888 2896 bene
917 2817 1093 2895 credebat
1121 2817 1376 2901 ecclesiasticis
1394 2820 1650 2907 sacramentis,
1667 2836 1707 2897 et
1720 2820 1839 2898 credit

424 2950 529 3058 quod
556 2949 619 3026 alii
642 2948 773 3026 Fratres
791 2949 934 3026 ordinis
955 2949 1102 3026 eodem·
1123 2948 1239 3025 modo
1270 2947 1484 3035 crederent,
1510 2966 1552 3026 et
1573 2948 1677 3056 quod
1705 2977 1836 3026 eorum

424 3079 636 3157 sacerdotes
663 3077 791 3155 debite
819 3078 1068 3182 celebrarent,
1096 3096 1133 3155 et
1164 3096 1386 3185 preceptum
1412 3077 1485 3160 luit
1511 3079 1582 3187 ipsi
1610 3079 1696 3157 testi
1732 3081 1836 3186 quod

425 3211 640 3288 conveniret
656 3208 704 3284 ad
723 3209 857 3296 divina,
871 3208 1023 3314 quando
1038 3207 1186 3284 audiret
1204 3207 1344 3314 pulsari
1364 3236 1593 3316 campanam.
1616 3210 1749 3318 Statim
1767 3238 1836 3316 pro

424 3338 600 3444 professis
623 3338 868 3417 habebantur.
887 3339 1129 3418 Clandestiue
1155 3338 1444 3444 recipiebantur,
1467 3339 1584 3418 nullis
1602 3339 1838 3447 presentibus

426 3470 497 3545 nisi
525 3468 702 3546 fratribus
727 3468 880 3547 ordinis.
909 3471 948 3546 ln
975 3468 1090 3545 domo
1118 3469 1164 3544 de
1185 3467 1290 3545 Certi
1312 3469 1352 3544 in
1372 3497 1449 3575 qua
1471 3467 1544 3546 luit
1566 3488 1836 3556 commoratus,

424 3599 517 3677 vidit
528 3599 758 3676 elemosinas
775 3599 1040 3676 convenienter
1058 3595 1152 3675 lieri.
1459 3618 1461 3622 ‘

480 3731 693 3836 Requisitus
720 3731 748 3807 si
776 3731 829 3808 sic
863 3731 1089 3835 deposuerat
1117 3758 1246 3835 prece,
1281 3747 1472 3836 precepto,
1502 3732 1657 3819 timore,
1691 3760 1836 3815 amore,

424 3861 525 3952 odio,
552 3862 610 3937 vel
638 3860 834 3967 temporali
861 3860 1022 3937 comodo
1051 3858 1178 3937 habito
1203 3858 1261 3936 vel
1291 3859 1487 3952 habendo,
1517 3860 1710 3967 respondit
1734 3860 1838 3964 quod

424 4019 518 4083 non,
540 3992 608 4068 sed
630 4019 699 4098 pro
726 3993 877 4068 veritate
895 3991 1070 4080 dicenda3
1093 3992 1153 4066 cui
1180 3990 1252 4067 fuit
1276 3991 1490 4097 injunctum
1508 3991 1613 4098 quod
1638 4015 1715 4065 non
1735 4017 1838 4065 reve·

424 4120 518 4195 leret
539 4121 636 4198 hanc
660 4150 764 4198 suam
789 4121 1091 4227 deposicionem,
1108 4147 1306 4227 quousque
1326 4121 1585 4198 attestaoiones
1610 4117 1752 4196 suerint
1770 4146 1840 4225 pu·

424 4246 576 4336 blicate;
595 4267 631 4326 et
652 4278 727 4326 non
743 4251 930 4328 obtulerat
945 4280 983 4329 se
1009 4251 1056 4327 ad
1072 4250 1343 4328 deffensionem
1358 4249 1521 4341 ordinis,
1542 4251 1637 4329 sicut
1651 4249 1755 4327 dixit.
1788 4314 1791 4321 ,

481 4510 608 4587 Frater
627 4508 853 4589 Guillelmus
871 4510 918 4584 de
934 4509 1116 4614 Vernegia
1137 4509 1264 4597 miles,
1287 4510 1563 4588 lemovicensis
1581 4510 1759 4594 diocesis,
1776 4506 1840 4582 ad·

424 4637 558 4714 ductus
580 4667 648 4744 pro
666 4654 761 4716 teste
787 4635 835 4711 ad
856 4639 1087 4742 presenciam
1113 4640 1333 4718 eorumdem
1359 4639 1604 4717 dominorum
1625 4637 1838 4716 commissa-

426 4764 585 4854 riorum,
603 4767 755 4871 juravit‚
772 4767 878 4844 tactis
892 4767 1132 4843 sacrosanctis
1147 4768 1371 4874 Evangeliis,
1385 4769 1511 4847 dicere
1532 4771 1572 4845 in
1591 4769 1662 4846 isto
1681 4763 1839 4872 negocio
