4230 5956
459 485 528 567 rsa
846 471 1041 562 raucas
1067 487 1161 560 nas
1187 485 1486 560 rnurnraus.

453 624 536 710 tum
555 629 677 706 fratris
703 627 901 707 Guillelmi
927 630 974 707 de
996 627 1101 707 bello
1119 630 1210 706 loco
1229 627 1395 737 Magistri
1419 624 1578 716 ordinis,
1606 643 1735 704 contra
1758 656 1874 735 quem

455 790 555 840 nunc
575 759 728 868 grandia
755 758 946 851 scandala,
968 759 1130 866 suspicio
1160 774 1199 833 et
1225 756 1377 834 infamia
1406 772 1494 833 sunt
1525 772 1668 846 exorta3
1695 755 1802 865 cujus
1822 785 1877 836 or·

456 893 554 971 dinis
573 891 750 968 fratribus
770 892 889 968 credit
904 891 1008 998 quod
1034 906 1157 967 essent
1176 906 1264 966 nota
1284 888 1489 966 confessata
1505 916 1575 993 per
1593 915 1700 978 eum,
1718 907 1755 966 et
1771 890 1875 995 qnod

455 1022 588 1098 eadem
603 1049 760 1127 magnus
778 1021 954 1127 Magister
974 1037 1013 1096 et
1032 1019 1095 1095 alii
1115 1019 1190 1095 sint
1204 1017 1376 1097 confessi.
1602 1099 1603 1102 ,

510 1152 726 1259 Requisitus
759 1151 788 1228 si
819 1151 870 1226 sic
898 1151 1121 1257 deposuerat
1153 1177 1280 1254 prece,
1312 1165 1509 1256 precepto,
1539 1147 1697 1236 timore,
1730 1177 1875 1238 amore,

456 1281 561 1369 odio,
599 1281 657 1358 vel
685 1281 884 1387 temporali
912 1269 1073 1358 comodo
1101 1279 1230 1356 habito
1256 1278 1314 1356 vel
1337 1277 1533 1371 habendo,
1555 1278 1754 1384 respondit
1772 1280 1878 1387 quod

456 1440 548 1504 non,
570 1411 638 1488 sed
658 1440 726 1517 pro
745 1411 899 1489 veritate
920 1409 1096 1502 dicenda3
1117 1411 1177 1486 cui
1199 1409 1272 1486 luit
1300 1409 1513 1518 injunctum
1540 1408 1646 1517 quod
1672 1437 1750 1486 non
1775 1438 1879 1487 reve·
1971 1433 1975 1442 '

455 1543 550 1620 laret
569 1544 663 1619 banc
689 1569 794 1618 suam
815 1541 1113 1647 deposicionem,
1135 1567 1335 1646 quousque
1366 1539 1628 1617 attestaciones
1647 1536 1789 1618 luerint
1807 1570 1878 1646 pu·

455 1671 612 1763 blicate;
634 1690 671 1747 et
688 1700 765 1749 non
783 1671 973 1749 obtulerat
992 1699 1032 1748 se
1052 1670 1100 1747 ad
1120 1668 1395 1746 dellensionem
1414 1666 1504 1746 dicti
1523 1667 1683 1746 ordinis

513 1937 600 2011 Post
611 1963 686 2040 que
700 1933 830 2039 prefati
846 1933 991 2010 domini
1008 1931 1252 2010 commissarii
1267 1932 1439 2009 fecerunt
1450 1932 1574 2011 redire
1588 1931 1635 2009 ad
1648 1932 1876 2038 presenciam

457 2065 681 2142 eorumdem
702 2064 854 2142 fratrem
874 2063 1050 2171 Egidium
1073 2062 1121 2139 de
1136 2063 1295 2168 Rotangi
1319 2061 1590 2170 presbiterum,
1616 2078 1750 2139 testem
1766 2090 1878 2168 supra

457 2195 726 2285 examinatum,
748 2210 792 2269 ut
810 2193 949 2270 scirent
968 2221 1055 2269 curn
1076 2192 1168 2269 cosi
1186 2192 1385 2269 reduxerat
1404 2191 1454 2270 ad
1468 2192 1692 2268 memoriam
1719 2220 1823 2268 suam
1839 2219 1878 2269 sc

456 2321 585 2428 plures
606 2324 788 2428 recepisse
816 2323 874 2399 vel
893 2322 1366 2429 pluriumrecepcionibus
1392 2321 1603 2401 interfuisse
1626 2353 1739 2429 quarn
1767 2351 1879 2429 supra

458 2452 653 2557 deposuit3
683 2471 720 2528 et
743 2454 816 2529 hoc
837 2451 1008 2529 lecerunt
1035 2452 1138 2528 idem
1161 2452 1306 2530 domini
1333 2453 1576 2531 commissarii
1603 2454 1690 2560 quia
1707 2452 1876 2559 requisiti

457 2581 621 2673 fueram,
641 2613 709 2692 per
724 2584 964 2691 inquisitores
986 2600 1115 2661 contra
1132 2584 1307 2661 ordinem
1323 2601 1361 2661 et
1375 2583 1507 2662 fratres
1524 2583 1674 2691 Templi
1692 2585 1732 2661 in
1746 2583 1878 2692 Anglia

458 2714 674 2822 deputatos,
699 2715 803 2822 quod
823 2715 1058 2821 inquirerent
1075 2743 1161 2791 curn
1180 2742 1226 2793 eo
1248 2714 1296 2792 de
1316 2715 1535 2822 recepcione
1555 2715 1678 2803 fratris
1698 2716 1879 2793 lobannis

457 2846 505 2922 de
529 2847 633 2934 Scot,
662 2846 750 2924 dicti
773 2845 819 2923 de
844 2847 977 2923 Sotton
1001 2844 1164 2951 Anglici,
1196 2845 1261 2954 qui
1285 2844 1480 2923 dicebatur
1506 2844 1618 2924 luisse
1639 2863 1809 2952 receptus
1839 2846 1878 2921 in

457 2977 613 3053 Pontivo
643 2977 743 3081 apud
778 2975 968 3054 Grandem
1001 2975 1156 3067 Silvam,
1188 3004 1301 3083 quarn
1328 2975 1445 3053 iidem
1472 2975 1711 3083 inquisitores
1747 2992 1879 3051 vocant

456 3103 638 3184 Grossum
654 3134 761 3210 opus.
776 3108 846 3182 Per
856 3135 971 3213 quem
986 3105 1143 3213 quidem
1155 3104 1331 3214 Egidium
1347 3103 1420 3183 suit
1433 3133 1675 3211 responsum,
1692 3106 1732 3181 in
1743 3105 1877 3181 virtute

453 3235 657 3341 juramenti
678 3234 819 3340 prestiti
846 3264 914 3340 per
938 3236 1131 3324 eumdem,
1159 3264 1197 3313 se
1219 3234 1380 3313 adfuisse
1401 3236 1613 3342 recepcioni
1641 3235 1730 3312 dicti
1758 3234 1879 3311 lratris

457 3366 653 3453 lobannis,
671 3384 760 3443 sunt
778 3368 924 3443 circiter
940 3393 984 3445 xv
1006 3367 1111 3456 anni,
1130 3384 1167 3444 et
1181 3368 1254 3444 suit
1276 3383 1449 3475 receptus
1475 3396 1544 3474 per
1563 3366 1715 3445 fratrem
1741 3368 1879 3445 loban-

459 3523 546 3573 nem
572 3497 619 3572 de
640 3498 740 3573 Nova
759 3497 857 3574 Villa
876 3496 1099 3574 servientem
1112 3497 1324 3604 quondam,
1347 3513 1438 3574 tunc
1457 3514 1715 3602 preceptorem
1729 3494 1878 3573 ballivis
1957 3568 1960 3574 .

459 3625 507 3703 de
529 3627 701 3718 Pontivo‚
723 3627 818 3702 circa
841 3627 973 3703 boram
993 3627 1158 3732 prandii,
1177 3627 1216 3704 in
1233 3626 1372 3734 capella
1394 3628 1492 3705 dicte
1509 3627 1646 3706 domus
1666 3628 1714 3705 de
1737 3627 1878 3706 Grandi

458 3755 573 3847 Silva,
598 3758 835 3864 presentibus
862 3755 1038 3834 fratribus
1065 3760 1176 3835 Petro
1211 3756 1258 3834 de
1292 3758 1502 3837 Limecuria
1531 3758 1723 3865 quondam
1753 3785 1880 3863 prece·

458 3886 565 3993 ptore
586 3888 684 3965 dicte
711 3888 865 3980 domus,
889 3908 931 3967 ut
952 3888 984 3964 ci
1010 3889 1169 3978 videtur,
1198 3905 1236 3965 et
1253 3887 1455 3995 Radulpho
1483 3886 1646 3996 Anglici,
1669 3889 1734 3992 qui
1758 3887 1880 3964 fuerat

458 4019 662 4095 mercerius
678 4035 763 4095 ante
778 4018 988 4125 ingressum
1007 4019 1166 4109 ordinis,
1187 4036 1406 4126 preceptore
1416 4035 1513 4117 tunc
1524 4018 1663 4095 domus
1678 4017 1880 4124 Oysimont

458 4145 719 4227 Ambianensis
740 4150 914 4238 diocesis,
934 4167 971 4227 et
983 4150 1151 4258 quodam
1169 4149 1243 4228 alio
1259 4149 1370 4228 fratre
1385 4146 1550 4256 agricolu
1559 4148 1656 4225 dicte
1677 4147 1816 4227 domus
1832 4149 1879 4228 de

458 4274 600 4356 Grandi
627 4278 740 4367 Silva,
769 4281 816 4356 de
838 4280 944 4386 cujus
968 4282 1122 4358 nomine
1146 4297 1183 4357 et
1200 4280 1425 4388 cognomine
1451 4296 1529 4356 non
1554 4278 1786 4369 recordatur,
1815 4278 1881 4356 sed

456 4408 659 4515 vulgariter
678 4408 877 4486 vocabatur
901 4411 1034 4488 Petrus
1056 4411 1331 4520 Poyle-Castel,
1354 4409 1577 4501 deffunctis3
1605 4409 1645 4486 in
1662 4409 1778 4518 ¹cujus
1797 4409 1880 4516 qui·

459 4536 546 4614 dem
566 4540 746 4616 lobannis
765 4539 983 4643 recepcione
1006 4540 1064 4616 vel
1080 4558 1165 4645 post
1186 4569 1263 4618 non
1286 4541 1396 4630 vidit,
1419 4569 1489 4618 nec
1504 4540 1624 4631 scivit,
1647 4567 1716 4616 nec
1740 4537 1880 4616 audivit

322 4684 326 4693 ·
459 4665 533 4741 dici
553 4667 696 4775 aliquid
719 4667 893 4746 illicitum
918 4667 977 4744 vel
995 4669 1239 4747 inhonestum
1262 4671 1520 4763 intervenisse;
1540 4687 1578 4748 et
1599 4668 1670 4748 fuit
1688 4684 1879 4776 receptus,
1925 4694 1928 4700 ’

459 4808 503 4869 ut
515 4796 664 4873 videtur
685 4798 809 4874 eidem
831 4798 933 4889 testi,
951 4799 988 4874 in
1006 4799 1107 4875 hunc
1128 4800 1285 4878 modurn
1302 4833 1312 4877 τ
1330 4829 1418 4879 narn
1441 4830 1528 4880 cum
1550 4795 1723 4908 periisset
1740 4824 1878 4905 panem
