4230 5956
659 474 855 568 procus
880 494 978 566 uus
1004 494 1305 566 ranimirus.
1670 502 1693 575 s

270 633 461 711 erroribus
481 633 672 714 confessus
692 636 732 713 iu
747 637 956 742 septimana
971 636 1011 712 in
1026 664 1100 742 qua
1114 633 1188 712 suit
1199 652 1383 742 receptus,
1404 635 1444 709 in
1460 635 1557 713 dicta
1574 638 1696 745 capel-

269 766 322 855 la,
347 765 497 843 cuidam
517 766 622 845 fratri
637 769 845 858 carmelite,
868 769 975 877 cujus
996 796 1137 847 nomeu
1155 785 1192 844 et
1211 794 1423 877 cognomen
1442 767 1606 874 ignorat,
1628 773 1695 877 qui

269 896 427 976 absolvit
442 927 544 987 eum,
556 898 731 1006 imposita
745 900 818 979 sibi
831 899 1043 1007 penitencia
1056 898 1162 1006 quod
1172 898 1426 1008 jejunaretur
1441 900 1548 982 annis
1560 899 1696 980 diebus

270 1029 464 1120 sabatinis3
486 1059 600 1137 quam
616 1031 870 1138 penitenciam
884 1031 926 1109 in
941 1048 1047 1138 parte
1066 1030 1279 1138 complevit.
1296 1030 1426 1110 Credit
1440 1032 1546 1139 quod
1566 1031 1696 1111 fratres

270 1159 431 1240 scientes
446 1191 593 1241 errores
606 1181 644 1241 et
662 1181 888 1270 potestatem
904 1163 1117 1272 corrigendi
1138 1163 1339 1252 habentes,
1360 1163 1594 1271 negligentes
1613 1165 1696 1244 fue-

270 1311 373 1383 runt,
389 1294 570 1402 quianon
590 1313 833 1374 correxerunt
852 1325 917 1375 eos
929 1324 1000 1374 nec
1023 1295 1346 1373 denunciaverunt
1364 1294 1541 1373 Ecclesia.
1562 1299 1606 1374 In
1627 1299 1697 1377 do-

270 1424 398 1504 mibus
436 1427 580 1505 ordinis
617 1429 658 1505 in
690 1428 830 1538 quibus
869 1427 943 1506 fuit
978 1445 1233 1506 commoratus
1268 1428 1364 1505 vidit
1399 1428 1624 1508 elemosinas
1660 1447 1698 1507 et

270 1555 563 1662 hospitalitatem
585 1562 853 1639 convenienter
873 1561 955 1638 fieri
976 1578 1013 1638 et
1032 1563 1180 1639 servari.
1194 1562 1348 1639 Audiuit
1368 1562 1442 1639 dici
1459 1564 1565 1670 quod
1585 1564 1693 1655 elam,

265 1688 393 1794 januis
412 1689 565 1781 clausis,
585 1720 719 1770 eorum
742 1693 917 1801 capitalia
940 1694 1179 1771 tenebantur.
1201 1695 1332 1772 Credit
1351 1696 1457 1802 quod
1480 1711 1583 1772 totus
1601 1694 1696 1773 ordo

270 1839 448 1900 servasset
463 1823 569 1931 quod
588 1853 749 1934 magnus
768 1826 944 1934 Magister
967 1856 1054 1903 cum
1076 1824 1263 1903 conventu
1282 1826 1509 1913 ordinasset,
1533 1844 1571 1903 et
1591 1828 1696 1932 quod
1753 1871 1755 1874 ⁴

271 1981 374 2032 nunc
383 1955 538 2063 grandia
550 1956 735 2050 scandala,
746 1957 910 2064 suspicio
921 1976 959 2036 et
970 1958 1123 2034 infamia
1138 1958 1214 2036 sint
1226 1975 1352 2035 exorta
1364 1975 1491 2034 contra
1506 1956 1693 2048 ordinem,

272 2102 310 2161 et
324 2087 430 2192 quod
443 2085 648 2165 consessata
658 2116 727 2193 per
739 2116 827 2164 eum
844 2105 969 2165 essent
981 2105 1070 2164 nota
1080 2087 1259 2163 fratribus
1269 2086 1425 2178 ordinis,
1440 2103 1569 2162 eontra
1581 2114 1697 2193 quem

272 2215 416 2293 audivit
430 2216 504 2293 dici
520 2245 701 2324 magnum
716 2218 934 2322 Magistrum
950 2235 990 2293 et
1002 2217 1096 2292 alios
1116 2216 1264 2323 aliquos
1277 2245 1434 2305 errores,
1451 2217 1570 2293 nescit
1588 2246 1694 2324 quos,

271 2346 386 2424 fuisse
402 2345 603 2425 confessos.
620 2347 821 2426 Obtulerat
836 2375 888 2435 se,
905 2347 1006 2425 malo
1022 2348 1159 2425 ductus
1170 2346 1344 2440 consilio,
1362 2348 1411 2424 ad
1421 2342 1695 2427 deffensionem

272 2476 415 2555 ordinis
439 2506 514 2556 una
539 2466 743 2569 cum'aliis,
768 2496 806 2556 et
827 2478 900 2555 fuit
921 2457 1147 2586 protestatus
1170 2479 1209 2556 in
1233 2479 1419 2587 principio
1446 2480 1698 2586 deposicionis

272 2637 339 2685 sue
351 2610 457 2716 quod
472 2638 550 2687 non
560 2609 783 2688 intendebat
796 2611 975 2688 recedere
990 2641 1009 2689 a
1027 2611 1268 2717 deposicione
1282 2642 1349 2718 per
1362 2640 1450 2693 eum
1466 2610 1560 2688 facta
1572 2641 1695 2691 coram

274 2737 375 2817 dicto
396 2740 551 2818 domino
568 2740 850 2848 archiepiscopo
871 2743 1062 2820 Remensi.

328 2872 545 2978 Requisitns
557 2871 588 2948 si
603 2873 656 2948 sic
670 2873 897 2979 deposuerat
910 2903 1039 2979 prece,
1054 2890 1250 2981 precepto,
1267 2875 1422 2962 timore,
1441 2901 1585 2964 amore,
1607 2875 1698 2952 odio

272 3001 330 3080 vel
344 3003 545 3108 temporali
559 3003 722 3091 comodo
738 3004 870 3083 habito
886 3004 945 3082 vel
965 3005 1159 3099 habendo,
1179 3004 1377 3111 respondit
1391 3004 1496 3111 quod
1512 3032 1610 3095 non,
1633 3007 1698 3084 sed

272 3161 340 3239 pro
364 3134 517 3211 veritate
543 3134 725 3223 dicenda3
752 3136 812 3211 cni
836 3134 909 3213 suit
930 3136 1145 3244 injunctum
1172 3136 1379 3244 qnodtnon
1399 3136 1580 3213 revelaret
1603 3136 1699 3213 hanc

273 3291 379 3342 suam
405 3264 686 3372 deposicionem
712 3295 912 3374 quousque
938 3268 1200 3345 attestacio'nes
1221 3267 1363 3344 fuerint
1388 3266 1591 3373 publicata.

328 3394 419 3473 Acta
433 3394 592 3473 fuerunt
607 3397 678 3473 hec
693 3396 804 3473 dictis
819 3397 881 3473 die
898 3414 936 3474 et
956 3396 1060 3489 loco,
1082 3395 1322 3503 presentibus
1338 3398 1516 3504 magistro
1531 3397 1698 3487 Amisio,

273 3555 334 3604 me
353 3527 610 3605 Floriamonte
625 3526 845 3619 Dondedei,
868 3546 906 3605 et
925 3528 1008 3605 aliis
1026 3529 1184 3606 notariis
1196 3556 1308 3636 snpra
1327 3528 1465 3607 ultimo
1484 3530 1697 3607 nominatis.

327 3790 417 3867 Post
436 3790 524 3878 hec,
547 3788 607 3867 die
625 3790 781 3871 Veneris
797 3788 989 3896 sequenti,
1011 3817 1085 3895 que
1109 3789 1181 3866 suit
1200 3790 1330 3895 quinta
1352 3791 1433 3868 dies
1454 3790 1543 3867 dicti
1560 3792 1701 3868 mensis

271 3918 421 4010 Marcii,
444 3919 601 3998 suerunt
619 3920 773 3999 adducti
793 3948 862 4027 pro
883 3921 1044 3999 testibus
1068 3921 1117 3997 ad
1137 3921 1369 4027 presenciam
1389 3921 1613 3998 eorumdem
1634 3919 1701 3996 do-

273 4053 466 4131 minorum
498 4052 867 4143 commissariorum,
899 4052 939 4128 in
966 4053 1081 4130 domo
1107 4053 1276 4157 predicta
1301 4053 1457 4127 fratrum
1487 4044 1697 4144 Minorum,

272 4183 498 4287 Raynandus
525 4183 572 4258 de
598 4182 740 4260 Pruino
761 4182 1015 4268 Senonensis,
1045 4179 1137 4256 olim
1161 4194 1360 4286 preceptor
1387 4179 1524 4257 domus
1548 4183 1698 4288 Templi

275 4309 571 4396 Aurelianensis,
598 4311 787 4386 lohannes
807 4311 855 4386 de
878 4312 1030 4386 Mortuo
1053 4309 1174 4384 Fonte
1200 4308 1502 4403 Suessionensis‚
1528 4330 1566 4388 et
1592 4311 1697 4392 Guil-

274 4440 413 4519 lclmus
436 4439 484 4516 de
505 4440 698 4545 Hoymont
716 4439 934 4518 Parisiensis
963 4439 1197 4533 diocessum,
1227 4440 1426 4548 presbiteri
1448 4440 1638 4551 degradati
1658 4443 1698 4520 in

274 4570 436 4650 concilio
455 4570 669 4648 Senonensi
690 4571 738 4649 ab
759 4570 940 4649 omnibus
959 4571 1173 4650 minoribus
1193 4590 1231 4650 et
1248 4573 1455 4681 majoribus
1475 4572 1696 4667 ordinibus,

274 4704 376 4805 exuti
409 4718 537 4779 tamen
568 4700 763 4812 privilegio
797 4702 959 4781 clericali
990 4721 1028 4781 et
1056 4704 1188 4810 privati
1220 4704 1353 4798 babitu
1377 4706 1545 4814 Templi,
1578 4726 1615 4786 et
1648 4708 1697 4785 ad

275 4863 430 4913 murum
449 4852 678 4942 perpetuum
697 4835 769 4913 sub
793 4852 894 4914 certa
912 4836 1032 4914 forma
1052 4864 1120 4943 per
1136 4837 1280 4914 dictum
1299 4837 1501 4917 concilium
1520 4840 1699 4917 condem-

1522 5020 1547 5058 1.
