4230 5956
576 454 771 547 rnocns
800 475 893 546 ons
920 472 1222 551 rnrrrmnns
1560 483 1606 555 57

189 633 314 693 mente
342 616 389 692 de
415 613 648 691 Hodenvilha
673 615 935 704 servientibus,
959 616 1176 706 deffunctim
1201 647 1317 727 aquo
1337 637 1529 726 receptore
1554 626 1610 700 in-

189 763 329 825 stanter
346 762 384 823 et
397 746 614 850 frequenter
626 748 752 851 petitis
765 775 860 851 pane
876 764 915 823 et
929 776 1041 853 aqua,
1058 751 1234 827 societate
1250 768 1288 828 et
1303 779 1466 857 paupere
1478 752 1610 829 habitu

188 878 348 966 ordinis,
373 878 483 984 eique
504 904 682 982 responso
699 878 804 982 quod
826 879 923 954 bene
944 878 1188 973 deliberaret,
1210 882 1297 988 quia
1315 898 1505 988 oporteret
1522 909 1609 958 eum

189 1037 210 1084 a
225 1036 264 1085 se
281 1008 453 1086 abdicare
466 1008 655 1115 propriam
671 1009 920 1097 voluntatem,
944 1027 982 1087 et
994 1010 1128 1117 subjici
1145 1011 1283 1104 aliene,
1302 1012 1444 1088 esurire
1458 1013 1610 1118 quando

187 1138 303 1215 vellet
327 1139 544 1229 comedere,
572 1154 610 1214 et
633 1137 800 1245 vigillare
822 1139 975 1244 quando
994 1141 1108 1218 vellet
1127 1142 1311 1231 dormire,
1340 1159 1377 1218 et
1401 1143 1518 1218 multa
1540 1142 1611 1218 alia

191 1271 285 1348 dura
305 1287 342 1347 et
361 1299 489 1376 aspera
508 1271 711 1359 sustinere,
739 1269 901 1346 linaliter
924 1271 1012 1348 lecit
1034 1301 1121 1349 eum
1146 1301 1276 1351 vovere
1297 1290 1335 1350 et
1353 1274 1480 1379 jurare
1503 1275 1611 1350 casti-

189 1418 321 1492 tatem,
347 1401 467 1477 vivere
493 1401 573 1478 sine
596 1401 768 1506 proprio,
793 1417 830 1476 et
855 1402 1012 1479 obedire
1038 1404 1216 1481 omnibus
1235 1404 1519 1510 preceptoribus
1544 1406 1608 1510 qui

189 1548 489 1638 preponerentur
513 1531 657 1619 eidem,
685 1560 827 1608 servare
854 1533 975 1610 bonos
999 1563 1089 1611 usus
1112 1552 1148 1611 et
1174 1535 1292 1612 bonas
1316 1535 1609 1611 consuetudines

190 1661 345 1738 ordinis.
364 1661 451 1755 Quo
466 1659 578 1748 lacto,
595 1662 774 1767 imposuit
787 1662 821 1738 ei
837 1663 1077 1756 mantellum,
1093 1680 1131 1739 et
1142 1665 1222 1770 ipse
1236 1681 1273 1740 et
1283 1681 1443 1740 astantes
1457 1662 1611 1738 luerunt

190 1820 274 1868 eum
301 1791 457 1870 osculati
483 1792 522 1867 in
552 1821 628 1868 ore.
658 1792 805 1869 Deinde
830 1794 998 1900 precepit
1016 1795 1145 1871 dictus
1171 1811 1342 1900 receptor
1368 1792 1543 1898 Philippo
1573 1809 1611 1868 et

188 1921 297 2000 Petro
312 1923 490 2028 predictis
502 1922 608 2028 qnod
623 1922 765 1998 exirent
781 1940 819 1998 et
830 1924 930 1999 irent
942 1924 989 2000 ad
1004 1923 1125 2001 officia
1140 1953 1205 2001 sua
1222 1924 1453 2028 exequenda,
1472 1939 1609 1998 etcum

188 2052 245 2129 illi
265 2053 520 2140 recessissent,
542 2052 707 2157 precepit
730 2052 808 2156 ipse
833 2070 1002 2158 receptor
1028 2054 1153 2129 eidem
1177 2053 1263 2129 testi
1285 2054 1387 2158 quod
1409 2051 1611 2155 abnegaret

188 2183 328 2273 Deum,
354 2184 393 2257 in
413 2182 603 2288 presencia
627 2181 715 2256 dicti
733 2180 956 2272 Clementis,
977 2201 1015 2260 et
1035 2212 1121 2259 cum
1146 2183 1226 2287 ipse
1252 2183 1458 2267 resisteret,
1481 2180 1609 2258 dicens

189 2313 375 2419 quodhoc
389 2311 497 2388 nullo
512 2311 627 2387 modo
639 2309 792 2398 laceret,
813 2311 935 2388 dictus
949 2329 1123 2417 receptor
1134 2311 1230 2388 dixit
1247 2311 1281 2387 ei
1292 2311 1397 2416 quod
1412 2313 1609 2416 oportebat

188 2468 276 2520 eum
294 2442 495 2547 abnegare,
518 2441 604 2546 qnia
626 2440 697 2516 nisi
719 2441 790 2518 hoc
810 2440 947 2518 laceret
966 2442 1112 2532 volens,
1134 2443 1225 2520 alias
1240 2444 1379 2520 laceret
1399 2444 1551 2534 invitus,
1573 2462 1610 2520 et

188 2573 294 2680 quod
304 2572 506 2680 abnegaret
519 2569 651 2648 saltem
665 2597 816 2648 orenon
828 2574 957 2666 corde;
974 2590 1012 2650 et
1025 2591 1115 2651 tunc
1129 2575 1209 2681 ipse
1221 2574 1327 2651 testis
1337 2573 1531 2679 abnegavit
1543 2601 1608 2651 ore

188 2729 265 2780 non
277 2705 401 2781 corde.
419 2704 664 2781 Postmodum
679 2704 846 2810 precepit
862 2705 896 2780 ei
914 2704 1019 2811 quod
1029 2723 1180 2811 spueret
1195 2733 1307 2810 super
1316 2704 1517 2810 qnamdam
1531 2731 1609 2779 cru-

189 2857 269 2912 cem
282 2835 454 2944 ligneam,
473 2851 515 2910 ut
532 2834 604 2911 sibi
621 2833 780 2925 videtur,
797 2863 867 2911 nec
877 2836 1096 2912 recordatur
1110 2836 1140 2912 si
1159 2852 1238 2912 erat
1252 2835 1304 2912 ibi
1321 2835 1446 2938 aliqua
1460 2862 1605 2939 ymago,

187 2964 338 3043 allatam
349 2994 417 3072 per
433 2965 576 3042 dictum
587 2965 824 3044 Clementem
838 2965 885 3041 de
896 2964 1000 3073 juxta
1021 2966 1153 3056 altare;
1174 2983 1211 3043 et
1231 2994 1318 3042 cum
1339 2965 1418 3070 ipse
1428 2964 1535 3039 testis
1549 2990 1608 3039 re-

189 3098 351 3186 sisteret,
375 3097 497 3174 dictus
517 3113 689 3202 receptor
708 3096 802 3172 dixit
817 3097 851 3172 ei
872 3097 977 3202 quod
997 3098 1070 3175 hoc
1085 3096 1284 3204 oportebat
1304 3124 1391 3172 eum
1412 3093 1549 3184 lacere,
1572 3110 1608 3168 et

188 3246 279 3306 tunc
298 3230 377 3334 ipse
397 3227 503 3305 testie
518 3227 619 3333 spuit
632 3227 737 3333 juxta
752 3254 951 3333 nonsupra
967 3228 1104 3305 dictam
1122 3255 1284 3305 crucem.
1303 3227 1410 3312 Item,
1431 3225 1524 3300 dixit
1537 3222 1607 3299 sibi

189 3360 311 3437 dictus
325 3376 496 3465 receptor
510 3360 631 3464 quod,
649 3359 679 3434 si
694 3375 909 3436 moveretur
921 3357 1044 3436 calore
1059 3358 1236 3446 naturali,
1253 3374 1399 3464 poterat
1413 3354 1609 3432 carnaliter

190 3489 422 3568 commisceri
444 3518 529 3566 cum
549 3487 725 3566 fratribus
744 3489 888 3566 ordinis
917 3507 953 3565 et
977 3490 1047 3596 ipsi
1072 3506 1245 3596 poterant
1264 3516 1351 3565 cum
1376 3514 1437 3577 eo,
1465 3502 1503 3562 et
1529 3485 1606 3591 ipse

190 3619 352 3699 debebat
377 3623 450 3698 hoc
474 3620 549 3726 pati
575 3619 783 3697 secundum
808 3615 945 3725 puncta
970 3620 1130 3709 ordinis3
1159 3619 1238 3725 ipse
1262 3635 1389 3694 tamen
1412 3643 1606 3721 nunquam

191 3749 263 3826 boc
285 3749 374 3827 lecit
398 3777 467 3826 nec
486 3749 559 3828 fuit
577 3749 795 3855 requisitus,
819 3777 889 3826 nec
909 3750 1029 3827 credit
1052 3750 1158 3856 quod
1176 3748 1307 3826 fratres
1327 3746 1444 3852 ipsius
1464 3745 1607 3821 ordinis

189 3878 288 3957 illud
297 3899 492 3987 peccatum
505 3881 797 3959 committerent.
812 3881 919 3968 ltem,
933 3879 1102 3986 precepit
1116 3879 1151 3956 ei
1164 3874 1507 3985 quodoscularetur
1519 3898 1606 3946 eum

188 4010 228 4086 in
250 4010 449 4102 umbilico,
471 4027 510 4088 et
523 4010 653 4088 >dictus
668 4009 791 4097 testis,
815 4009 957 4087 elevato
979 4005 1246 4115 supertunicali
1266 4005 1383 4111 ipsius
1407 4003 1608 4106 receptoris

188 4168 255 4245 per
272 4141 398 4246 ipsum
420 4159 669 4248 receptorem,
692 4139 765 4216 suit
788 4168 875 4215 eum
899 4137 1087 4215 osculatus
1110 4163 1228 4242 prope
1247 4132 1471 4210 umbilicum
1498 4160 1608 4238 supra

187 4269 366 4347 tunicam.
388 4269 469 4346 Alia
489 4269 618 4345 illicita
638 4297 714 4344 non
735 4270 1017 4344 intervenerunt
1036 4268 1074 4341 in
1096 4266 1195 4342 dicta
1214 4264 1434 4370 recepcione
1455 4291 1520 4340 sua
1539 4290 1609 4339 nec

171 4416 287 4506 -post,
318 4398 475 4475 credens
500 4398 604 4503 quod
628 4398 760 4473 eadem
787 4395 1057 4473 intervenirent
1081 4396 1120 4472 in
1145 4393 1431 4500 recepcionibus
1450 4392 1609 4469 aliorum

187 4529 244 4608 vel
264 4547 350 4636 post
369 4548 407 4606 et
426 4528 664 4607 uniformiter
682 4528 824 4633 ubique
842 4527 1111 4637 reciperentur.
1132 4528 1243 4615 ltem,
1265 4525 1386 4604 credit
1400 4550 1439 4600 se
1456 4522 1608 4600 credere

188 4662 291 4770 quod
316 4659 447 4737 fratres
472 4638 700 4737 ordinis'alii
725 4658 822 4736 bene
848 4658 1046 4735 crederent
1070 4656 1325 4770 ecclesiasticis
1349 4654 1606 4742 sacramentis,

189 4809 227 4870 et
245 4792 351 4899 quod
370 4792 447 4897 ipse
467 4790 679 4868 celebrabat
698 4791 736 4865 in
758 4789 890 4873 ordine
911 4789 1120 4871 secundum
1142 4788 1300 4869 sormam
1316 4786 1499 4873 Ecclesie,
1530 4813 1610 4863 cre·

275 4927 384 4991 rnoolss
400 4949 453 4990 nus
467 4948 642 4997 rennuens.
656 4963 698 4974 -
710 4948 742 4987 rr.
1459 4923 1480 4986 8
