4230 5956
392 1150 435 1225 lu
455 1147 594 1225 Christi
617 1145 790 1233 nornine,
812 1170 932 1220 amen.
949 1143 1077 1218 Pateat
1091 1139 1288 1227 universis,
1305 1166 1373 1246 per
1387 1138 1459 1215 boc
1473 1165 1628 1242 presens
1638 1135 1759 1242 publi-

339 1305 427 1356 cum
447 1280 760 1364 instrumentum,
781 1273 886 1381 quod
902 1300 1001 1353 anno
1020 1270 1174 1349 Domini
1194 1267 1396 1348 millesimo
1415 1268 1683 1375 ccc⁰septimo,
1700 1267 1757 1348 in·

338 1408 488 1486 dicione
516 1424 633 1496 sexta,
659 1403 900 1512 pontificatus
922 1401 1144 1482 sanctissimi
1168 1401 1282 1508 patris
1309 1417 1347 1478 et
1368 1400 1512 1503 domini
1532 1397 1756 1488 Clementis,

336 1536 459 1613 divina
479 1536 716 1643 providencia
736 1564 830 1642 pape
846 1534 988 1642 quinti,
1011 1560 1109 1611 anno
1128 1531 1313 1625 secundo,
1333 1531 1395 1608 die
1415 1545 1489 1609 xix·
1506 1528 1697 1617 Octobris,
1717 1528 1759 1607 in

334 1665 500 1775 religiosi
517 1683 555 1743 et
568 1666 718 1746 honesti
737 1666 805 1743 viri
825 1665 949 1744 fratris
965 1663 1165 1744 Guillermi
1190 1663 1237 1740 de
1262 1662 1442 1750 Parisios,
1465 1661 1609 1739 ordinis
1628 1660 1758 1737 Prodi-

335 1815 523 1886 catorum,
538 1795 769 1903 inquisitoris
785 1797 950 1875 heretice
963 1795 1152 1902 pravitatis
1164 1795 1203 1872 in
1220 1820 1338 1901 regno
1353 1793 1524 1882 Francie‚
1540 1791 1758 1897 auctoritato

335 1928 538 2033 apostolica
556 1929 725 2032 deputati
741 1929 782 2003 in
793 1927 908 2004 domo
923 1925 1064 2004 milicie
1077 1923 1228 2029 Templi
1247 1924 1425 2009 Parisios,
1440 1950 1510 2026 pro
1530 1922 1757 2028 inquirendo

336 2075 463 2135 contra
475 2057 655 2164 quasdam
676 2083 853 2161 personas
870 2055 996 2133 eidem
1016 2054 1156 2132 delatas
1171 2080 1285 2160 super
1304 2052 1404 2129 dieto
1420 2052 1578 2129 crimine
1597 2052 1758 2129 existen·

335 2189 400 2274 tis,
412 2202 451 2263 et
465 2187 504 2262 in
520 2200 692 2263 nostrum
707 2184 942 2262 notariorum
955 2167 1201 2288 publicorum
1217 2199 1256 2259 et
1268 2180 1426 2260 testium
1436 2177 1759 2288 infrascriptarum

336 2316 527 2422 presencia
554 2313 801 2419 personaliter
820 2313 1043 2392 constitutus
1067 2313 1181 2391 frater
1203 2313 1391 2393 lohannes
1410 2313 1466 2389 de·
1480 2314 1508 2388 F
1510 2311 1674 2418 ouilleyo
1686 2343 1758 2393 -or-

336 2447 435 2527 dinis
448 2446 589 2524 milicie
599 2443 748 2551 Templi
763 2445 968 2552 presbyter,
977 2444 1130 2551 ,juratus
1144 2443 1191 2520 ad
1203 2460 1328 2521 sancta
1337 2443 1408 2523 Dei
1422 2443 1620 2550 Evangelia
1633 2445 1758 2523 eidem

335 2578 523 2683 preposita
543 2592 582 2655 et
600 2577 651 2654 ab
667 2603 713 2653 eo
732 2591 828 2658 uota
848 2574 973 2653 dicere
993 2575 1033 2651 in
1052 2602 1163 2653 causa
1180 2574 1287 2663 fidei,
1303 2574 1354 2652 de
1372 2602 1413 2651 se
1433 2590 1471 2651 et
1485 2573 1567 2652 aliis
1585 2578 1758 2680 personis

338 2708 509 2813 ejusdem
526 2706 687 2795 ordinis,
708 2704 873 2812 plenam,
900 2732 1033 2811 puram
1054 2722 1093 2782 et
1112 2705 1295 2809 integram
1315 2704 1525 2792 veritatem;
1547 2723 1585 2780 ct
1598 2706 1758 2784 interro-

336 2852 443 2943 gatus
458 2835 505 2912 de
517 2833 934 2940 temporerecepcionis
948 2860 1015 2913 sue
1031 2849 1067 2909 et
1082 2832 1200 2912 modo
1215 2832 1401 2939 ejusdem,
1424 2833 1516 2911 dixit
1528 2834 1630 2911 idem
1643 2834 1758 2913 frater

337 2967 546 3054 lohannes,
578 2977 712 3071 sponte
743 2979 781 3040 et
813 2964 895 3041 siue
926 2962 1136 3052 coactione,
1167 2980 1211 3040 ut
1240 2961 1389 3040 dicebat
1411 2992 1480 3069 per
1497 2963 1756 3069 juramentum

336 3123 468 3187 snum,
484 3094 590 3201 quod
607 3094 669 3171 die
685 3096 792 3172 Lune
812 3110 897 3172 ante
917 3094 1056 3171 instans
1074 3092 1356 3199 Carniprerium
1368 3092 1427 3168 vel
1441 3093 1537 3170 circa
1552 3112 1664 3173 eruut
1681 3110 1758 3173 tres

336 3225 423 3302 anni
450 3224 555 3331 quod
578 3224 651 3302 fuit
677 3243 865 3330 receptus,
888 3224 928 3301 in
944 3223 1114 3330 predicta
1132 3223 1246 3303 domo
1262 3223 1440 3312 Parisius,
1462 3224 1502 3300 in
1521 3223 1655 3303 ordine
1663 3254 1758 3331 pre

337 3355 452 3444 dicto,
472 3382 541 3460 per
558 3353 711 3432 fratrem
725 3355 954 3445 Johannem,
971 3371 1063 3432 tunc
1076 3354 1351 3433 thesaurarium
1363 3354 1511 3462 Templi
1522 3355 1755 3445 Parisiensis‚

335 3484 573 3590 presentibus
592 3483 704 3563 fratre
729 3485 901 3563 Johanue
926 3484 973 3562 de
993 3487 1091 3565 Tere
1116 3502 1154 3564 et
1181 3485 1263 3564 aliis
1285 3485 1333 3563 de
1354 3514 1518 3592 quornm
1539 3486 1758 3565 nominibus

336 3640 412 3692 non
429 3614 572 3693 recolit.
594 3616 670 3709 Qui
684 3615 939 3695 thesaurarius
959 3645 1048 3693 eum
1064 3616 1264 3723 recipiens,
1280 3615 1520 3721 presentibus
1538 3616 1619 3695 aliis
1636 3616 1758 3693 fratri·

334 3745 423 3835 bus,
445 3745 534 3823 lecit
552 3745 778 3852 promictere
794 3745 934 3825 multas
945 3746 1200 3831 observancias
1213 3745 1356 3824 ordinis
1369 3762 1408 3824 et
1416 3748 1545 3855 jurare
1556 3765 1705 3835 tenere,
1720 3764 1758 3825 et

336 3903 479 3955 servare
493 3893 630 3955 statuta
639 3893 676 3954 et
684 3871 828 3955 secreta
840 3876 985 3955 ordinis
1000 3893 1037 3957 ct
1050 3877 1231 3957 nonnulla
1246 3876 1402 3983 aliaque
1418 3876 1457 3953 in
1468 3875 1666 3955 ordinibus
1674 3876 1757 3955 fieri

337 4005 610 4112 consue[verunt
627 4022 662 4085 et
673 4005 887 4113 speer]aliter
900 4007 1006 4114 quod
1021 4007 1068 4087 de
1089 4007 1191 4086 dicto
1205 4006 1340 4087 ordine
1350 4035 1394 4085 ex
1406 4008 1546 4086 tunc‘in
1561 4023 1757 4087 antennor
1848 4064 1853 4074 .

337 4133 464 4212 exiret.
485 4136 532 4213 Et
551 4135 625 4214 hiis
644 4135 764 4226 factis,
788 4154 827 4215 et
845 4136 1027 4217 mantello
1046 4138 1120 4219 sihi
1139 4138 1189 4216 ad
1202 4137 1343 4215 collum
1356 4138 1497 4244 posito,
1513 4139 1667 4246 quidam
1687 4137 1759 4217 lm-

336 4281 396 4340 ter
408 4264 456 4342 de
469 4264 579 4370 cujus
598 4266 753 4344 nomine
768 4267 1018 4355 nonzrecolit,
1036 4267 1125 4374 quia
1144 4266 1176 4374 [.
1195 4327 1203 4343 .
1223 4266 1356 4373 .,.]ra,t,
1379 4267 1484 4346 duxit
1503 4270 1655 4349 eumad
1674 4297 1759 4378 par·

336 4411 431 4482 tem,
464 4393 639 4473 videlicet
660 4396 711 4487 ad
737 4397 939 4501 quamdam
968 4378 1147 4503 capellam
1178 4418 1294 4503 prope
1313 4397 1448 4477 locum
1472 4400 1511 4477 in
1536 4427 1614 4506 quo
1637 4398 1759 4485 fuerat

336 4541 524 4630 receptus,
550 4523 633 4603 aliis
650 4524 831 4603 iratribus
852 4526 1138 4610 remanentibus
1157 4528 1197 4605 in
1220 4525 1305 4608 loco
1330 4530 1577 4636 recepeionis,
1602 4546 1640 4617 st
1665 4528 1758 4609 dixit
1882 4603 1884 4607 .

336 4655 441 4760 quod
463 4655 661 4763 oportebat
679 4683 815 4766 negare
836 4657 971 4736 Deum.
992 4658 1069 4754 Qui
1085 4676 1257 4767 receptus
1277 4659 1370 4737 dixit
1390 4659 1494 4769 quod
1513 4659 1626 4741 nullo
1641 4661 1756 4747 modo

335 4784 409 4863 hoc
422 4782 578 4878 laceret,
593 4786 723 4873 dicens
738 4805 865 4867 umen
884 4789 989 4896 quod
1001 4788 1165 4871 libenter
1176 4792 1470 4899 negaretDenrn
1491 4819 1608 4900 quem
1622 4795 1755 4903 pagani
