4230 5956
526 477 548 546 a
919 448 1115 544 ruoots
1140 469 1235 543 nus
1261 468 1560 545 introimus.

523 631 763 743 presentibus
792 629 863 705 nisi
888 627 1065 707 fratribus
1093 628 1249 708 ordinis.
1280 629 1457 710 Cordulis
1486 629 1733 736 cingebantur
1755 661 1867 740 supra
1901 665 1954 712 ca-

525 764 667 854 misias,
684 792 776 871 quas
794 761 1026 869 recipiebant
1040 762 1144 840 unde
1159 762 1346 840 volebant.
1368 762 1583 870 lnjunctum
1604 762 1729 841 fuitei
1750 766 1855 873 quod
1875 796 1953 845 non

525 897 706 975 revelaret
725 912 865 973 secreta
881 893 1149 1001 capitulorum,
1174 923 1249 971 non
1266 894 1361 971 sacta
1376 894 1448 971 alia
1468 896 1665 974 moncione
1687 897 1734 974 de
1757 899 1873 975 modo
1894 929 1953 977 re-

527 1027 732 1136 cepcionis;
752 1056 830 1106 non
847 1043 975 1103 tamen
985 1025 1136 1133 juravit.
1159 1026 1198 1104 Si
1216 1043 1322 1103 erant
1343 1026 1458 1135 aliqui
1477 1027 1544 1135 qui
1566 1045 1729 1106 secretos
1748 1056 1893 1108 errores
1913 1032 1952 1108 in

527 1161 659 1239 ordine
670 1161 818 1250 scirent,
831 1157 1063 1268 negligentes
1077 1156 1234 1235 fuerunt
1249 1159 1337 1266 quia
1353 1188 1431 1237 non
1442 1160 1764 1238 denunciaverunt
1774 1161 1948 1240 Ecclesia.

526 1292 759 1369 Elemosinas
783 1309 821 1368 et
847 1288 1139 1397 hospitalitatem
1165 1288 1259 1368 vidit
1282 1291 1551 1369 convenienter
1577 1292 1659 1368 fieri
1687 1309 1725 1368 et
1752 1294 1887 1371 servari
1910 1294 1949 1370 in

528 1423 706 1501 domibus
723 1421 866 1501 ordinis
891 1422 930 1497 in
955 1422 1093 1527 quibus
1115 1420 1187 1498 suit
1209 1440 1457 1499 conversatus.
1479 1423 1566 1500 Fuit
1591 1422 1661 1500 sibi
1683 1422 1827 1500 dictum
1846 1423 1951 1532 quod

528 1573 746 1661 procuraret
762 1554 964 1631 utilitatem
983 1553 1128 1630 ordinis
1142 1555 1263 1662 juste,
1280 1583 1357 1632 non
1375 1571 1502 1631 tamen
1520 1553 1594 1631 fuit
1612 1554 1754 1631 dictum
1770 1556 1874 1663 quod
1895 1557 1952 1631 in-

523 1690 638 1795 juste.
657 1686 788 1765 Credit
805 1686 910 1792 quod
926 1702 1029 1762 totus
1050 1685 1146 1762 ordo
1166 1704 1348 1764 servasset
1362 1686 1460 1764 illud
1477 1687 1579 1794 quod
1598 1715 1755 1794 maguus
1776 1687 1952 1795 Magister

529 1848 616 1897 cum
639 1836 824 1897 conventu
843 1817 1043 1894 statuisset.
1057 1816 1222 1895 Grandia
1241 1818 1431 1911 scaudala,
1453 1817 1615 1924 suspicio
1635 1833 1672 1896 et
1692 1817 1844 1895 infamia
1865 1838 1951 1896 sunt

528 1969 652 2028 exorta
672 1979 775 2026 nunc
791 1965 919 2026 contra
940 1947 1125 2025 ordinem.
1180 2010 1184 2015 .

583 2080 800 2188 Requisitus
816 2079 913 2157 sisic
930 2079 1155 2187 deposuerat
1171 2110 1300 2187 prece,
1321 2097 1515 2187 precepto,
1530 2081 1683 2173 timore,
1703 2110 1847 2174 amore,
1861 2082 1950 2160 odio

527 2212 589 2288 vel·
600 2210 800 2318 temporali
819 2210 980 2288 comodo
1003 2212 1133 2288 habito
1147 2212 1206 2289 vel
1220 2212 1411 2303 habendo,
1431 2211 1629 2318 respondit
1649 2212 1754 2319 quod
1774 2239 1867 2302 non,
1885 2211 1952 2288 sed

528 2371 597 2449 pro
621 2341 773 2421 veritate
798 2340 976 2429 dicenda3
1000 2341 1060 2418 cui
1086 2341 1158 2418 suit
1179 2342 1392 2450 injunctum
1421 2342 1529 2449 quod
1552 2368 1630 2433 nou
1652 2343 1833 2420 revelaret
1857 2345 1952 2419 hanc

528 2502 636 2550 suam
655 2471 939 2580 deposiciouem
960 2501 1162 2579 quousque
1183 2473 1444 2551 attestaciones
1458 2471 1601 2551 suerint
1620 2473 1822 2580 publicate.

585 2604 921 2682 Actaluerunthec
932 2603 992 2679 die
1010 2621 1048 2680 ot
1059 2604 1142 2682 loco
1153 2604 1599 2712 predictis,presontibus
1609 2605 1786 2713 magistro
1795 2604 1949 2695 Amisio,

529 2763 590 2813 me
606 2737 862 2815 Floriamonte
877 2734 1097 2826 Dondedei‚
1121 2754 1158 2812 et
1177 2734 1259 2814 aliis
1274 2736 1430 2815 notariis
1451 2766 1562 2843 supra
1579 2736 1715 2813 ultimo
1736 2736 1950 2813 nominatis.

584 3002 673 3077 Post
685 3000 767 3090 hec,
784 2998 845 3075 die
861 3000 967 3075 Lune
984 2999 1168 3104 sequenti,
1186 3025 1262 3105 que
1279 2997 1351 3075 suit
1368 3024 1431 3078 vm
1449 2997 1530 3074 dies
1546 2996 1637 3074 dicti
1651 2996 1791 3074 mensis
1811 2995 1950 3083 Marcii,

528 3129 684 3208 suerunt
716 3130 869 3208 adducti
898 3158 967 3236 pro
998 3128 1158 3206 testibus
1200 3128 1247 3206 ad
1278 3128 1510 3234 presenciam
1543 3154 1677 3204 eorum
1709 3128 1951 3205 dominorum

529 3262 883 3348 commissariorum,
902 3260 941 3335 in
963 3260 1078 3337 domo
1099 3260 1267 3367 predicta
1288 3257 1446 3335 fratrum
1467 3257 1671 3346 Minorum,
1694 3256 1825 3336 fratres
1845 3258 1953 3338 Guil-

528 3393 666 3470 lelmus
681 3392 727 3469 do
738 3393 902 3500 Torrage
917 3390 1026 3468 miles
1037 3390 1292 3479 Carnotensis‚
1303 3388 1533 3470 Guillelmus
1545 3388 1620 3466 deu
1634 3390 1746 3498 Liege
1756 3408 1954 3498 preceptor

529 3524 577 3602 de
593 3524 768 3631 Rupella,
788 3525 828 3600 P.
844 3522 1057 3600 Theobaldi
1071 3540 1271 3630 preceptor
1283 3520 1330 3599 de
1346 3521 1475 3599 Castro
1491 3521 1671 3598 Bernardi
1685 3521 1951 3611 Xantoneusis,
2052 3532 2055 3537 ⁴

529 3674 566 3733 et
594 3656 718 3733 Helias
750 3653 942 3764 Raynaudi
972 3653 1302 3760 Petragoricensis,
1333 3669 1531 3759 preceptor
1559 3652 1697 3731 domus
1728 3654 1879 3759 Templi
1907 3656 1952 3730 de

527 3789 687 3895 Dongno
709 3787 868 3864 diocesis
884 3785 1150 3875 Xantoneusis,
1173 3784 1404 3865 Guillelmus
1423 3783 1554 3861 Terice
1575 3785 1885 3875 Cenomanensis,
1917 3803 1954 3861 et

526 3919 693 3996 Thomas
714 3918 760 3994 de
785 3919 998 4025 Panpalona
1022 3934 1220 4024 preceptor
1243 3916 1381 3993 domus
1401 3915 1573 3992 d‘Averin
1595 3916 1633 3991 in
1659 3917 1838 3993 Navernia
1858 3917 1953 3992 Pau-

526 4050 756 4156 poloneusis,
780 4068 817 4129 et
833 4050 970 4127 domus
991 4050 1039 4126 de
1062 4048 1156 4126 Riba
1172 4048 1318 4125 Forada
1343 4047 1660 4125 Therasconensis
1680 4047 1850 4125 diocesis.
1876 4047 1952 4140 Qui

526 4183 632 4260 tactis
644 4182 885 4263 sacrosanctis
897 4180 1336 4291 Evangeliisjuraverunt
1351 4178 1475 4257 dicere
1491 4179 1530 4255 in
1544 4177 1617 4257 isto
1629 4176 1786 4287 negocio
1801 4176 1952 4284 plenam

528 4328 565 4389 et
582 4340 724 4390 meram
745 4311 952 4402 veritatem,
977 4313 1188 4407 secundum
1209 4313 1369 4392 sormam
1383 4311 1591 4421 juramenti
1612 4308 1773 4388 aliorum
1799 4307 1953 4386 testium

527 4444 699 4549 superius
713 4443 962 4552 registratam,
979 4445 1184 4549 expositam
1207 4464 1244 4520 et
1257 4442 1520 4550 vulgaritatem
1540 4426 1696 4519 eisdem.

585 4705 671 4798 Quo
696 4703 810 4796 lacto,
836 4704 959 4781 dictus
978 4701 1091 4780 frater
1106 4701 1334 4781 Guillelmus
1356 4704 1403 4780 de
1422 4702 1538 4810 Liege
1556 4701 1738 4790 serviens,
1756 4718 1954 4808 preceptor

528 4836 575 4913 de
590 4836 749 4943 Rupella
766 4836 1016 4914 Xantoneusis
1031 4834 1207 4929 diocesis,
1224 4834 1330 4912 testis
1349 4863 1461 4942 supra
1474 4834 1634 4943 juratus,
1652 4832 1876 4911 mantellum
1894 4861 1955 4910 or-
