4230 5956
461 489 507 562 52
845 469 1040 560 rnocts
1068 489 1161 560 ons
1187 488 1488 563 renelmus.

344 682 347 691 ·
457 673 517 723 sos
536 644 649 722 luisse
670 661 798 720 contra
818 643 1007 733 ordinem,
1033 645 1081 721 ad
1100 647 1207 753 cujus
1228 646 1499 723 deffensionem
1517 676 1554 724 se
1576 677 1652 724 non
1678 651 1872 729 obtulerat.

514 773 728 878 Requisitus
757 774 786 850 si
813 774 865 851 sic
887 773 1112 880 deposuerat
1148 804 1275 882 prece,
1304 793 1497 883 precepto,
1538 778 1689 869 timore,
1729 809 1871 870 amore,

458 903 558 992 odio,
575 902 633 979 vel
642 904 840 1010 temporali
856 904 1018 982 comodo
1034 904 1163 981 habito
1180 906 1237 983 vel
1248 906 1440 996 habendo,
1459 909 1653 1014 respondit
1665 912 1769 1017 quod
1783 940 1871 1000 non,

457 1034 521 1109 sed
551 1060 620 1138 pro
650 1035 801 1111 veritate
828 1034 1003 1123 dicenda;
1037 1035 1096 1111 cui
1130 1035 1202 1113 luit
1222 1037 1431 1142 injunctum
1455 1039 1557 1144 quod
1588 1069 1664 1116 non
1696 1041 1875 1117 revelaret

457 1165 551 1240 hanc
569 1191 673 1240 suam
695 1165 995 1269 deposicionem,
1013 1192 1211 1272 quousque
1237 1166 1495 1244 attestaciones
1513 1168 1652 1245 luerint
1672 1169 1870 1275 publicate.

513 1430 641 1503 Frater
670 1427 855 1503 Robertus
890 1427 935 1502 de
964 1422 1179 1503 Correnflos
1212 1427 1415 1530 presbiter,
1450 1447 1598 1508 curatus
1632 1432 1784 1508 ecclesie
1824 1435 1870 1509 de

457 1557 590 1645 Bralli,
612 1558 840 1636 Bertrandus
860 1556 908 1632 de
929 1555 1150 1640 Somerens,
1168 1556 1357 1633 lohannes
1376 1560 1548 1635 Bocherii
1566 1561 1612 1635 de
1634 1560 1775 1638 Grandi
1793 1564 1871 1640 Vil-

454 1687 534 1763 larii
564 1687 843 1775 Ambianensi's,
881 1685 999 1762 Adam
1028 1683 1075 1758 de
1108 1681 1258 1760 luserno
1289 1686 1560 1779 Noviomensis,
1595 1689 1789 1796 Philippus
1823 1695 1868 1768 de

455 1820 598 1909 Manin,
613 1818 800 1897 Robertus
821 1817 868 1892 de
882 1813 1083 1892 Rambeval
1099 1812 1338 1904 Morinensis,
1355 1816 1550 1924 Philippus
1565 1818 1612 1894 de
1632 1821 1866 1911 Lavercines,
1894 1821 1899 1834 ’

455 1948 638 2025 Martinus
654 1948 701 2024 de
717 1945 921 2023 Marselhes'
932 2004 940 2032 ,
964 1944 1153 2021 lohannes
1172 1943 1312 2051 Peynet
1331 1945 1516 2051 presbiter
1532 1947 1777 2039 Belvacensis,
1799 1952 1867 2027 Pe-

453 2095 533 2153 trus
563 2079 609 2153 de
638 2077 747 2154 Siven
780 2075 983 2183 presbiter,
1013 2072 1231 2159 bisuntine,
1271 2073 1456 2152 Geraldus
1494 2079 1634 2154 Judieis
1672 2099 1868 2185 preceptor

454 2207 591 2283 domus
603 2205 751 2310 Templi
769 2203 1035 2289 Narmatensis‚
1049 2202 1234 2280 Martinus
1249 2202 1296 2279 de
1312 2205 1440 2281 Monte
1456 2208 1651 2284 Trichardi
1670 2227 1866 2316 preceptor

453 2337 589 2413 domus
608 2334 755 2441 Templi
778 2335 824 2412 de
841 2333 941 2412 Malo
963 2335 1108 2420 Leone,
1128 2332 1318 2410 lohannes
1333 2335 1501 2413 Durandi
1520 2356 1715 2443 preceptor
1730 2339 1865 2417 domus

453 2466 602 2571 Templi
622 2466 668 2541 de
689 2464 867 2555 Gandria,
888 2464 1076 2542 lohannes
1097 2462 1144 2538 de
1170 2463 1289 2538 Raans
1312 2483 1509 2570 preceptor
1530 2467 1678 2572 Templi
1701 2469 1748 2543 de
1767 2470 1865 2545 Lan-

452 2594 675 2680 deblancha,
709 2592 994 2670 Bartholomeus
1020 2593 1067 2669 de
1093 2591 1212 2667 Podio
1238 2591 1379 2669 Revelli
1403 2593 1640 2686 Pictavensis,
1665 2597 1796 2673 Petrus
1817 2599 1863 2674 de

453 2727 587 2802 Sancto
614 2723 817 2801 Benedicto
843 2721 1135 2808 Aurelianensis,
1158 2721 1290 2799 Petrus
1307 2721 1355 2798 de
1378 2723 1505 2801 Monte
1526 2722 1692 2800 Clralveti
1712 2727 1864 2832 Lugdu-

451 2857 591 2942 nensis,
614 2855 780 2932 Andreas
804 2854 851 2930 de
875 2853 1004 2930 Monte
1026 2852 1209 2941 Laudato,
1233 2869 1269 2928 et
1295 2853 1517 2960 Raynaudus
1542 2855 1716 2930 Larchier
1740 2858 1863 2933 Turo-

451 2985 576 3060 nensis
590 2983 833 3070 diocessium,
851 2982 1002 3058 adducti
1013 3009 1081 3087 pro
1095 2980 1255 3059 testibus
1272 2980 1320 3057 ad
1338 2982 1570 3087 presenciam
1590 2984 1776 3063 dictorum
1797 2987 1862 3063 do·

450 3114 641 3190 minorum
661 3112 1021 3201 commissariorum,
1042 3110 1221 3215 premissa
1239 3111 1511 3215 protestacione
1525 3113 1629 3218 quod
1648 3140 1723 3190 non
1742 3115 1862 3191 inten-

451 3243 546 3318 dunt
564 3243 737 3320 recedere
754 3271 773 3318 a
789 3239 1093 3348 deposicionibus
1112 3269 1179 3346 per
1194 3268 1258 3317 eos
1272 3239 1376 3318 lactis
1394 3269 1518 3319 coram
1544 3242 1742 3320 ordinariis
1761 3229 1857 3333 suis,

451 3375 533 3449 etsi
554 3373 639 3478 plus
654 3373 712 3449 vel
732 3373 857 3450 minus
877 3371 1060 3462 dicerent,
1079 3370 1184 3476 quod
1206 3371 1259 3448 eis
1277 3397 1353 3447 non
1373 3372 1599 3478 prejudicet,
1619 3372 1857 3478 juraverunt,

448 3502 553 3579 tactis
566 3502 803 3581 sacrosanctis
816 3500 1037 3606 Evangeliis,
1055 3500 1178 3579 dicere
1192 3501 1231 3575 in
1248 3501 1319 3577 isto
1335 3501 1491 3608 negocio
1507 3501 1657 3607 plenam
1671 3521 1708 3578 et
1719 3531 1859 3579 meram

448 3632 656 3721 veritatem,
688 3632 894 3711 secundum
919 3631 1076 3710 lormam
1092 3631 1296 3738 juramenti
1326 3629 1484 3707 aliorum
1514 3633 1665 3708 testium
1691 3635 1859 3739 superius

448 3763 693 3868 registratam,
718 3764 916 3868 expositam
935 3778 972 3839 et
988 3761 1248 3869 vulgarizatam
1269 3759 1422 3836 eisdem.
1547 3783 1554 3864 j

505 3892 593 3968 Acta
614 3891 767 3976 luerunt
789 3891 858 3967 hec
879 3891 986 3968 dictis
1006 3890 1068 3967 die
1089 3905 1126 3965 et
1145 3890 1244 3978 loco,
1267 3888 1504 3994 presentibus
1523 3916 1583 3963 me
1605 3888 1858 3968 Floriamonte

448 4020 667 4110 Dondedei,
686 4038 723 4097 et
742 4019 823 4096 aliis
843 4020 995 4097 notariis
1016 4018 1150 4096 ultimo
1166 4016 1380 4094 nominatis.
1399 4016 1529 4094 Dictus
1545 4017 1660 4092 eciam
1686 4018 1859 4122 magister

448 4146 611 4224 Amisius
629 4148 798 4225 interfuit
827 4148 1035 4254 recepcioni
1057 4146 1262 4255 juramenti
1287 4146 1441 4223 testium
1467 4145 1721 4250 predictorum
1744 4146 1856 4222 hodie

447 4279 728 4383 productorum.

502 4537 590 4614 Post
622 4539 710 4626 hec,
750 4539 809 4615 die
837 4537 964 4615 Martis
989 4537 1179 4644 sequenti,
1200 4566 1276 4645 que
1304 4535 1374 4614 luit
1398 4561 1456 4613 xvt
1491 4535 1571 4612 dies
1600 4535 1687 4611 dicti
1716 4537 1854 4612 mensis

446 4666 590 4751 Marcii,
611 4666 683 4742 fuit
702 4666 886 4745 adductus
912 4666 958 4742 ad
985 4667 1214 4772 presenciam
1238 4666 1426 4743 dictorum
1451 4665 1853 4770 dominorum'episco-

445 4820 580 4898 porum
597 4795 826 4874 Mimatensis
846 4812 884 4872 et
897 4797 1185 4884 Lemovicensis,
1204 4815 1240 4872 et
1253 4795 1503 4872 archidiaconi
1517 4795 1750 4886 Tridentini,
1772 4793 1853 4870 aliis
