4230 5956
723 448 1038 541 processus
1064 464 1365 540 reuertens.
1678 475 1751 545 ssi

338 637 404 686 sue
423 607 666 711 recepcionis,
689 607 780 682 dixit
805 635 874 712 per
892 608 1146 715 juramentum
1172 636 1282 684 suum
1302 607 1404 713 quod
1424 606 1495 684 fuit
1515 627 1688 714 receptus
1712 613 1751 687 in

338 741 453 816 domo
466 736 680 814 dePruuaio
695 737 855 815 diocesis
862 737 1117 828 Carnotensis,
1129 739 1167 813 in
1181 736 1329 814 instanti
1342 737 1633 843 Quadragesima
1643 761 1754 818 erunt

335 867 464 975 viginti
483 883 560 945 tres
575 868 682 956 anni,
707 896 775 974 per
792 866 924 945 fratem
944 868 1145 975 Symonem
1167 868 1214 944 de
1236 867 1373 961 Quinci
1400 884 1655 973 preceptorem
1675 869 1755 947 hal-

335 999 420 1075 livie
439 997 487 1074 de
506 997 683 1088 Prunaio,
710 999 949 1103 presentibus
971 997 1083 1075 fratre
1109 997 1259 1076 Galtero
1285 999 1333 1075 de
1356 998 1425 1074 Ete
1454 1014 1607 1075 tenente
1628 997 1755 1076 locum

337 1127 503 1235 Magistri
523 1127 693 1216 Francie,
717 1145 755 1203 et
774 1128 885 1205 fratre
907 1127 1113 1234 Reginaldo
1134 1126 1373 1235 d'Argevilie,
1392 1127 1458 1232 qui
1477 1125 1549 1202 suit
1568 1126 1756 1204 cubicula-

336 1259 415 1334 rius
434 1286 529 1362 pape
544 1257 600 1333 vel
609 1257 801 1346 ostiarius,
820 1275 857 1334 ct
869 1258 1098 1364 quibusdam
1110 1256 1191 1333 aliis
1210 1257 1256 1332 de
1272 1283 1434 1361 quorum
1448 1256 1755 1334 nominibusnon

337 1387 565 1464 recordatur.
581 1388 682 1464 Dixit
695 1389 810 1464 eciam
820 1415 889 1492 per
894 1388 1149 1494 juramentum
1163 1414 1273 1463 suum
1289 1387 1409 1491 quod,
1421 1403 1506 1491 post
1520 1385 1655 1463 multas
1669 1416 1754 1492 pro-

337 1518 534 1594 missiones
550 1517 597 1593 de
613 1517 763 1594 secretis
776 1534 814 1593 ct
829 1517 973 1593 statutis
987 1516 1077 1592 dicti
1094 1515 1236 1592 ordinis
1248 1515 1295 1590 ab
1310 1543 1356 1591 eo
1371 1513 1482 1592 factas
1496 1515 1750 1609 observandis,

336 1663 374 1721 et
391 1645 570 1722 mantello
591 1646 661 1722 sibi
682 1646 729 1722 ad
746 1645 886 1722 cottum
905 1646 1044 1749 positu,
1067 1645 1189 1720 dictus
1204 1644 1387 1749 recipiens
1403 1645 1609 1750 apportavit
1624 1674 1754 1750 quam-

335 1774 420 1850 dam
435 1802 585 1850 crucem
600 1776 639 1849 in
657 1803 729 1879 qua
748 1790 828 1851 erat
840 1802 974 1880 ymago
990 1773 1107 1850 Jhesu
1115 1772 1253 1852 Christi
1270 1772 1433 1877 depicta,
1447 1787 1486 1848 et
1500 1773 1667 1877 precepit
1680 1775 1750 1849 sibi

333 1903 603 2007 quothesum
623 1901 817 1980 Christum
833 1902 1048 2009 abnegaret,
1068 1919 1107 1978 et
1125 1900 1228 2005 quod
1240 1917 1390 2005 spueret
1402 1928 1515 2004 supra
1530 1929 1697 1988 crucem,
1714 1922 1752 1979 et
1820 1928 1825 1937 ·

334 2059 420 2107 cum
442 2059 519 2107 non
538 2030 652 2107 vellet
663 2018 800 2118 iacere,
822 2030 954 2107 fratres
971 2030 1183 2107 assistentes
1201 2028 1373 2105 dixerunt
1392 2027 1463 2106 sibi
1483 2031 1588 2136 quod
1602 2049 1751 2135 oporte·

332 2161 478 2238 bathoc
492 2159 629 2246 iacere,
647 2160 706 2236 vel
719 2177 924 2264 poneretur
935 2159 1129 2235 incarcere
1141 2175 1335 2263 perpetuo.
1352 2161 1399 2237 Et
1414 2174 1506 2235 tunc
1521 2188 1602 2247 ore,
1620 2177 1658 2236 et
1672 2189 1748 2239 non

332 2291 462 2378 corde,
491 2289 684 2396 abnegavit
703 2289 857 2366 Jhesum
879 2289 1089 2377 Christum,
1111 2305 1149 2366 et
1173 2287 1357 2365 simulavit
1380 2316 1514 2394 spuere
1535 2319 1646 2395 supra
1664 2319 1750 2368 cru-

332 2449 426 2497 cem.
443 2422 693 2526 lnterrogatus
706 2420 753 2496 de
767 2418 912 2509 osculo,
932 2417 1025 2495 dixit
1037 2443 1104 2523 per
1113 2419 1368 2524 juramentum
1383 2447 1494 2495 suum
1508 2420 1614 2526 quod
1625 2421 1748 2499 dictus

330 2550 511 2656 recipiens
529 2551 716 2627 osculatus
732 2550 804 2626 suit
817 2551 940 2656 ipsum
958 2550 997 2625 in
1012 2549 1192 2626 umbilico
1207 2566 1245 2626 et
1260 2549 1376 2627 inore
1392 2549 1527 2627 solum.
1543 2551 1748 2660 interroga-

329 2697 391 2757 tus
411 2681 458 2757 de
478 2680 614 2785 capite,
636 2680 729 2757 dixit
746 2708 814 2785 per
824 2680 1081 2786 juramentum
1100 2707 1209 2756 suum
1233 2679 1337 2784 quod
1357 2679 1436 2784 ipse
1455 2679 1548 2757 vidit
1572 2679 1669 2757 illud
1687 2680 1748 2757 bis

331 2810 489 2887 Parisius
509 2810 548 2885 in
568 2809 730 2915 capitulo
747 2811 884 2914 portari
903 2836 972 2915 per
990 2808 1141 2885 fratrem
1155 2808 1365 2885 Gerardum
1378 2808 1425 2885 de
1438 2806 1657 2897 Villaribus,
1679 2809 1747 2885 sed

329 2967 522 3043 nunquam
537 2941 661 3044 potuit
675 2940 877 3016 decernere
895 2939 988 3044 quid
1009 2954 1102 3025 erat,
1125 2938 1212 3043 quia
1230 2937 1382 3014 sedebat
1401 2937 1564 3043 alonge,
1584 2956 1746 3015 necerat

329 3068 457 3146 lumen
477 3070 517 3145 in
536 3069 716 3174 capitulo,
738 3069 842 3175 quod
856 3068 1054 3147 tenebatur
1072 3068 1177 3172 quasi
1195 3067 1319 3143 media
1335 3085 1461 3154 nocte,
1485 3067 1554 3145 nisi
1575 3095 1671 3143 unus
1684 3096 1745 3144 ce-

328 3226 415 3275 reus
444 3199 614 3275 modicus
634 3198 787 3285 ardens,
820 3216 858 3274 et
883 3213 1036 3302 propter
1059 3196 1132 3275 hoc
1157 3224 1235 3274 non
1259 3197 1383 3302 potuit
1405 3196 1502 3272 hene
1529 3197 1624 3273 scire
1652 3197 1747 3302 quid

329 3345 417 3403 erat.
439 3328 540 3404 Dixit
558 3345 682 3405 tamen
701 3327 805 3432 quod
821 3355 897 3403 non
917 3327 1036 3403 credit
1054 3326 1157 3432 quod
1180 3342 1276 3402 esset
1293 3325 1435 3402 bonum
1455 3325 1560 3432 quid.
1586 3327 1746 3402 Interro-

327 3475 432 3562 gatus
450 3475 577 3534 utrum
596 3457 706 3533 sciret
719 3455 825 3561 quod
839 3483 970 3533 omnes
989 3456 1245 3562 reciperentur
1260 3454 1449 3560 perillum
1464 3456 1638 3544 modum,
1653 3456 1746 3533 dixit

326 3587 430 3692 quod
451 3589 568 3665 nescit
591 3616 660 3692 pro
680 3604 798 3676 certo,
821 3587 908 3691 quia
926 3613 1115 3692 nunquam
1133 3585 1225 3661 vidit
1244 3583 1373 3662 fratres
1392 3585 1526 3689 recipi,
1543 3584 1609 3659 scd
1625 3584 1745 3659 credit

327 3717 432 3821 quod
450 3718 523 3803 sic;
547 3733 585 3793 et
608 3716 680 3792 hoc
709 3715 844 3802 credit,
865 3715 950 3820 quia
971 3741 1047 3790 non
1070 3713 1191 3789 credit
1213 3713 1316 3817 quod
1341 3711 1444 3789 aliud
1463 3710 1576 3787 suerit
1594 3709 1663 3787 sibi
1692 3711 1744 3787 sa-

327 3864 429 3922 ctum
441 3845 546 3951 quod
559 3845 624 3921 fiat
641 3845 734 3921 aliis.
756 3846 1003 3950 interrogatus
1017 3858 1144 3920 utrum
1158 3843 1210 3933 vi,
1226 3841 1285 3918 vel
1304 3860 1407 3919 metu
1420 3841 1573 3918 carceris
1586 3867 1656 3919 seu
1666 3857 1744 3917 tor-

327 3993 556 4063 mentorum,
573 3993 639 4053 aut
648 3974 718 4052 alia
728 3975 776 4051 de
791 4002 917 4063 causa,
932 3973 1091 4080 aliquam
1107 3972 1301 4050 salsitatem
1319 3972 1453 4049 dixerit
1462 3987 1526 4047 aut
1537 3970 1743 4047 immiscue-

328 4105 378 4180 rit
391 4106 430 4180 in
452 4105 695 4210 deposicione
715 4134 796 4195 sua,
818 4122 882 4182 aut
897 4103 1056 4182 tacuerit
1067 4103 1276 4192 veritatem,
1299 4102 1390 4179 dixit
1408 4129 1475 4207 per
1490 4102 1742 4209 juramentum

219 4315 222 4321 ,
327 4262 437 4310 suum
456 4233 565 4341 quod
578 4263 672 4322 non,
693 4263 765 4311 nec
785 4233 905 4340 aliqua
923 4233 1097 4311 violentia
1112 4232 1182 4309 sibi
1200 4232 1271 4307 fuit
1286 4230 1397 4322 facta,
1417 4230 1485 4308 sed
1502 4260 1634 4336 puram
1647 4229 1742 4307 veri-

327 4378 441 4440 tatem
457 4363 611 4442 dixerat.

382 4621 474 4697 Item
493 4620 607 4699 frater
621 4622 811 4698 Johannes
831 4621 879 4697 de
898 4620 1060 4700 Sirriaco
1078 4619 1284 4728 presbyter,
1307 4619 1413 4696 etatis
1429 4618 1557 4727 viginti
1580 4633 1666 4695 octo
1679 4643 1742 4693 uu·

325 4778 463 4830 uorum
488 4752 547 4830 vel
573 4753 684 4841 circa,
710 4752 856 4859 juratus
875 4751 1010 4831 eodem
1028 4750 1144 4830 modo
1163 4751 1213 4829 de
1235 4779 1275 4828 se
1294 4768 1333 4827 et
1356 4749 1439 4828 aliis
1457 4749 1497 4825 in
1522 4775 1629 4825 causa
1648 4744 1737 4825 fidei
