4230 5956
640 478 834 572 procas
862 496 958 571 nus
985 494 1282 569 ratramnus.
1623 499 1671 570 25

247 639 390 718 audivit
402 638 475 717 dici
492 655 577 716 ante
592 640 810 748 capcionem
826 668 972 718 eorum.
989 638 1092 717 Dixit
1108 641 1263 746 insuper
1279 667 1318 716 se
1332 636 1544 716 consessum
1560 639 1674 719 luisse

246 772 293 851 de
313 772 492 881 predictis
512 772 704 851 erroribus
718 774 758 848 in
772 772 975 851 crastinum
992 799 1058 849 sue
1078 771 1324 879 recepcionis,
1343 770 1444 876 apud
1458 769 1672 862 Belvacum,

245 904 396 981 cuidam
428 904 607 983 canonico
640 904 854 982 Belvacensi
888 902 1042 992 claud0,
1084 902 1191 1011 cujus
1225 929 1364 980 nomen
1398 918 1436 979 et
1464 930 1675 1010 cognomen

245 1037 408 1144 ignorat,
426 1036 695 1142 penitenciario
712 1036 857 1114 domini
876 1035 1040 1141 episcopi
1057 1034 1304 1125 Belvacensis,
1320 1034 1385 1140 qui
1397 1032 1555 1110 absolvit
1569 1062 1675 1111 eum,

246 1167 421 1274 imposita
435 1167 505 1245 sibi
525 1168 737 1275 penitencia
757 1167 863 1275 quod
878 1167 1069 1276 jejunaret
1083 1167 1120 1243 in
1141 1195 1238 1274 pane
1254 1184 1290 1243 et
1311 1195 1406 1273 aqua
1424 1164 1548 1243 tribus
1567 1165 1679 1244 sextis

245 1296 364 1384 feriis,
389 1315 427 1375 et
447 1299 553 1406 quod
572 1298 716 1408 legeret
735 1298 953 1406 psalterium
974 1324 1059 1378 xvru
1078 1297 1238 1387 vicibus,
1269 1316 1307 1375 et
1327 1297 1432 1405 quod
1452 1325 1530 1374 non
1551 1326 1679 1403 perse-

245 1444 390 1505 veraret
407 1429 560 1508 indicto
576 1459 720 1522 errore3
741 1459 856 1538 qnam
877 1428 1129 1536 penitenciam
1145 1429 1224 1535 ipse
1239 1428 1401 1538 peregit,
1424 1457 1676 1535 necunquam
1708 1469 1714 1479 ·

245 1560 413 1639 indicto
443 1589 570 1641 errore
595 1562 860 1670 perseveravit,
888 1579 932 1638 ut
959 1560 1063 1637 dixit.
1092 1562 1205 1649 Item,
1233 1560 1327 1638 dixit
1350 1561 1454 1668 quod
1475 1562 1555 1669 ipse
1578 1560 1677 1639 bene

246 1690 424 1768 credebat
452 1692 710 1770 ecclesiasticis
738 1690 998 1783 sacramentis,
1029 1707 1067 1766 et
1096 1690 1216 1768 credit
1245 1690 1349 1798 quod
1374 1689 1506 1769 lratres
1535 1692 1679 1770 ordinis

245 1821 343 1900 bene
365 1823 580 1913 crederent3
605 1840 644 1900 et
662 1822 742 1930 ipse
763 1819 978 1899 celebrabat
991 1820 1031 1895 in
1051 1821 1184 1898 ordine
1202 1823 1412 1899 secundum
1433 1820 1593 1900 formam
1609 1825 1679 1900 Ec-

246 1954 377 2044 clesie3
400 1971 438 2032 et
459 1954 580 2031 credit
599 1955 704 2061 quod
722 1952 785 2029 alii
803 1951 1002 2058 presbiteri
1026 1951 1169 2029 ordinis
1191 1951 1318 2028 debite
1338 1951 1588 2041 celebrarent3
1609 1981 1679 2030 nec

246 2084 319 2163 suit
347 2085 419 2162 sibi
446 2084 653 2161 inhibitum
675 2082 780 2191 quod
807 2082 1024 2160 obmitteret
1045 2081 1157 2158 verba
1176 2081 1339 2159 canonis.
1367 2082 1455 2160 Fuit
1474 2083 1508 2159 ei
1534 2083 1678 2161 dictum

248 2216 355 2322 quod
367 2215 491 2292 statim
504 2242 573 2322 pro
586 2213 755 2321 professo
768 2211 990 2291 habebatur.
1006 2212 1247 2290 Clandestine
1260 2212 1550 2317 recipiebantur,
1565 2215 1680 2293 nullis

247 2345 485 2455 presentibus
502 2346 573 2423 nisi
588 2343 767 2422 fratribus
783 2343 939 2422 ordinis.
959 2343 1125 2422 Cordula
1141 2371 1215 2450 qua
1235 2342 1314 2449 ipse
1335 2342 1556 2451 cingebatur
1568 2374 1679 2453 supra

247 2477 438 2555 camisiam
459 2507 545 2560 cum
559 2505 634 2585 qua
648 2474 798 2585 jacebat
816 2504 894 2554 non
913 2476 1088 2586 tetigerat
1107 2476 1226 2583 capita
1239 2475 1458 2584 ydolorum,
1476 2505 1546 2554 nec
1561 2479 1680 2556 credit

248 2610 354 2717 quod
375 2608 530 2687 cordule
552 2607 713 2686 aliorum
734 2623 950 2717 tangerent,
971 2636 1040 2686 nec
1062 2606 1169 2717 quod
1186 2606 1297 2716 ydola
1317 2606 1502 2687 baberent
1516 2609 1575 2691 vel
1595 2610 1681 2688 ado

249 2756 386 2819 rarent.
406 2738 558 2848 Absque
580 2741 736 2819 licencia
758 2769 835 2818 non
855 2758 1030 2848 poterant
1049 2740 1121 2817 nisi
1142 2739 1400 2818 sacerdotibus
1423 2741 1567 2819 ordinis
1590 2771 1679 2820 con-

251 2871 362 2949 fiteri.
393 2871 664 2982 lnjungebatur
692 2872 745 2949 eis
766 2871 872 2979 quod
898 2899 976 2949 non
1004 2869 1212 2948 revelarent
1241 2887 1383 2948 secreta
1415 2869 1677 2979 capitulorum.

249 3001 507 3082 Eleemosinas
532 3020 572 3080 et
595 3002 889 3111 hospitalitatem
909 3002 1004 3080 vidit
1023 3001 1290 3081 convenienter
1309 3001 1392 3079 fieri
1419 3019 1457 3080 et
1480 3005 1615 3081 servari
1640 3005 1679 3080 in

253 3134 430 3212 domibus
450 3135 596 3213 ordinis
616 3136 655 3211 in
679 3134 820 3243 quibus
845 3134 1033 3212 exstiterat
1065 3149 1330 3212 commoratus.
1359 3134 1399 3214 Si
1435 3152 1540 3212 erant
1563 3135 1678 3243 aliqui

252 3263 291 3342 in
316 3266 450 3344 ordine
472 3266 538 3374 qui
563 3265 702 3344 scirent
725 3293 871 3343 errores
889 3265 1080 3373 predictos
1100 3282 1139 3343 et
1163 3294 1227 3343 eos
1247 3294 1324 3343 non
1350 3283 1593 3344 correxerunt
1611 3296 1680 3344 nec

253 3396 574 3474 denunciaverunt
585 3396 766 3484 Ecclesie‚
781 3395 938 3474 fuerunt
949 3396 1193 3506 negligentes.
1209 3397 1324 3506 Quod
1337 3425 1494 3507 magnus
1505 3398 1681 3507 Magister

251 3557 338 3606 cum
368 3545 555 3606 conventu
584 3529 773 3606 statuisset
799 3547 978 3608 servasset
1005 3545 1109 3606 totus
1138 3527 1253 3622 ordo,
1284 3545 1414 3606 contra
1438 3558 1554 3636 quem
1580 3559 1681 3609 nunc

250 3661 405 3768 grandia
424 3659 612 3751 scandala,
643 3660 806 3767 suspicio
831 3677 869 3737 et
893 3657 1046 3736 infamia
1069 3675 1157 3737 sunt
1185 3677 1326 3747 exorta,
1356 3676 1394 3738 et
1417 3677 1545 3737 contra
1565 3689 1679 3768 quem

251 3792 394 3870 audivit
413 3793 486 3871 dici
508 3822 688 3902 magnum
715 3792 937 3899 Magistrum
958 3808 997 3869 et
1015 3791 1107 3870 alios
1127 3790 1273 3898 aliquos
1294 3819 1439 3870 errores
1458 3790 1572 3869 fuisse
1593 3820 1682 3868 con-

251 3922 384 4014 sessos;
413 3925 461 4002 ad
487 3926 595 4033 cujus
615 3923 760 4002 ordinis
782 3923 1058 4003 deffensionem
1085 3951 1125 4001 se
1151 3923 1341 4001 obtulerat
1368 3951 1453 4000 cum
1480 3922 1578 4009 aliis,
1603 3948 1680 3999 non

251 4055 357 4162 quod
374 4056 489 4135 vellet
506 4056 633 4134 venire
654 4071 784 4135 contra
805 4054 1088 4162 deposicionem
1107 4083 1226 4132 suam.

309 4185 526 4290 Requisitus
559 4186 590 4262 si
622 4186 675 4262 sic
707 4184 933 4291 deposuerat
963 4213 1089 4290 prece,
1119 4197 1316 4289 precepto,
1347 4182 1500 4277 timore,
1532 4213 1678 4276 amore,

253 4316 359 4405 odio,
391 4314 449 4391 vel
476 4316 676 4423 temporali
701 4315 863 4392 comodo
889 4313 1019 4391 habito
1045 4314 1104 4390 vel
1128 4313 1321 4403 babend0‚
1350 4316 1547 4423 respondit
1576 4318 1681 4425 quod

253 4476 347 4537 non,
375 4447 442 4524 sed
466 4475 536 4555 pro
555 4448 710 4525 veritato
738 4445 914 4538 dicenda,
936 4447 996 4523 cui
1024 4445 1095 4524 luit
1119 4445 1330 4555 injunctum
1350 4450 1453 4555 quod
1475 4478 1551 4527 non
1575 4477 1681 4527 reve-

253 4579 348 4661 laret
372 4580 468 4656 hanc
493 4607 600 4657 suam
627 4578 909 4686 deposicionem
937 4608 1137 4688 quousque
1165 4579 1424 4659 attestaciones
1450 4581 1591 4660 suerint
1610 4611 1681 4690 pu-

253 4711 399 4789 blicate.

342 4982 450 5050 rxocts
470 5007 523 5050 ons
544 5007 714 5050 aturricus.
729 5022 769 5034 —
784 5007 817 5047 u.
