4230 5956
625 447 948 557 vaocrssnrs
978 466 1283 539 venemens.
1443 516 1445 523 .
1583 465 1657 539 aar

243 609 565 688 fratremPetrum
587 608 635 687 de
650 605 1206 712 (leiserio-militemquondam
1220 604 1275 682 de
1297 602 1489 692 Arvernia,
1508 628 1661 707 presen-

240 737 528 818 tibualratribus
538 740 649 817 Petro
662 739 709 817 de
719 737 915 818 Malbecet
932 736 1140 817 Guillelmo
1152 735 1383 815 Guinamant
1401 730 1662 839 Arvernigenie

124 895 134 911 ⁸
240 867 505 958 servientibus,
521 867 732 947 deffunctis.
753 868 880 975 Arqno
899 883 1091 972 receptore
1111 863 1305 971 requisivit
1324 861 1541 939 societatem
1561 862 1663 939 ordi-

243 999 319 1089 nis3
340 1029 417 1106 qua
435 1026 623 1089 cocceam,
645 999 736 1095 lecit
753 1026 841 1076 eum
864 1025 998 1075 vovere
1027 1014 1065 1075 et
1084 994 1464 1103 jurare'caetitatem,
1482 991 1663 1071 obedien·

243 1132 357 1220 ciam,
371 1131 492 1207 vivere
503 1129 583 1206 sine
595 1128 765 1235 proprio,
782 1156 926 1206 servare
938 1127 1060 1206 bonos
1074 1125 1240 1232 ususqui
1251 1141 1344 1202 tunc
1355 1139 1461 1201 erant
1473 1123 1513 1208 in
1529 1123 1663 1202 ordine

244 1277 283 1337 et
298 1259 366 1367 qui
390 1259 430 1336 in
453 1275 645 1364 posterum
664 1250 951 1363 imponerentur
972 1285 1040 1363 per
1064 1255 1300 1364 Magistrum,
1326 1280 1405 1332 non
1423 1251 1587 1362 revelare
1604 1283 1663 1335 se-

244 1406 345 1467 creta
363 1387 642 1494 capituliorum,
664 1388 711 1466 de
731 1388 814 1494 ejus
831 1385 1053 1492 recepcione
1074 1385 1115 1461 in
1134 1382 1284 1489 speciali
1305 1411 1384 1463 non
1409 1381 1537 1460 habita
1556 1412 1663 1462 men-

244 1519 367 1610 cione,
389 1534 427 1596 et
448 1517 556 1624 quod
579 1545 658 1594 non
684 1518 892 1596 dimitteret
919 1515 1093 1595 ordinem
1116 1541 1184 1619 pro
1204 1510 1355 1590 meliori
1372 1510 1432 1589 vel
1457 1512 1595 1620 pejori;
1626 1533 1664 1593 et

243 1647 420 1754 imposito
444 1643 516 1725 sibi
534 1644 733 1738 mantello,
754 1645 834 1751 ipse
855 1660 1027 1750 receptor
1057 1642 1129 1719 fuit
1152 1640 1340 1720 osculatus
1364 1641 1508 1719 dictum
1527 1659 1662 1722 testem

242 1778 283 1857 in
309 1775 492 1854 umbilico
521 1804 638 1882 super
665 1793 800 1863 vestes,
830 1790 868 1852 et
890 1774 980 1881 ipse·
993 1774 1099 1850 testis
1122 1788 1282 1849 asuntes
1310 1772 1353 1847 in
1374 1800 1451 1850 ore.
1477 1774 1663 1881 Postque

242 1906 427 1985 instructo
440 1905 524 2011 ipro
537 1922 632 1983 teste
648 1933 717 2011 per
736 1905 879 1983 dictum
893 1920 1129 2010 receptorem
1143 1919 1239 2009 quot
1256 1903 1368 1982 Pater
1385 1917 1500 1980 noster
1511 1931 1580 2010 pro
1595 1906 1665 1985 ho-

196 2016 200 2024 *
243 2036 295 2115 ris
307 2037 384 2114 suis
394 2035 553 2124 diceret,
571 2034 693 2113 dictus
704 2051 876 2140 receptor
886 2033 1055 2140 precepit
1065 2033 1191 2111 eidem
1201 2032 1304 2124 teeti,-
1317 2033 1357 2110 in
1368 2033 1562 2140 presencia
1573 2034 1666 2114 alio-

245 2194 354 2258 rum,
370 2164 476 2272 quod
494 2162 698 2270 abnegaret
709 2165 883 2256 lhesum,
899 2176 938 2252 e't
955 2164 1036 2268 ipse
1054 2163 1162 2241 testis
1185 2144 1380 2272 abnegavit
1396 2165 1556 2245 Jhesum
1579 2193 1661 2256 ore,

244 2322 325 2373 non
345 2293 472 2372 corde.
496 2293 645 2371 Deinde
672 2290 781 2368 allata
801 2320 870 2398 per
894 2290 1046 2369 fratrem
1073 2290 1267 2397 Ypolitum
1288 2291 1578 2400 presbyterum,
1596 2295 1663 2402 qui

245 2425 362 2502 eciam
374 2423 473 2501 dicte
488 2421 700 2528 recepcioni
719 2422 867 2514 aderat,
887 2420 1052 2528 quadem
1072 2446 1183 2499 cruce
1200 2422 1391 2501 metallina
1409 2451 1518 2530 parva
1534 2425 1575 2502 in
1592 2455 1665 2532 qua

244 2553 350 2633 mella
364 2569 445 2630 erat
456 2579 591 2660 ymago
605 2549 800 2641 Crucifixi,
817 2550 943 2630 dictus
953 2563 1129 2656 receptor
1138 2552 1306 2658 precepit
1320 2553 1445 2630 eidem
1456 2553 1543 2631 testi
1560 2556 1666 2660 quod

244 2699 395 2789 spueret
407 2709 520 2786 super
533 2680 672 2758 dictam
684 2708 851 2768 crucem,
869 2697 910 2759 et
921 2683 1003 2788 ipse
1013 2682 1120 2761 testis
1133 2708 1212 2759 non
1225 2682 1330 2787 spuit
1339 2710 1450 2788 supra
1463 2683 1532 2760 sed
1540 2683 1663 2789 juxta;

246 2831 285 2891 et
302 2839 370 2917 per
388 2810 554 2895 eundem
567 2811 744 2901 modum,
761 2828 800 2888 et
815 2811 862 2888 ab
884 2812 1021 2891 eodem
1041 2812 1135 2889 etin
1154 2811 1291 2890 eodem
1311 2810 1395 2891 loco
1408 2811 1482 2890 fuit
1492 2829 1665 2918 receptus

245 2968 427 3018 unacum
448 2966 494 3017 eo
515 2939 752 3045 supradictus
768 2938 884 3019 frater
899 2940 1128 3020 Gnillelmue
1144 2940 1393 3034 Guinemant,
1417 2942 1483 3049 qni
1508 2941 1665 3020 decessit

244 3071 284 3147 in
302 3070 476 3177 capcione
495 3068 617 3160 Acon,
637 3068 789 3148 sedulia
804 3069 937 3150 illicita
951 3099 1029 3149 non
1049 3072 1386 3151 interveneruntin
1403 3072 1513 3151 dictis
1532 3101 1664 3153 eorum

244 3200 530 3307 recepcionibue
545 3224 616 3275 nec
631 3216 727 3306 post.
748 3201 821 3280 Per
838 3201 1005 3280 eundem
1022 3203 1141 3280 eciam
1154 3200 1315 3280 modurn
1330 3201 1426 3281 vidit
1441 3203 1576 3311 recipi,
1591 3234 1667 3311 per

243 3329 399 3409 fratrem
414 3328 632 3409 Guidonem
645 3329 825 3439 Delphini
839 3332 1018 3421 militem,
1039 3350 1175 3412 testem
1185 3360 1299 3438 supra
1310 3334 1578 3423 examinatum,
1594 3335 1666 3412 lra-

244 3477 342 3538 trem
363 3457 612 3538 Guillelmum
629 3459 795 3568 Aynardi
814 3463 1057 3552 servientem,
1074 3464 1115 3539 in
1127 3461 1270 3569 capella
1290 3462 1427 3541 domus
1441 3463 1592 3570 Templi
1617 3465 1665 3542 de

245 3588 360 3667 Cellis
378 3588 697 3668 Claramontensie
715 3591 891 3684 diocesis,
915 3621 1139 3698 perannum
1157 3591 1216 3671 vel
1232 3593 1327 3670 circa
1346 3610 1432 3670 ante
1450 3593 1664 3698 capcionem

246 3746 397 3807 eorum,
417 3710 1089 3824 presentibus,·franibuslssuillelm0
1112 3722 1278 3828 Manayas
1300 3707 1438 3810 milite,
1456 3720 1664 3800 Guillelmo

243 3848 418 3927 Textoris
434 3845 663 3953 presbitero,
678 3850 837 3927 testibus
855 3878 966 3956 supra
984 3851 1214 3929 examinatis.-
1239 3851 1409 3929 Plurium
1435 3851 1662 3961 recepcioni-

242 3977 315 4061 bus
335 4004 414 4055 non
436 3977 570 4055 recolit
590 4005 630 4055 se
651 3977 814 4056 adfuieee
839 3978 936 4057 ultra
953 4008 1083 4072 .-mare,
1097 3979 1165 4057 nbi
1187 3979 1260 4058 fuit
1277 3997 1421 4086 septem
1430 3979 1563 4068 annis,
1593 4006 1663 4059 nec

245 4105 357 4193 citre3
377 4105 499 4184 credit
516 4122 645 4184 tamen
660 4109 770 4214 quod
785 4109 1038 4187 communiter
1053 4127 1092 4186 et
1103 4107 1247 4215 ubique
1263 4110 1519 4214 reciperentur
1531 4130 1664 4191 secun-

246 4233 338 4311 dum
353 4233 519 4338 modum
530 4234 780 4314 confessatum
794 4264 864 4342 per
875 4267 982 4315 eum.
1001 4239 1118 4328 Item,
1136 4237 1231 4341 dixit
1249 4237 1355 4343 quod
1372 4237 1451 4344 ipse
1464 4240 1563 4320 bene
1583 4271 1664 4320 cre-

244 4361 624 4454 debateccleaiasticia
635 4366 892 4456 sacramentis,
911 4365 1069 4443 credens
1087 4367 1192 4472 quod
1204 4366 1268 4444 alii
1282 4366 1414 4448 fratres
1438 4372 1582 4449 ordinis
1599 4399 1664 4450 eo-

245 4490 335 4572 dem
350 4493 467 4571 modo
484 4493 697 4584 crederent,
718 4512 757 4572 et
774 4496 878 4602 quod
894 4522 1028 4574 eorum
1047 4497 1258 4576 sacerdotes
1275 4497 1404 4577 debite
1416 4500 1661 4581 celebrarent

244 4620 483 4702 Clandestinc
506 4622 796 4728 recipiebantur,
813 4624 930 4703 nullis
949 4626 1188 4735 presentibus
1207 4627 1281 4705 nisi
1302 4626 1482 4707 lrauibus
1499 4631 1660 4724 ordinis,
1809 4698 1818 4715 ,

176 4790 179 4794 ¹
245 4777 291 4832 ex
314 4779 393 4859 quo
409 4752 537 4831 credit
553 4751 659 4859 quod
682 4770 783 4834 esset
799 4755 963 4861 nrspicio
989 4773 1118 4836 contra
1138 4783 1215 4838 eos.
1237 4756 1416 4838 Cordulia
1436 4761 1540 4840 unde
1558 4762 1661 4841 vole·
