4230 5956
453 456 526 526 aaa
835 430 1030 525 enonas
1056 450 1151 522 nas
1176 449 1474 524 renarrans

506 595 548 669 ln
567 590 704 671 Christi
721 589 874 667 nomine
895 619 1015 666 amen.
1028 591 1137 667 Anno
1149 591 1316 697 ejusdem
1325 559 1479 669 Domini
1496 589 1696 671 millesimo
1715 609 1859 669 trecen-

451 725 584 801 tesimo
604 722 779 827 septimo,
800 721 989 797 indicione
1010 737 1125 809 sexta,
1143 749 1271 799 mense
1290 722 1515 809 novembris,
1534 721 1703 829 ejusdem
1722 726 1860 800 mensis

444 853 511 930 die
524 853 682 941 decima,
695 849 931 955 pontificatus
943 850 1160 927 sanctissimi
1173 852 1286 956 patris
1297 871 1334 930 et
1346 853 1490 930 domini
1504 851 1647 928 domini
1656 853 1859 930 Clementis

449 984 571 1060 divina
589 980 824 1086 providencia
843 1009 937 1085 pape
956 981 1077 1085 quinti
1099 1009 1196 1057 anno
1215 983 1395 1070 secundo,
1414 982 1452 1061 in
1469 980 1633 1089 religiosi
1648 982 1714 1058 viri
1735 1000 1771 1058 et
1789 983 1860 1058 ho-

449 1114 541 1189 nesti
561 1111 682 1188 lratris
700 1108 890 1187 Guillelmi
905 1110 953 1185 de
974 1109 1136 1221 Parisiusl
1152 1112 1294 1188 ordinis
1314 1113 1605 1198 Prodicatorum,
1627 1113 1857 1218 inquisitoris

450 1242 612 1319 heretice
639 1239 823 1344 pravitatis
842 1239 1058 1314 auctoritate
1087 1239 1296 1343 apostolica
1313 1214 1493 1346 deputati,
1520 1241 1559 1316 in
1577 1241 1696 1318 'domo
1721 1241 1857 1316 milicie

449 1371 595 1476 Templi
615 1370 789 1456 Parisius‚
811 1397 878 1473 pro
899 1369 1123 1474 inquirendo
1148 1387 1274 1446 contra
1295 1360 1669 1476 qdasdampersonas
1689 1372 1777 1448 dicti
1800 1399 1859 1447 or-

448 1501 545 1579 dinis
566 1501 688 1577 eidem
707 1500 845 1576 delatas
864 1498 1093 1604 superdicto
1114 1500 1266 1575 crimine
1286 1501 1488 1589 existentis,
1512 1517 1678 1579 nostrum
1699 1504 1859 1577 notario-

446 1660 532 1708 rum
556 1630 791 1735 publicorum
822 1646 860 1704 et
886 1626 1203 1732 infrascriptorum
1222 1629 1376 1704 testium
1400 1630 1592 1733 presencia·
1615 1630 1858 1736 personaliter

447 1760 667 1838 constitutus
686 1759 798 1836 frater
816 1757 987 1835 Matheus
1001 1758 1048 1834 de
1070 1756 1273 1847 attrebato,
1299 1759 1405 1835 etatis
1430 1758 1671 1864 quadraginta
1697 1777 1857 1865 quatuor

447 1919 628 1968 annorum
642 1889 699 1967 vel
713 1891 823 1975 circa,
836 1890 982 1995 juratus
1001 1888 1048 1980 ad
1068 1905 1190 1964 sancta
1204 1888 1275 1965 Dei
1295 1888 1491 1995 Evangelia
1501 1889 1547 1964 ab
1558 1914 1602 1965 eo
1616 1888 1857 1992 corporaliter

446 2037 541 2097 tacta
564 2022 602 2097 in
623 2048 728 2096 causa
748 2017 835 2092 fidei
858 2017 904 2092 de
926 2044 966 2091 se
990 2033 1026 2090 et
1051 2016 1131 2093 aliis
1154 2017 1277 2092 dicere
1296 2018 1506 2104 veritatem,
1533 2034 1571 2093 et
1589 2018 1788 2121 requisitus
1809 2020 1856 2094 de

445 2167 613 2256 tempore
630 2167 665 2225 et
684 2146 798 2223 modo
819 2174 885 2222 sue
905 2145 1150 2249 recepcionis,
1168 2144 1258 2221 dixit
1275 2175 1343 2251 per
1351 2146 1604 2251 juramentum
1626 2175 1737 2222 suum
1751 2148 1855 2251 quod

434 2295 616 2383 'receptus
630 2276 702 2353 fuit
710 2274 909 2352 duodecim
919 2274 1005 2350 anni
1016 2291 1103 2349 sunt
1114 2274 1310 2351 Dominica
1320 2292 1404 2351 ante
1419 2275 1555 2352 festum
1567 2275 1666 2351 beati
1679 2276 1856 2354 Johannis

445 2408 604 2513 Baptiste
628 2406 763 2482 ultimo
784 2405 1023 2510 preteritum,
1052 2404 1090 2478 in
1120 2405 1234 2481 domo
1261 2405 1310 2514 de
1335 2406 1583 2493 Saraincourt,
1614 2433 1683 2511 per
1705 2406 1855 2483 fratrem

446 2537 751 2621 Tbierricumde
771 2536 896 2613 Boscis
920 2533 1358 2640 preceptorembaillivie
1379 2535 1426 2610 de
1446 2535 1654 2624 Melleuno,
1676 2540 1856 2642 presenti-

445 2669 515 2746 bus
541 2666 715 2744 sratribus
744 2667 911 2743 Johanne
934 2665 980 2741 de
1000 2663 1104 2741 Cella
1121 2682 1158 2740 et
1175 2664 1342 2742 Tierrico
1363 2665 1410 2740 de
1431 2665 1550 2741 Mares
1575 2683 1612 2742 01
1630 2667 1853 2770 quibusdam

445 2798 524 2876 aliis
544 2798 591 2876 de
611 2827 772 2905 quorum
786 2795 1001 2873 nominibus
1014 2823 1089 2871 non
1105 2794 1246 2872 recolit.
1267 2795 1369 2871 Dixit
1383 2795 1499 2871 eciam
1519 2822 1586 2899 per
1600 2797 1856 2901 juramentum

445 2957 554 3023 suum
575 2930 696 3036 quod,
716 2944 800 3031 post
818 2927 952 3002 multas
972 2925 1236 3030 promissiones
1249 2923 1297 3002 de
1314 2924 1458 3021 statutis
1477 2942 1515 3001 et
1528 2925 1678 3002 secretis
1694 2926 1785 3003 dicti
1801 2955 1856 3002 or-

446 3058 545 3132 dinis
564 3055 800 3133 observandis
820 3056 865 3130 ab
887 3056 931 3131 eo
951 3055 1079 3142 lactas,
1098 3073 1134 3131 et
1152 3053 1330 3132 mantello
1352 3055 1398 3131 ad
1418 3054 1558 3133 collum
1572 3055 1712 3160 posito,
1736 3055 1855 3133 dictus

444 3184 627 3286 recipiens
646 3184 849 3286 apportavit
862 3183 1052 3285 quoddam
1064 3184 1209 3260 missale
1220 3185 1259 3260 in
1269 3211 1344 3288 quo
1360 3201 1438 3259 erat
1450 3184 1593 3288 depicta
1601 3213 1731 3291 ymago
1741 3186 1853 3263 lbesu

446 3308 626 3396 crucifixi,
650 3327 686 3385 et
708 3310 798 3384 dixit
824 3310 892 3385 sibi
917 3310 1020 3415 qdod
1046 3311 1241 3414 oportebat
1259 3312 1363 3416 quod
1382 3313 1460 3415 ipse
1481 3313 1682 3420 abnegaret
1701 3316 1853 3392 Jhesum

444 3440 650 3527 Christum,
673 3456 711 3514 et
730 3457 877 3543 spueret
897 3468 1006 3543 supra
1027 3467 1191 3527 crucem,
1218 3441 1304 3544 quia
1327 3441 1391 3517 alii
1411 3444 1463 3517 sic
1490 3440 1683 3520 iaciebant.
1706 3447 1752 3521 Et
1776 3447 1852 3549 ipse

445 3590 534 3648 tunc
553 3571 704 3658 invitus,
727 3598 790 3645 ore
812 3586 848 3645 et
867 3598 939 3645 non
961 3570 1087 3656 corde,
1106 3570 1260 3646 Jhesum
1271 3570 1463 3649 Christum
1474 3573 1681 3679 abnegavit,
1701 3594 1737 3650 et
1752 3576 1857 3652 linxit

445 3701 547 3808 quod
569 3719 717 3805 spueret
735 3719 793 3775 ter
809 3730 917 3804 supra
938 3727 1096 3775 crucem.
1119 3703 1366 3807 Interrogatus
1383 3703 1429 3778 de
1445 3704 1589 3792 osculo,
1612 3704 1701 3779 dixit
1716 3733 1781 3808 per
1790 3707 1854 3809 ju-

445 3848 654 3907 ramentum
684 3859 792 3906 suum
821 3829 924 3934 quod
950 3831 1069 3906 dictus
1094 3831 1276 3935 recipiens
1298 3835 1435 3908 iterum
1463 3834 1627 3938 precepit
1655 3834 1723 3909 sibi
1750 3835 1854 3938 quod

447 3962 677 4037 oscularetur
696 3989 782 4036 eum
805 3961 841 4035 in
862 3960 937 4041 fine
957 3961 1061 4065 spine
1082 3960 1181 4036 dorsi
1202 3962 1296 4037 etin
1318 3962 1512 4050 umbilico;
1542 3981 1579 4039 et
1607 3965 1684 4068 ipse
1711 3963 1854 4069 fingens

446 4117 486 4166 se
505 4088 679 4176 osculari,
702 4089 826 4194 posuit
838 4117 969 4195 genam
984 4109 1137 4166 suamet
1151 4118 1279 4168 nonos
1294 4091 1341 4167 ad
1356 4091 1612 4197 illampartem
1625 4094 1852 4170 inferiorem.

445 4218 547 4296 Dixit
564 4218 679 4294 eciam
699 4248 766 4323 per
783 4220 1039 4324 juramentum
1059 4249 1168 4297 suum
1193 4221 1296 4325 quod
1322 4222 1442 4298 dictus
1462 4224 1645 4328 recipiens
1671 4225 1761 4301 dixit
1785 4224 1854 4300 sibi

445 4349 547 4455 quod
568 4349 720 4425 omnino
742 4349 941 4424 abstineret
952 4377 992 4424 se
1006 4349 1275 4438 amulieribus,
1291 4351 1372 4427 etsi
1387 4351 1486 4429 calor
1503 4353 1679 4429 naturalis
1694 4372 1856 4430 moveret
1957 4412 1959 4416 ,

446 4507 550 4566 eum,
564 4479 665 4584 quod
677 4479 934 4554 commisceret
952 4506 991 4553 se
1010 4507 1097 4554 cum
1117 4480 1290 4558 fratribus
1303 4481 1390 4558 dicti
1407 4481 1566 4570 ordinis,
1585 4501 1621 4559 et
1636 4485 1708 4559 hoc
1720 4484 1766 4559 de
1777 4483 1856 4559 aliis

444 4624 640 4709 pateretur.
659 4607 759 4683 Dixit
778 4607 891 4682 eciam
913 4635 979 4710 per
996 4608 1249 4712 juramentum
1271 4639 1380 4687 suum
1400 4612 1504 4715 quod
1524 4612 1666 4715 pluries
1687 4614 1798 4716 peciit
1821 4630 1857 4687 et

445 4737 520 4839 peti
538 4736 623 4811 lecit
638 4766 656 4811 a
669 4738 841 4840 Magistro
862 4736 947 4811 dicti
971 4736 1129 4826 ordinis,
1151 4756 1188 4813 ot
1208 4739 1295 4815 lecit
1314 4740 1391 4844 peti
1412 4741 1603 4816 licenciam
1617 4770 1686 4846 per
1705 4740 1852 4816 fratrem
