4230 5956
52 86 65 145 ἱ

149 346 228 395 *ᾗ

63 436 87 489 3
397 376 432 447 'ir

332 448 336 453 ’
369 434 449 558 li·
757 458 960 551 rsocns
981 476 1077 548 nas
1103 474 1402 548 revisemus.

364 651 452 703 rens
480 621 696 730 quondam,
728 621 877 698 Thema
906 621 953 697 de
984 617 1137 697 Yemval
1166 634 1257 694 tunc
1295 616 1498 704 serviente,
1531 644 1635 695 nunc
1665 635 1794 698 autem

157 776 164 789 “
278 787 281 791 “
366 753 593 863 presbitero,
617 770 655 831 et
674 752 850 858 Philippo
872 751 920 828 de
939 752 1068 830 Menin
1089 750 1289 835 serviente,
1311 776 1428 855 aquo
1446 765 1642 854 receptore
1668 752 1797 860 requi-

367 888 450 965 sivit
468 887 615 995 pluries
631 912 769 992 panem
790 900 828 962 et
848 911 1002 990 aquam,
1023 880 1230 992 pauperem
1243 880 1419 959 vestitum
1440 899 1479 957 et
1498 881 1716 960 societatem
1737 911 1797 963 or-

369 1020 486 1108 dinis,
509 1038 547 1097 et
566 1017 708 1097 obtulit
726 1044 765 1095 ae
785 1015 881 1094 velle
899 1015 984 1093 fieri
1004 1038 1154 1093 servum
1172 1012 1358 1092 esclavum
1377 1013 1447 1093 Dei
1459 1003 1501 1091 et'
1517 1016 1636 1092 Terre
1655 1034 1793 1095 sancte.

369 1156 562 1260 Responso
583 1169 709 1229 autem
730 1150 855 1228 eidem
875 1149 981 1256 quod
1005 1150 1103 1227 bene
1126 1147 1367 1238 deliberaret,
1396 1147 1485 1255 quia
1511 1147 1693 1255 grandem
1713 1178 1794 1227 rem

368 1285 534 1388 petebat,
561 1301 601 1362 et
624 1299 817 1390 oporteret
841 1310 928 1359 eum
954 1280 1127 1358 abdicare
1154 1310 1173 1356 a
1201 1305 1240 1356 se
1265 1279 1457 1386 propriam
1480 1279 1729 1370 voluntatem,
1758 1299 1796 1358 et

369 1410 503 1524 subjici
524 1414 662 1504 aliene,
674 1406 1022 1522 ⁴vigillare·’quando
1043 1410 1157 1489 vellet
1178 1411 1360 1502 dormire,
1383 1411 1526 1512 esurire
1546 1409 1700 1519 quando
1719 1411 1795 1489 vel·

251 1582 257 1593 ·
368 1539 423 1624 let¹
443 1545 660 1635 comedere,
681 1538 844 1622 instante
864 1545 946 1651 ipso
966 1560 1063 1621 teste
1082 1572 1151 1651 pro
1171 1572 1238 1621 sua
1258 1543 1496 1649 recepcione,
1518 1538 1607 1620 lecit
1625 1569 1714 1621 eum
1734 1573 1796 1622 vo-

367 1697 451 1754 vere
474 1696 512 1755 et
526 1678 655 1786 jurare
676 1706 790 1783 super
810 1675 1014 1782 quemdam
1035 1674 1176 1752 librum
1196 1674 1419 1768 castitatem,
1443 1673 1721 1764 obedienciam,
1743 1673 1794 1751 vi-

368 1820 454 1885 vere
485 1809 566 1886 sine
601 1808 780 1916 proprio,
813 1818 959 1885 servare
993 1805 1117 1885 bonos
1147 1836 1239 1884 usus
1274 1824 1312 1883 et
1343 1806 1473 1886 bonas-
1500 1805 1793 1885 consuetudines

368 1934 522 2015 ordinis
543 1946 582 2016 et
605 1939 729 2016 malas
756 1937 976 2045 reprobare,
1010 1956 1046 2015 et
1071 1967 1149 2017 non
1169 1937 1333 2015 revelare
1358 1955 1501 2018 secreta
1527 1936 1790 2045 capitulorum.

368 2063 545 2177 Postque
560 2071 744 2176 imposuit
759 2071 794 2147 ei
811 2070 1053 2158 mantellum,
1073 2071 1205 2177 etipse
1222 2086 1259 2146 et
1276 2087 1439 2148 astantes
1456 2070 1611 2148 fuerunt
1631 2097 1718 2146 eum
1740 2095 1794 2146 os

370 2200 483 2277 culati
504 2202 543 2276 in
564 2227 649 2287 ore;
671 2217 710 2276 et
729 2201 906 2276 instruxit
926 2230 1015 2277 eum
1035 2217 1129 2306 quot
1147 2203 1259 2280 Pater
1286 2217 1400 2279 noster
1428 2202 1570 2279 diceret
1594 2228 1664 2306 pro
1690 2199 1793 2277 horis
1911 2307 1914 2312 Ι

369 2332 462 2422 suis,
485 2330 649 2438 qualiter
666 2348 814 2438 regeret
832 2333 872 2409 se
894 2332 933 2406 in
955 2331 1101 2409 ordine.
1120 2332 1207 2426 Quo
1221 2332 1329 2424 facto,
1349 2331 1472 2410 dictus
1483 2347 1659 2437 receptor
1679 2347 1717 2407 et
1731 2360 1794 2407 cu-

369 2449 540 2540 ratus'de
561 2462 782 2551 Somorens,
805 2463 959 2541 trahens
984 2463 1107 2569 ipsum
1129 2480 1262 2541 testem
1283 2481 1384 2542 retro
1412 2463 1540 2552 altare,
1567 2461 1651 2537 aliis
1670 2488 1793 2537 rema-

368 2593 600 2671 nentibus-in
617 2592 777 2700 capella,
801 2594 977 2671 dixerunt
998 2595 1039 2670 ei·
1053 2596 1159 2701 quod
1179 2596 1392 2683 secundum
1413 2611 1549 2673 statuta
1568 2591 1712 2669 ordinis
1732 2593 1794 2670 de·

366 2725 481 2804 hebet
493 2749 628 2831 spuere
645 2753 761 2832 super
776 2753 927 2832 crucem
944 2743 982 2801 et
995 2727 1180 2834 abnegare
1196 2728 1321 2806 Deum
1335 2726 1396 2804 vel
1406 2722 1564 2805 Jhesum
1581 2724 1791 2812 Christum,

366 2858 431 2934 sed
453 2883 530 2935 non
545 2856 680 2934 recolit
698 2857 797 2934 bene
815 2858 845 2934 si
863 2857 1041 2935 dixerunt
1058 2858 1182 2935 Deum
1202 2859 1261 2936 vel
1272 2860 1430 2938 Jhesum
1446 2857 1658 2944 Christum,
1676 2851 1794 2963 magis

366 3005 494 3064 tamen
511 2986 632 3063 credit
647 2985 752 3093 quod
767 2990 1057 3066 nominaverunt
1075 2990 1200 3067 Deum
1214 3018 1327 3097 quam
1341 2964 1499 3067 Jhesum
1515 2988 1708 3066 Christum
1723 3021 1732 3078 ;
1756 3004 1794 3065 et

318 3212 323 3223 Ι
368 3136 516 3197 ostensa
541 3117 706 3227 quadam
733 3147 858 3209 cruce,
887 3149 964 3199 non
991 3120 1124 3199 recolit
1151 3123 1180 3200 si
1208 3118 1330 3231 lignea
1359 3120 1418 3199 vel
1443 3121 1630 3209 metalica,
1658 3120 1699 3195 in
1719 3146 1793 3226 qua

368 3268 446 3327 erat
465 3238 599 3360 ymago
620 3250 814 3343 crucifixi,
837 3254 1008 3360 apodiata
1031 3254 1078 3330 ad
1100 3254 1248 3333 dossale
1262 3252 1406 3346 altaris,
1428 3257 1594 3361 precepit
1614 3253 1648 3330 ei
1670 3251 1792 3329 dietus

367 3392 539 3489 receptor
565 3382 672 3490 quod
696 3402 848 3491 spueret
875 3414 987 3492 supra
1015 3387 1155 3463 dictam
1183 3415 1350 3474 crucem,
1381 3403 1419 3463 et
1444 3386 1524 3492 ipse
1543 3385 1650 3465 testis
1668 3382 1793 3461 noluit

366 3540 501 3618 spuere
516 3540 640 3621 supra,
657 3517 724 3593 sed
741 3517 842 3623 spuit
852 3517 977 3623 juxta,
997 3518 1086 3624 quia
1101 3517 1278 3594 dicebant
1292 3516 1491 3623 quoderat
1509 3516 1556 3592 de
1573 3513 1721 3621 punctis
1737 3539 1793 3589 or·
1885 3514 1890 3520 ’

367 3644 483 3734 dinis,
504 3633 648 3754 etquia
669 3647 762 3726 dixit
782 3650 887 3755 quod
905 3650 979 3726 hoc
1000 3647 1139 3726 laceret
1159 3677 1224 3727 ore
1247 3676 1323 3726 non
1346 3648 1476 3739 corde,
1500 3665 1537 3724 et
1558 3646 1663 3755 quod
1687 3660 1792 3752 post-

366 3776 523 3854 modum
548 3796 676 3884 posset
701 3778 749 3855 de
773 3780 846 3855 hoc
871 3780 1042 3857 confiteri
1055 3757 1076 3870 ;s
1087 3781 1254 3887 precepit
1279 3781 1396 3857 eciam
1423 3781 1457 3856 ei
1479 3778 1600 3857 dimus
1619 3792 1793 3883 receptor

365 3908 470 4013 quod
484 3908 687 4016 abnegaret
705 3910 830 3987 Deum
846 3909 904 3987 vel
919 3910 1074 3990 Jhesum
1095 3911 1304 4001 Christum,
1321 3927 1359 3987 et
1374 3911 1454 4017 ipse
1469 3908 1579 3987 testis
1595 3906 1792 4011 abnegavit

367 4065 429 4115 ore
456 4067 534 4122 non
565 4039 691 4118 eorde.
724 4040 872 4118 Deinde
903 4041 1072 4148 precepit
1100 4043 1134 4118 ei
1160 4041 1264 4147 quod
1290 4040 1520 4119 oscularetur
1540 4042 1663 4147 ipsum
1686 4064 1792 4113 rece-

365 4170 578 4272 plorem-in
595 4167 793 4263 umbilico,
823 4173 863 4250 in
884 4201 961 4280 quo
986 4172 1043 4251 vel
1062 4170 1169 4280 juxta
1193 4170 1266 4248 fuit
1288 4147 1375 4250 eum
1402 4173 1588 4251 osculatus
1614 4168 1652 4244 in
1679 4175 1790 4243 carn‘e

365 4302 483 4390 nuda,
506 4301 594 4408 quia
615 4294 708 4383 dlxii
728 4305 832 4412 quod
855 4324 933 4383 erat
955 4308 1001 4383 de
1028 4305 1138 4384 dictis
1156 4305 1322 4412 punctis,
1344 4304 1555 4383 seeundum
1577 4318 1652 4408 que
1673 4299 1791 4376 eciam

363 4449 517 4534 poterat·
533 4431 615 4511 aliis
633 4433 809 4512 fratribus
830 4437 975 4535 ordinis
1000 4436 1197 4513 carnaliter
1218 4436 1452 4514 commisceri
1468 4452 1513 4515 nt
1532 4432 1601 4539 ipsi
1621 4461 1709 4509 cum
1730 4457 1789 4506 eo.

365 4560 444 4636 Hoc
454 4580 582 4642 tamen
603 4558 802 4654 non-fecit,
821 4590 892 4642 nec
911 4567 1031 4642 credit
1051 4567 1157 4674 quod
1177 4567 1284 4646 lieret
1304 4568 1344 4644 in
1365 4567 1510 4644 ordine.
1527 4563 1743 4671 Requisitus
1757 4562 1789 4640 si

365 4689 433 4786 scit
448 4691 505 4767 vel
520 4695 661 4771 audivit
675 4695 751 4773 dici
768 4698 873 4803 quod
892 4696 1022 4774 illicita
1045 4728 1155 4804 supra
1176 4700 1276 4779 dicta
1294 4699 1353 4776 vel
1371 4699 1442 4776 alia
1458 4697 1732 4776 intervenirent
1749 4693 1790 4769 in

316 4931 320 4941 Ι
365 4820 650 4926 recepcionibus
673 4824 833 4922 aliorum
864 4821 1040 4919 fratrum,
1069 4833 1265 4938 respondit
1294 4832 1398 4938 quod
1426 4856 1525 4918 non,
1556 4857 1626 4905 nec
1651 4823 1792 4904 sciebat
