4230 5956
226 40 334 204 l

338 430 413 504 uos
721 405 919 500 esocis
943 424 1040 497 nss
1067 424 1366 497 rennuens.

300 584 305 593 ’
335 566 584 674 lana‚quibus
592 565 767 642 continue
781 568 976 672 cingantur
989 593 1101 670 supra
1113 561 1536 646 camisiasnocteetdie‚
1606 563 1758 668 signum

336 698 542 778 honestatis
556 713 595 772 et
606 695 781 773 castitatis
796 694 977 775 servande
994 713 1196 803 perpetuo,
1217 697 1314 772 siem
1327 709 1413 802 post
1427 691 1561 769 lactem
1575 692 1625 768 de
1644 720 1686 769 se
1696 722 1759 770 re-

337 829 552 936 ceptionem
571 826 619 903 ad
640 827 782 904 dictum
802 824 977 904 ordinem
999 827 1264 932 promiserunt
1281 825 1380 904 Cum
1400 823 1513 901 dietis
1530 840 1657 899 antem
1675 852 1760 901 cor·

337 958 437 1036 dulis
455 985 525 1035 nec
542 957 660 1062 capita
678 973 881 1064 tanguntur
897 983 968 1033 nec
985 955 1097 1063 ydola
1115 956 1323 1061 cinguntur,
1343 983 1430 1030 cum
1450 954 1483 1030 is
1501 953 1567 1059 qui
1589 952 1759 1059 loquitur

336 1119 406 1166 nec
425 1088 528 1165 scivit
547 1115 616 1163 nec
635 1114 804 1192 unquam
813 1086 956 1163 audivit
974 1086 1014 1161 in
1032 1086 1167 1162 ordine
1183 1085 1354 1192 predicto
1371 1082 1432 1161 vel
1449 1082 1537 1159 alibi
1559 1082 1633 1159 dici
1654 1083 1758 1190 quod

338 1221 384 1295 sit
398 1217 568 1324 ydolum,
585 1216 652 1292 sed
665 1216 784 1293 credit
797 1215 902 1323 quod
915 1217 964 1292 sit
976 1216 1151 1293 diabolus
1163 1217 1239 1293 εἰνε
1256 1213 1391 1304 nicbil3
1407 1232 1446 1292 et
1458 1213 1560 1290 idem
1576 1213 1697 1289 credit
1712 1213 1758 1290 de

338 1349 471 1426 ceteris
490 1346 664 1425 fratribus
683 1346 774 1423 dicti
792 1345 937 1423 ordinis
956 1363 1000 1422 ut
1016 1346 1192 1453 deposuit
1211 1346 1258 1422 de
1278 1375 1319 1423 se
1337 1346 1432 1452 ipso.

393 1478 452 1555 Ad
465 1476 703 1554 lxxi—luxu
722 1475 896 1552 artiudos
910 1475 1108 1565 inclusive,
1126 1475 1325 1583 diligenter
1341 1491 1380 1553 et
1399 1472 1589 1581 sigillatim
1604 1473 1758 1552 interro

337 1625 457 1714 gatus,
477 1607 708 1712 respondens
725 1607 870 1713 negavit
881 1607 982 1712 ipsos
995 1605 1172 1685 articulos
1188 1625 1226 1684 et
1237 1606 1361 1684 omnia
1377 1622 1415 1682 et
1426 1603 1572 1711 singula
1585 1622 1757 1681 contenta

337 1738 376 1813 in
397 1738 468 1826 eis;
489 1765 535 1814 eo
554 1737 653 1814 salvo
668 1736 772 1842 quod
792 1764 834 1812 ea
853 1764 928 1841 que
942 1753 1101 1843 aguntur
1113 1737 1152 1812 in
1169 1736 1342 1841 capitulis
1355 1735 1444 1812 dicti
1458 1733 1603 1811 ordinis
1616 1734 1759 1812 debent

336 1869 452 1944 teneri
474 1884 613 1944 secreta
636 1896 657 1943 a
677 1866 854 1945 fratribus
871 1867 936 1973 qui
956 1866 996 1942 in
1010 1866 1118 1945 dictis
1137 1866 1307 1973 capitulis
1325 1865 1531 1953 affuerunt,
1551 1892 1622 1941 nec
1641 1883 1757 1941 extra·

338 1998 419 2074 neis
439 1997 670 2104 quibuslibet
688 2025 757 2074 nec
771 1998 886 2074 eciam
905 1997 988 2073 aliis
1003 1995 1179 2074 fratribus
1197 1995 1393 2074 revelanda
1411 2011 1500 2073 mut
1515 1995 1638 2100 quiin
1650 1994 1760 2072 dictis

339 2125 515 2233 capitulis
526 2155 603 2203 non
622 2126 786 2204 luerunt.
803 2127 901 2204 Dicit
917 2143 1043 2205 tamen
1059 2154 1098 2203 se
1116 2154 1310 2235 uunquam
1326 2124 1440 2204 lisisse
1454 2127 1494 2203 in
1509 2123 1760 2232 aliis-congre·

338 2255 550 2361 gationibus
570 2254 631 2331 vel·
651 2254 820 2361 capitulis
840 2256 928 2332 dicti
955 2254 1099 2333 ordinis
1119 2257 1191 2333 nisi
1212 2256 1446 2334 duntaxat-in
1466 2253 1637 2363 capitulis
1655 2272 1758 2332 retro

338 2381 442 2468 factis
462 2384 500 2458 in
522 2382 658 2488 capella
678 2384 814 2461 domus
832 2385 952 2461 Mansi
972 2386 1043 2462 Dei
1062 2386 1231 2490 predicti.
1255 2385 1402 2492 Adjecit
1422 2385 1540 2462 eciam
1559 2386 1665 2491 quod
1683 2384 1759 2462 fra-

338 2528 415 2589 tres
428 2509 602 2618 ejusdem
616 2510 758 2589 ordinis
776 2513 917 2619 absque
932 2513 1080 2591 licentia
1101 2514 1147 2591 ab
1167 2515 1222 2592 eis
1233 2515 1345 2620 petita
1357 2530 1513 2621 possum
1525 2514 1758 2592 licentersua

338 2639 507 2719 confiteri
527 2658 674 2747 peccata
688 2642 869 2749 religiosis
882 2644 968 2721 viris
981 2644 1196 2748 presbiteris
1212 2643 1404 2751 religionis
1416 2643 1618 2751 utriuslibet
1629 2672 1759 2752 appro

337 2772 440 2865 bate,
455 2770 513 2849 vel
525 2772 781 2851 sacerdotibus
790 2773 1016 2852 secularibus
1027 2775 1283 2854 executionem
1295 2773 1523 2852 habentibus
1532 2802 1689 2867 suorum
1698 2803 1759 2853 or

339 2901 470 2978 diuum
479 2959 487 2988 ,
497 2902 649 3008 quando
658 2930 736 2981 non
748 2903 887 2980 habent
895 2922 1108 3010 presentem
1116 2903 1265 2981 fratrem
1279 2904 1507 3011 capellanum
1516 2905 1605 2983 dicti
1617 2905 1758 2983 ordinis

340 3033 398 3108 cui
422 3031 587 3137 predicta
610 3051 757 3137 peccata
780 3034 949 3112 confiteri
970 3035 1113 3112 valeam
1131 3053 1168 3112 et
1188 3035 1235 3113 ab
1257 3063 1303 3113 eo
1322 3035 1571 3141 penitenciam
1589 3037 1756 3142 recipere

339 3161 386 3237 de
403 3160 589 3239 confessis.
606 3164 750 3269 Adjecit
767 3166 885 3241 eciam
905 3166 1010 3271 quod
1030 3166 1160 3244 fratres
1174 3166 1239 3274 qui
1258 3167 1425 3273 predicta
1436 3167 1478 3243 in
1496 3167 1604 3245 dictis
1621 3168 1757 3244 articu-

338 3288 384 3364 lis
397 3305 570 3366 contenta
586 3289 740 3368 confessi
756 3310 842 3369 sunt
865 3320 989 3370 coram
1008 3298 1176 3401 personis
1195 3295 1442 3402 quibuslibet,
1464 3296 1504 3373 in
1518 3295 1663 3402 judicio
1679 3295 1756 3371 sive

341 3435 454 3508 extra,
475 3418 623 3525 publice
645 3438 681 3496 et
699 3421 738 3497 in
755 3421 845 3498 locis
863 3423 1041 3529 publicis,
1056 3444 1099 3502 ut
1119 3427 1157 3501 in
1177 3427 1332 3504 articulo
1346 3443 1548 3515 enarratur,
1563 3427 1651 3503 salsa
1666 3455 1757 3504 con-

339 3547 422 3624 fessi
444 3567 530 3624 sunt
554 3569 590 3626 et
611 3553 649 3625 in
670 3542 789 3657 capud
808 3581 920 3630 suum
936 3556 1079 3633 mentiti
1101 3575 1242 3634 suntet
1263 3587 1331 3664 per
1349 3558 1465 3664 gulas.
1493 3558 1588 3652 Quia
1610 3585 1698 3634 vero
1718 3559 1756 3632 in

340 3679 503 3755 articulis
529 3680 666 3757 dicitur
690 3683 791 3787 quod
815 3682 943 3760 fratres
967 3685 1056 3762 dicti
1085 3688 1226 3765 ordinis
1249 3688 1437 3793 predictos
1468 3716 1628 3776 errores,
1658 3716 1755 3793 quos

339 3806 467 3883 adesse
482 3810 647 3886 sciebant
667 3811 736 3915 ipsi
753 3813 893 3903 ordini,
916 3817 1101 3921 corrigere
1117 3816 1360 3923 neglexerunt
1379 3817 1437 3895 vel
1458 3835 1580 3894 sancte
1602 3818 1673 3895 Dei
1689 3819 1756 3894 Ec·

340 3934 448 4011 clesie
477 3940 667 4027 nunciare,
695 3940 751 4017 vel
780 3959 821 4017 ut
840 3963 1043 4021 cessaretur
1068 3946 1126 4021 vel
1158 3946 1397 4025 desisteretur
1420 3948 1467 4025 ab
1486 3948 1576 4034 illis,
1603 3948 1695 4024 dicit
1719 3967 1756 4025 et

339 4067 532 4168 respondit
552 4068 612 4145 hic
631 4071 697 4174 qui
724 4069 888 4176 loquitur
907 4074 1068 4178 quodin
1094 4076 1331 4183 corrigendo,
1359 4079 1554 4167 cessando,
1576 4078 1634 4153 vel
1655 4079 1756 4154 desi·

340 4194 492 4285 stend0‚
518 4217 579 4274 aut
600 4201 810 4279 nunciando
836 4203 996 4280 Ecclesic
1018 4206 1108 4295 Dei,
1130 4206 1230 4313 apud
1256 4205 1373 4284 dictos
1402 4206 1532 4285 fratres
1555 4236 1624 4285 nec
1646 4208 1755 4286 dolus

339 4349 407 4398 nec
426 4322 549 4429 culpa,
573 4327 713 4405 desidia
729 4359 795 4407 seu
810 4331 1032 4438 negligentia
1051 4334 1150 4411 nulla
1170 4335 1255 4424 fuit,
1277 4365 1346 4414 nec
1363 4338 1493 4415 fratres
1509 4338 1570 4414 alii
1584 4337 1754 4444 ejusdem

340 4452 482 4530 ordinis
506 4456 745 4565 indiguerunt
765 4463 991 4540 correctione
1012 4465 1134 4571 aliqua
1157 4466 1214 4543 vel
1234 4467 1452 4562 cessatione,
1474 4495 1521 4546 eo
1544 4469 1647 4576 quod
1664 4497 1754 4546 nus·

340 4608 450 4682 quam
466 4612 571 4662 error
589 4586 646 4664 vel
666 4617 811 4668 errores
831 4592 877 4668 de
891 4593 1028 4700 quibus
1044 4596 1163 4701 agitur
1176 4597 1214 4671 in
1227 4598 1391 4675 articulis
1404 4600 1444 4675 in
1455 4616 1537 4677 toto
1549 4598 1681 4676 ordine
1696 4597 1753 4674 vel

342 4708 419 4810 ejus
446 4732 548 4813 parte
576 4715 697 4821 aliqua
725 4721 906 4827 originem
928 4723 984 4799 vel
1004 4724 1228 4831 principium
1249 4728 1476 4818 habuerunt,
1506 4729 1639 4806 necin
1670 4729 1750 4833 ipso
