4230 5956
459 467 506 539 os
847 441 1043 535 rsocns
1069 459 1162 533 ons
1188 458 1489 535 rnurnrnas.

457 632 589 684 zonam
609 620 648 682 et
665 601 844 683 braccale.
875 602 984 680 Plura
1011 599 1140 706 illicita
1166 628 1245 678 nou
1274 601 1560 679 intervenerunt
1587 599 1628 676 iu
1652 602 1871 709 recepcione

457 765 524 815 sua
542 733 712 842 predicta
730 758 800 809 nec
818 748 919 838 post,
942 749 980 810 et
991 730 1119 815 ,credit
1136 730 1241 836 quod
1260 730 1393 808 eadem
1412 729 1683 809 intervenirent
1700 759 1872 813 commu-

457 867 557 957 niter
575 867 615 941 in
634 862 918 969 recepcionibus
936 860 1120 950 aliorum,
1137 887 1223 939 nam
1243 860 1338 938 vidit
1356 860 1471 966 recipi
1490 857 1642 939 fratrem
1662 861 1870 945 Robertnm

458 994 494 1074 le
519 993 669 1075 Verrier
694 992 937 1080 servientem,
965 1017 1080 1098 quem
1105 989 1227 1069 credit
1243 991 1385 1082 vivere,
1402 1017 1472 1096 per
1490 988 1642 1068 fratrem
1663 992 1870 1087 liebertum

457 1127 506 1219 de
524 1125 664 1204 Sancto
686 1124 791 1200 lusto
816 1121 1025 1230 quondm,
1050 1121 1090 1197 in
1115 1119 1257 1227 capella
1280 1121 1418 1198 domus
1442 1119 1593 1226 Templi
1623 1121 1671 1199 de
1696 1124 1869 1215 Belvaco',

457 1282 542 1335 non·
554 1252 688 1332 recolit
706 1252 755 1330 de
774 1270 961 1359 tempore,
983 1267 1156 1357 presente
1181 1248 1294 1335 fratre
1319 1249 1468 1327 Thomu
1486 1251 1534 1328 de
1553 1250 1707 1331 Euvalle
1728 1254 1874 1360 presbi-

457 1404 557 1478 tero,
571 1402 673 1469 >teste
691 1411 804 1490 snpra
822 1381 1051 1471 examinat03
1081 1397 1119 1458 et
1144 1409 1230 1457 cum
1255 1380 1382 1458 omnia
1405 1378 1506 1457 licita
1529 1409 1603 1488 que
1623 1382 1798 1489 deposuit
1815 1385 1874 1463 in-

457 1515 659 1595 tervenisse
679 1512 720 1590 in
731 1513 957 1618 -recepcione
977 1539 1045 1590 sua
1063 1497 1364 1599 intervenissent,
1386 1509 1480 1588 vidit
1498 1511 1646 1590 dictum
1665 1515 1871 1592 liebertum

458 1644 546 1725 duci
561 1662 664 1722 retro
679 1643 793 1720 altare
809 1669 877 1748 per
890 1642 1036 1719 dictum
1049 1639 1257 1717 Robertum
1272 1639 1319 1716 de
1340 1638 1477 1717 Sancto
1491 1642 1615 1731 lusto,
1632 1660 1671 1719 et
1684 1643 1765 1749 ipso
1779 1660 1873 1724 teste

459 1792 497 1853 et
516 1774 617 1851 dicto
637 1773 786 1851 Thoma
805 1773 844 1847 in
866 1771 1007 1878 capella
1024 1768 1324 1860 remanentibus,
1346 1787 1385 1848 et
1402 1771 1523 1849 credit
1541 1773 1646 1879 quod
1670 1788 1763 1851 tuuc
1781 1748 1873 1854 fricta

458 1922 503 1982 et.
516 1904 613 1982 dicta
629 1901 914 1980 fierent-illicita
933 1899 1154 2006 supradicta.
1168 1900 1300 1978 -Plures
1311 1927 1392 1976 vnon
1414 1900 1510 1979 vidit
1524 1901 1658 2009 recipi,
1682 1905 1873 1982 nsc‘affuit

457 2033 699 2143 generalibus
711 2031 882 2138 capitulis
898 2029 1132 2109 eorumdem.
1152 2031 1263 2120 Item,
1286 2030 1380 2115 dixit
1397 2031 1552 2109 credere
1565 2060 1606 2110 se
1619 2015 1872 2112 ecclesiasticis

459 2162 715 2249 sacramentis,
737 2179 776 2239 et
794 2163 900 2268 quod
919 2161 983 2239 alii
1005 2159 1137 2239 fratres
1156 2160 1302 2238 ordinis
1317 2160 1538 2256 crederent,
1560 2180 1600 2240 et
1617 2163 1721 2272 quod
1741 2192 1871 2243 eorum

460 2290 671 2369 sacerdotes
698 2289 823 2368 debite
849 2289 1091 2367 celebrarent.
1112 2288 1264 2366 Dictum
1285 2287 1357 2366 luit
1377 2291 1412 2367 ei
1430 2292 1536 2396 quod
1553 2293 1677 2370 statim
1695 2299 1765 2401 pro
1783 2322 1872 2400 pro·

428 2410 433 2416 ¹
459 2422 558 2501 fesso
583 2420 801 2498 habebatur.
826 2418 1070 2498 Clandestine
1095 2418 1384 2525 recipiebantur,
1410 2419 1528 2499 nullis
1546 2421 1780 2528 presentibus
1795 2424 1871 2518 ‚nisi

459 2551 637 2630 iratribus
651 2550 805 2628 ordinis.
827 2547 1003 2628 Cordulis
1022 2548 1125 2625 unde
1144 2546 1322 2626 volebant
1337 2551 1538 2658 assumptis
1552 2551 1794 2661 cingebantur
1809 2579 1872 2629 su·

458 2710 527 2788 per
553 2681 721 2759 camisias
749 2678 833 2757 cum
861 2678 1001 2785 quibus
1020 2676 1207 2786 jacebant.
1223 2679 1499 2789 lnjungebatur
1517 2682 1572 2759 eis
1590 2680 1873 2760 ne-revclarent

458 2829 599 2893 secreta
618 2809 867 2919 capitulorum
887 2837 958 2887 nec
983 2809 1142 2886 modum
1166 2809 1413 2916 recepcionis,
1435 2829 1475 2890 et
1497 2812 1529 2889 si
1548 2810 1773 2890 revelassent
1790 2840 1871 2918 gra-

459 2941 553 3019 viter
577 2942 702 3047 puniti
730 2939 899 3017 luissent.
929 2941 1077 3017 Fratres
1101 2939 1259 3017 scientes
1278 2967 1434 3021 errores
1462 2929 1616 3021 luerunt
1642 2940 1872 3049 negligentes

460 3072 646 3177 quianon
666 3087 906 3148 correxerunt
926 3097 992 3147 eos
1010 3096 1080 3147 nec
1099 3070 1420 3151 denunciaverunt
1437 3070 1613 3151 Ecclesia.
1635 3073 1678 3149 ln
1698 3070 1873 3149 domibus

463 3200 606 3279 ordinis
625 3200 666 3277 in
684 3199 822 3307 quibus
843 3199 963 3276 extitit
979 3217 1247 3288 commoratus,
1268 3200 1362 3277 vidit
1385 3199 1580 3309 religiosos
1598 3219 1637 3280 et
1653 3202 1772 3281 bonas
1790 3229 1874 3308 per-

461 3356 571 3419 sonas
590 3328 689 3406 bene
709 3328 824 3434 recipi
847 3344 885 3405 et
904 3327 1128 3416 elemosinas
1149 3331 1414 3408 convenienter
1431 3328 1515 3409 fieri
1535 3347 1574 3408 et
1592 3331 1739 3409 serini.
1751 3328 1874 3410 -Ordi-

463 3477 549 3537 nata
562 3488 630 3564 per
644 3459 863 3564 Magistrum
877 3486 965 3534 cum
981 3474 1167 3537 conventu
1182 3477 1360 3537 servasset
1373 3477 1476 3538 totus
1490 3445 1602 3561 ordo,
1618 3441 1747 3541 contra
1758 3489 1873 3568 quam
1923 3559 1926 3564 Ι

331 3611 332 3615 ’
463 3616 577 3677 nune,
604 3605 758 3695 propter
783 3588 967 3694 predicta,
994 3589 1148 3696 grandia
1166 3589 1355 3680 scandala,
1377 3591 1540 3697 suspicio
1560 3608 1599 3669 et
1617 3590 1767 3668 infamia
1786 3607 1874 3677 sunt

463 3736 600 3797 exorta.
622 3718 754 3796 Credit
773 3719 878 3825 quod
905 3716 1113 3796 consessata
1132 3746 1200 3824 per
1217 3746 1306 3796 eum
1328 3736 1452 3799 essent
1470 3738 1559 3800 nota
1576 3720 1753 3799 fratribus
1772 3719 1875 3798 ordi.-

462 3850 536 3938 nis,
558 3867 689 3927 contra
713 3872 828 3955 quem
856 3848 1032 3953 Magister
1056 3865 1094 3925 et
1117 3845 1180 3924 alii
1202 3848 1380 3927 dicuntur
1397 3850 1534 3957 aliqua
1557 3849 1670 3928 luisse
1694 3849 1873 3938 confessi5

462 3980 511 4056 ad
530 3980 637 4087 cujus
657 3977 933 4079 deffensionem
952 3977 1098 4055 ordinis
1117 4006 1173 4064 se,
1196 4007 1240 4056 ex
1265 3979 1433 4058 fatuitate
1465 3996 1503 4057 et
1528 3980 1761 4088 simplicitate
1776 3982 1871 4066 sua,

464 4106 669 4197 obtulerat,
689 4109 785 4185 sicut
805 4107 908 4186 dixit.
1627 4208 1632 4217 ὁ
1847 4185 1855 4195 .

495 4286 500 4299 1
519 4236 734 4342 Requisitus
748 4238 781 4315 si
794 4242 845 4316 sic
861 4239 1087 4347 deposuerat
1099 4268 1220 4347 prece,
1236 4258 1434 4349 precepto,
1446 4243 1603 4332 timore,
1614 4238 1874 4331 amore-odio,

462 4365 520 4444 val
539 4366 956 4473 temporalicommodo
978 4370 1108 4449 habito
1125 4370 1182 4449 vel
1205 4371 1407 4465 habendo,
1428 4371 1623 4479 respondit
1644 4370 1749 4479 quod
1772 4396 1872 4460 nou,

462 4496 529 4575 sad
556 4525 626 4602 pro
653 4500 807 4597 veritate
832 4499 1010 4589 dicenda,
1037 4500 1098 4576 cui
1121 4498 1194 4577 luit
1221 4501 1433 4608 injunctum
1462 4503 1568 4609 quod
1592 4529 1671 4581 non
1698 4497 1876 4581 revelon

462 4624 557 4701 benc
580 4654 687 4703 snam
705 4628 1005 4735 deposicionem,
1027 4654 1225 4734 quousque
1245 4633 1502 4711 attestaciones
1519 4631 1661 4711 fuerint
1674 4627 1875 4736 publioate.
