4230 5956
462 427 535 497 lind
848 419 1045 493 Ptiociis
1069 418 1165 487 DE&⁸
1193 416 1492 487 intimetis.

461 563 632 640 sentibus
651 578 690 637 et
708 560 799 638 inibi
823 560 1028 636 astantibus
1045 576 1133 633 tunc
1156 557 1319 633 Arnaldo
1343 557 1469 632 Rocba
1490 554 1715 641 carulirerio,
1731 553 1901 629 Bartlio

463 695 587 770 lomeo
598 690 645 767 de
655 694 777 768 Turre
791 690 997 797 presbitero
1012 687 1213 794 capellano,
1234 687 1281 767 G.
1298 687 1519 794 Raymnndo
1532 685 1663 773 milite,
1678 687 1748 762 Bn.
1764 683 1900 763 Gner-

463 825 561 900 rerio
589 822 796 929 presbitero
818 820 1023 928 capellano,
1048 819 1224 896 iratribus
1246 819 1335 895 dicti
1365 818 1523 904 ordinis,
1549 836 1590 894 et
1605 816 1779 923 pluribus
1803 815 1898 892 aliis

462 953 649 1030 lintribus.
663 953 720 1028 De
737 953 852 1030 modo
872 971 997 1029 autem
1011 980 1077 1027 sue
1094 950 1323 1055 recepeionis
1337 967 1376 1026 et
1389 949 1551 1025 aliorum
1568 947 1723 1024 fratrum
1737 948 1806 1053 qui
1823 974 1896 1024 eo·

464 1084 549 1160 dem
567 1084 628 1161 die
648 1084 786 1190 recepti
806 1081 956 1160 fuerunt
969 1083 1109 1188 pariter
1121 1108 1207 1157 cum
1223 1081 1358 1156 eodem
1379 1097 1416 1156 et
1431 1078 1609 1156 omnibus
1630 1078 1714 1155 aliis
1736 1094 1897 1183 tangen-

462 1215 563 1290 tibus
582 1213 741 1290 formam
763 1232 801 1290 et
828 1215 985 1292 moduni
1008 1242 1073 1289 sue
1097 1211 1330 1317 recepcionis
1348 1229 1386 1287 et
1403 1211 1562 1287 aliorum
1582 1209 1739 1286 fratrum
1756 1236 1894 1284 secum

463 1364 701 1449 receptorum
720 1346 768 1421 ad
789 1346 954 1422 eundem
975 1344 1165 1428 ordinem,
1186 1341 1279 1418 dixit
1301 1360 1339 1418 et
1353 1341 1551 1419 declaravit
1570 1342 1610 1417 in
1625 1339 1776 1427 effectu,
1791 1340 1896 1416 sicut

432 1448 439 1461 .
463 1473 576 1551 frater
594 1474 881 1553 Bartholomeus
894 1477 942 1551 de
956 1476 1085 1562 Turri,
1099 1475 1243 1579 primns
1257 1474 1363 1551 testis
1373 1501 1501 1579 supra,
1520 1486 1558 1548 et
1571 1472 1667 1549 sicut
1676 1471 1896 1548 continetur

465 1607 503 1679 in
523 1604 621 1681 libro
632 1605 815 1693 exhibito,
831 1624 941 1711 prout
952 1606 1085 1692 credit,
1101 1634 1170 1709 per
1181 1604 1305 1709 ipsum
1319 1604 1484 1709 primum
1498 1620 1648 1689 testem,
1669 1604 1894 1680 continente

464 1735 631 1840 regulam
651 1754 689 1811 et
707 1754 840 1812 statuta
856 1737 997 1812 ordinis
1015 1734 1198 1840 prelibati.

520 1865 577 1940 Ad
598 1866 728 1943 lxxxiii
750 1884 788 1942 et
806 1866 950 1944 lxxxviii
971 1884 1008 1942 et
1021 1866 1200 1942 ultimum
1219 1864 1397 1941 articulos
1417 1863 1616 1970 diligenter
1638 1882 1677 1940 et
1696 1863 1893 1970 sigillatim

464 1997 725 2102 interrogatus,
743 1997 975 2101 respondens
988 1996 1133 2101 negavit
1150 1997 1249 2100 ipsos
1271 1994 1448 2072 articulos
1467 2012 1505 2071 et
1531 1996 1656 2071 omnia
1674 2013 1718 2075 et
1743 1995 1895 2100 singula

465 2143 635 2202 contenta
659 2127 697 2201 in
725 2127 796 2212 eis,
821 2126 963 2203 addens
987 2128 1025 2201 in
1055 2125 1187 2201 ordine
1213 2124 1302 2202 dicti
1329 2123 1477 2229 Templi
1499 2153 1682 2230 nusquam
1711 2124 1894 2201 habuisse

465 2256 648 2359 originem
665 2284 810 2332 errores
829 2254 1016 2360 predictos
1038 2283 1107 2331 nec
1125 2254 1270 2360 aliquos
1288 2255 1346 2330 vel
1370 2255 1534 2360 aliquem
1556 2255 1604 2330 de
1631 2254 1795 2341 eisdem,
1821 2285 1894 2331 nec

465 2385 534 2459 scit
558 2413 625 2460 nec
650 2384 768 2462 credit
792 2385 953 2490 aliquam
981 2385 1096 2462 fuisse
1121 2413 1267 2462 causam
1291 2413 1366 2491 que
1392 2387 1625 2464 occasionem
1651 2385 1802 2461 dederit
1833 2385 1894 2462 sel

465 2513 639 2590 tribuerit
654 2513 854 2591 inducendi
878 2515 997 2591 dictos
1017 2543 1163 2591 errores
1176 2515 1233 2591 vel
1253 2515 1416 2620 aliquem
1430 2516 1477 2592 de
1493 2516 1652 2605 eisdem,
1667 2533 1712 2591 ut
1725 2517 1764 2591 in
1787 2516 1894 2594 dicto

465 2643 596 2719 ordine
624 2643 671 2719 de
699 2642 807 2719 dictis
829 2645 1018 2722 erroribus
1037 2645 1179 2722 mentio
1199 2644 1409 2722 haberetur.
1427 2647 1508 2723 lino
1526 2647 1596 2722 scit
1612 2664 1649 2722 et
1663 2646 1785 2722 credit
1799 2645 1896 2722 falsa

466 2801 545 2848 esse
560 2775 710 2879 penitus
724 2791 897 2850 contenta
909 2776 947 2850 in
960 2774 1045 2851 illis.
1057 2775 1232 2852 Adiciens
1245 2805 1284 2850 se
1300 2777 1441 2852 nescire
1461 2804 1614 2881 prorsus
1632 2804 1701 2852 nec
1720 2804 1894 2882 unquam

464 2904 610 2983 scivisse
636 2905 700 2981 ubi
721 2906 837 3010 capita
855 2907 911 2981 vel
932 2906 1041 3012 ydola
1061 2906 1108 2982 de
1128 2906 1265 3012 quibus
1288 2908 1326 2981 in
1347 2906 1481 2984 ultimo
1503 2906 1660 2985 articulo
1674 2908 1798 3012 agitur
1818 2909 1895 2984 sint

464 3033 520 3107 vel
538 3063 704 3139 unquam
723 3033 861 3112 fuerint
880 3065 964 3111 cum
986 3038 1192 3113 reverentia
1205 3037 1265 3115 iel
1279 3037 1385 3114 aliter
1403 3037 1598 3115 custodita.

521 3163 643 3266 Super
663 3165 946 3240 circumstantiis
965 3195 1052 3242 vero
1072 3184 1116 3242 et·
1128 3166 1210 3243 aliis
1229 3168 1277 3242 de
1304 3167 1442 3272 quibus
1458 3168 1616 3274 jubetur
1632 3168 1713 3244 lieri
1735 3170 1896 3246 interro

464 3292 564 3396 gatio
583 3292 671 3396 ipsis
694 3292 868 3370 fratribus
885 3296 1088 3401 inquisitis,
1114 3297 1311 3401 diligenter
1334 3299 1405 3376 fuit
1425 3300 1488 3376 hic
1506 3301 1609 3378 testis
1628 3301 1837 3405 requisitus
1857 3321 1897 3378 et

467 3421 724 3528 interrogatus,
747 3453 861 3530 seque
881 3424 986 3530 plura
1001 3425 1069 3501 alia
1093 3427 1234 3502 nescire
1256 3427 1346 3503 dixit
1371 3432 1439 3505 nisi
1465 3432 1566 3537 quod
1587 3460 1695 3534 supra
1714 3431 1895 3535 deposuit

466 3552 512 3626 de
533 3584 570 3627 se
591 3552 857 3659 principaliter,
877 3574 914 3630 et
935 3554 981 3631 de
997 3557 1077 3632 aliis
1093 3556 1192 3633 velut
1205 3560 1320 3634 testis.

522 3817 625 3891 Anno
648 3833 684 3892 et
700 3817 761 3892 die
776 3818 913 3922 quibus
933 3847 1053 3922 supra.

523 3946 564 4018 X.
597 3948 722 4021 Frater
737 3947 894 4022 lacobus
915 3950 1011 4056 Boys
1033 3950 1174 4026 ordinis
1200 3951 1287 4025 dicti
1314 3951 1464 4056 Templi
1495 3952 1630 4029 domus
1656 3953 1773 4029 Mansi
1797 3954 1891 4037 Dei,

465 4075 569 4148 testis
583 4075 731 4178 juratus
744 4078 791 4153 ad
810 4097 931 4154 sancta
949 4080 1017 4155 Dei
1034 4079 1229 4186 Evangelia
1250 4111 1362 4187 super
1383 4083 1561 4188 predictis
1578 4082 1744 4159 articulis
1765 4102 1804 4159 et
1828 4114 1895 4160 eo-

465 4232 548 4279 rum
571 4205 743 4309 quolibet
763 4209 834 4285 sibi
858 4212 1031 4315 expositis
1050 4212 1086 4286 in
1108 4212 1263 4316 vulgari,
1281 4231 1322 4288 ut
1344 4214 1559 4319 principalis
1575 4215 1622 4291 de
1637 4242 1678 4290 se
1696 4216 1835 4319 ipso,et
1850 4235 1896 4292 ut

464 4336 566 4410 testis
582 4335 628 4410 de
643 4337 740 4424 aliis,
759 4338 957 4445 diligenter
971 4361 1008 4417 et
1021 4342 1210 4446 sigillatim
1227 4343 1485 4451 interrogatos,
1501 4344 1732 4450 respondens
1750 4346 1799 4420 ad
1816 4348 1895 4450 pri-

464 4493 580 4553 mum,
603 4493 768 4543 ii-xxix
787 4469 961 4546 articulos
982 4471 1171 4559 inclusive,
1185 4474 1331 4579 negavit
1346 4475 1447 4580 ipsos
1460 4475 1634 4552 articulos
1649 4492 1686 4551 et
1701 4476 1832 4552 omnia
1853 4495 1894 4552 et

464 4595 605 4698 singula
621 4615 794 4674 contenta
811 4600 848 4673 in
868 4601 938 4689 eis3
960 4601 1100 4678 addens
1118 4632 1156 4678 se
1178 4603 1331 4680 credere
1350 4603 1508 4681 firmiter
1528 4605 1649 4682 filium
1667 4606 1737 4682 Dei
1755 4606 1894 4684 Domi-

465 4749 557 4797 num
571 4723 723 4802 Jhesum
736 4727 925 4806 Christum
942 4729 1053 4807 luisse
1075 4731 1305 4820 crucifixum,
1319 4753 1356 4810 et
1367 4764 1513 4838 passum
1534 4765 1602 4842 pro
1622 4736 1892 4840 redemptione
