4268 5946
478 443 549 516 nee
866 426 1059 517 sancus
1085 443 1180 515 nus
1206 442 1501 514 rnurnrnns.

474 581 620 686 Templi
643 609 825 688 nusquam
840 584 958 660 auditi
974 583 1112 659 luerint
1127 610 1206 659 nec·
1220 600 1386 687 unquam
1405 580 1542 686 cogniti
1562 605 1631 653 nec
1650 579 1828 682 cuiquam
1844 579 1893 657 de

476 712 554 814 ipso
565 712 697 787 ordine
708 713 907 802 manifesti,
925 732 1038 819 prout
1052 713 1171 789 credit
1181 729 1218 789 et
1231 713 1305 790 boc
1320 712 1457 788 dixitse
1473 709 1642 798 credere,
1658 725 1770 812 prout
1783 709 1890 797 dixit,

474 841 569 916 salva
588 858 713 917 tamen
727 844 917 919 sanctitate
938 861 975 918 et
990 841 1206 919 excellencia
1223 841 1312 919 dicti
1327 841 1471 919 domini
1486 838 1602 915 nostri
1615 865 1708 943 pape
1722 853 1760 913 et
1771 838 1895 923 donsi-

473 997 607 1047 norum
624 973 867 1049 cardinalium
883 973 1090 1049 reverencia
1111 989 1147 1048 et
1167 973 1323 1049 honore.

528 1100 586 1177 Ad
597 1101 721 1179 lxxxu
747 1102 945 1178 articulum
973 1103 1170 1207 diligenter
1195 1102 1459 1208 interrogatus,
1485 1099 1678 1206 respondit
1696 1099 1798 1204 quod
1821 1099 1895 1175 sra-

471 1248 529 1307 ter
554 1231 599 1308 G.
629 1232 675 1307 de
696 1233 848 1309 Abelars
870 1249 1067 1336 preceptor
1096 1249 1183 1310 tunc
1209 1232 1343 1308 domus
1367 1230 1484 1308 Mansi
1503 1230 1573 1307 Dei
1601 1229 1742 1335 recepit
1768 1229 1894 1334 ipsum

472 1360 537 1464 qui
562 1360 730 1465 loquitur
750 1364 788 1437 in
810 1362 958 1438 lratrem
977 1362 1066 1437 dicti
1088 1361 1245 1450 ordinis,
1277 1362 1326 1437 in'
1340 1359 1476 1466 capella
1510 1357 1644 1437 domus
1663 1358 1781 1437 Mansi
1803 1359 1893 1449 Dei,

472 1490 510 1564 in
531 1489 624 1568 sesto
645 1490 951 1568 Annunciationis
975 1493 1087 1568 Beate
1106 1491 1221 1568 Marie
1248 1509 1358 1568 erunt
1382 1516 1431 1567 xu
1455 1490 1541 1566 anni
1570 1489 1681 1595 elapsi
1702 1488 1760 1564 vel
1781 1490 1889 1580 circa,

473 1619 705 1723 presentibus
725 1639 762 1696 et
780 1621 919 1698 ibidem
940 1621 1144 1699 astantibus
1161 1621 1380 1697 Reverendo
1400 1619 1448 1695 de
1468 1621 1607 1696 Sancto
1620 1621 1743 1706 lusto,
1759 1620 1894 1696 Pontio

473 1748 519 1824 de
538 1749 790 1856 Camporrcllo
811 1750 1007 1841 militibus,
1030 1750 1225 1827 Remundo
1244 1750 1293 1825 de
1309 1749 1444 1838 -Vilert,
1462 1747 1658 1825 Remundo
1679 1747 1835 1825 Comitis
1854 1766 1894 1825 et

472 1880 642 1982 pluribus
662 1880 742 1957 aliis
762 1880 936 1957 fratribus
954 1881 1042 1957 dicti
1061 1881 1216 1957 ordinis.

408 1996 413 2007 ’
527 2009 661 2087 Modus
689 2027 813 2088 antem
836 2040 902 2087 sue
923 2009 1152 2116 recepcionis
1176 2010 1248 2086 suit
1268 2009 1329 2085 hic
1348 2009 1414 2120 qui
1434 2008 1617 2114 sequitur.
1640 2009 1767 2085 Primo
1790 2009 1894 2085 enim

472 2138 591 2217 dictus
604 2158 814 2245 preceptor,
836 2158 962 2217 exacto
983 2170 1003 2216 a
1022 2141 1141 2246 sequi
1162 2140 1331 2245 loquitur
1349 2154 1581 2215 sacramento
1598 2138 1646 2214 de
1667 2138 1816 2215 veritate
1834 2139 1893 2215 di-

472 2269 604 2358 cenda,
626 2268 961 2375 luitinterrogatus
979 2299 1046 2376 per
1066 2271 1208 2346 dictum
1227 2286 1483 2376 preceptorem
1507 2285 1635 2345 utrum
1656 2268 1759 2344 idem
1777 2267 1893 2346 frater

472 2415 569 2473 esset
583 2401 1043 2487 tuncexcommunicatus,
1060 2399 1119 2477 vel
1131 2427 1178 2474 an
1194 2426 1279 2475 cum
1299 2398 1457 2474 muliere
1474 2397 1594 2504 aliqua
1615 2399 1892 2475 matrimonium

471 2529 723 2619 contraxisset,
750 2530 807 2605 vel
827 2558 873 2604 an
897 2529 1260 2611 essetcreditoribus
1275 2528 1463 2633 aliquibus
1480 2527 1664 2634 obligatus
1683 2527 1821 2634 quibus
1842 2530 1892 2606 de

379 2642 383 2647 ¹
470 2658 630 2762 propriis
647 2659 756 2736 bonis
769 2660 849 2766 ejus
866 2660 930 2765 qui
948 2661 1124 2765 recipitur
1136 2657 1305 2736 satisfieri
1318 2686 1393 2735 non
1405 2658 1537 2764 possit,
1553 2676 1652 2742 etan
1664 2674 1792 2735 votum
1802 2658 1895 2734 emi·

470 2788 574 2866 sisset
595 2790 641 2866 de
658 2791 838 2895 religione
853 2791 922 2866 alia
941 2790 1126 2878 intranda,
1147 2807 1184 2866 et
1203 2817 1249 2866 an
1269 2787 1633 2866 morbum-ocultum
1648 2786 1809 2892 aliquem
1825 2787 1893 2864 ha-

469 2918 580 2996 beret.
595 2920 633 2995 in
653 2921 805 3026 proprio
822 2949 976 3026 corpore
997 2949 1073 3025 quo
1094 2919 1277 2997 invalidus
1291 2918 1349 2994 vel
1364 2917 1514 3021 ineptus
1528 2917 1576 2994 ad
1595 2917 1892 3021 impendendum

470 3049 627 3152 Templo
645 3051 841 3127 servicium
859 3050 1093 3129 redderetur.
1651 3136 1654 3141 ,

525 3176 584 3251 Ad
597 3206 670 3281 que
686 3181 810 3253 omnia
825 3182 1057 3283 respondens
1076 3180 1167 3256 dixit
1181 3182 1220 3256 in
1235 3209 1274 3263 se
1290 3181 1391 3259 nulla
1405 3208 1484 3264 esse
1500 3208 1569 3256 nec
1584 3179 1728 3285 aliquid
1747 3179 1794 3255 de
1809 3208 1891 3285 pre·

471 3303 589 3379 dietis.
612 3306 709 3382 Sunt
726 3324 762 3381 et
775 3306 850 3381 alia
871 3307 1063 3413 pluraque
1084 3310 1230 3413 quesita
1247 3308 1399 3385 luerunt
1413 3309 1459 3387 ab
1473 3337 1535 3397 eo,
1554 3309 1602 3389 de
1618 3309 1754 3414 quibus
1765 3311 1890 3414 agitur

470 3452 508 3510 et
526 3434 701 3514 seriosius
712 3437 1099 3543 invenitursuperius
1114 3436 1154 3513 in
1170 3437 1409 3542 deposicione
1429 3438 1551 3515 fratris
1565 3439 1825 3546 Bartholomey
1839 3443 1889 3517 de

468 3568 588 3643 Turre
608 3566 803 3672 presbiteri
815 3584 863 3645 et
879 3568 1055 3673 capellani
1077 3568 1176 3645 dicte
1193 3568 1327 3646 domus
1345 3569 1461 3646 Mansi
1477 3570 1563 3659 Dei,
1580 3569 1691 3675 primi
1711 3571 1832 3656 testis,
1850 3589 1889 3647 et

470 3696 677 3801 dequibus
705 3726 724 3773 a
751 3699 909 3802 receptis
928 3696 1104 3775 fratribus
1130 3697 1331 3804 inquiritur
1354 3699 1586 3804 recepcionis·
1611 3728 1676 3776 sue
1698 3714 1885 3803 tempore,

468 3826 581 3932 prout
603 3829 643 3902 in
659 3826 756 3904 libro
776 3845 999 3905 statutorum
1025 3844 1061 3903 et
1079 3807 1207 3933 regule
1228 3828 1316 3904 dicti
1338 3828 1496 3917 ordinis,
1521 3857 1635 3934 quem
1653 3829 1754 3905 idem
1772 3828 1887 3905 frater

468 3955 749 4032 bartholomeus
769 3956 935 4034 exhibuit
950 3957 1050 4034 dieto
1065 3957 1222 4034 domino
1237 3958 1413 4063 episcopo
1433 3959 1636 4063 inquirenti
1656 3971 1695 4035 et
1712 3958 1884 4047 tradidit,

469 4085 690 4162 continetur.

523 4213 581 4292 Ad
599 4215 730 4294 lxxxvn
751 4235 787 4293 et
803 4218 950 4328 lxxxuux
969 4238 1007 4296 et
1025 4220 1203 4297 ultimum
1223 4218 1397 4297 articulos
1417 4218 1615 4326 diligenter
1639 4235 1678 4295 et
1695 4217 1885 4324 sigillatim

467 4347 729 4453 interrogatas,
757 4349 849 4425 dixit
871 4378 910 4427 se
936 4348 1051 4425 nichil
1074 4350 1167 4426 scire
1186 4377 1257 4427 nec
1275 4349 1426 4426 credere
1446 4349 1589 4456 aliquid
1607 4348 1665 4426 rel
1688 4347 1811 4456 aliqua
1837 4349 1884 4427 de

404 4453 408 4462 ⁸
467 4477 649 4555 contentis
666 4478 787 4555 ineis.

522 4609 644 4714 Super
662 4609 743 4687 aliis
757 4638 844 4687 vero
859 4611 1150 4687 circumstanciis
1162 4627 1200 4688 ct
1213 4609 1475 4691 coherentibus
1489 4609 1653 4687 articulis
1668 4611 1884 4717 prescriptis

467 4734 663 4841 diligenter
673 4740 891 4846 requisitus,
915 4741 1008 4818 dixit
1025 4768 1065 4818 se
1085 4740 1200 4818 nichil
1212 4769 1282 4818 nec
1293 4740 1414 4846 aliqua
1426 4740 1533 4845 plura
1543 4741 1636 4821 scire
1650 4768 1763 4847 quam
1778 4738 1881 4818 dixit.
