4230 5956
451 456 525 534 sot
839 434 1034 527 crocus
1059 453 1154 525 ons
1179 451 1477 527 rnnrmnus

449 616 540 681 cum¹
557 597 759 678 Meldeusie
777 593 951 681 diocesis,
975 620 1038 670 ser
1064 592 1148 676 enni
1169 607 1259 669 sunt
1278 590 1414 696 emisi..
1430 619 1497 698 per
1514 589 1668 671 tanen
1693 596 1867 702 Reginoi-

449 725 542 803 dum
561 727 609 803 de
621 721 794 830 Argivilla
813 721 1006 826 quondum
1019 720 1288 799 cubicularium
1301 748 1414 826 prpe,
1433 721 1669 827 presentibus
1688 720 1865 804 stannus

448 853 601 932 Alberto
619 846 807 957 capellano
825 850 913 926 dicti
930 849 1087 937 ordinis,
1111 865 1147 925 et
1166 847 1374 926 Guillelmo
1395 846 1443 925 de
1462 849 1710 955 Compendio‚
1732 871 1771 931 et
1787 860 1865 960 qui-

447 984 605 1063 busdum
624 982 706 1059 aliis
727 982 775 1059 de
794 1008 958 1088 quorum
976 979 1193 1057 nominibus
1210 1006 1290 1057 non
1304 979 1448 1058 recolit.
1468 979 1572 1059 Dixit
1588 981 1705 1058 eciam
1722 1010 1790 1087 per
1802 984 1864 1090 ju-

449 1130 660 1191 ramentum
675 1139 786 1189 suum
798 1109 913 1216 quod,
925 1127 1009 1215 post
1021 1109 1157 1187 multas
1170 1108 1440 1213 promissiones
1449 1109 1499 1187 de
1510 1109 1657 1186 emtutis
1669 1115 1863 1189 etsecretis

449 1244 537 1323 dicti
556 1242 698 1322 ordinis
718 1240 957 1321 observandis
975 1241 1023 1318 ab
1042 1266 1088 1317 eo
1105 1238 1232 1327 lectas,
1253 1214 1377 1318 dicturi
1392 1239 1583 1344 recipiens·
1596 1243 1775 1346 φωτινὴ
1793 1243 1864 1319 sibi

448 1373 648 1481 quemdem
670 1399 837 1460 crucem,
859 1388 897 1448 et
916 1370 1008 1448 dixit
1026 1370 1100 1447 sibi
1117 1369 1223 1474 quod
1240 1366 1439 1475 oportebat
1460 1370 1585 1475 ipsum
1603 1398 1741 1475 spuere
1756 1399 1863 1477 supra

449 1530 613 1594 uticem,
640 1519 678 1580 et
696 1500 799 1608 quod
817 1502 869 1578 ite
889 1516 1109 1579 consuetum
1124 1515 1205 1575 erat
1228 1500 1268 1577 in
1287 1499 1438 1590 ordiner
1458 1516 1498 1577 st
1514 1516 1604 1576 tunc
1621 1499 1704 1604 ipro
1719 1500 1863 1607 fingens

448 1658 582 1737 spuere
597 1659 706 1737 snpra
722 1658 884 1718 crucem,
904 1631 1006 1735 spuit
1020 1646 1078 1706 ter
1096 1628 1144 1705 ad
1159 1645 1307 1707 terrun.
1329 1630 1580 1737 Interrogatus
1592 1629 1642 1706 de
1657 1646 1741 1707 voto
1757 1633 1863 1707 cesti-

446 1761 547 1848 tttis,
575 1760 668 1836 dixit
687 1788 754 1864 per
772 1761 1025 1867 juramentum
1054 1787 1163 1836 suum
1189 1757 1294 1865 quod
1316 1758 1439 1839 dictm
1461 1758 1643 1864 recipiens
1671 1759 1764 1835 dim
1789 1760 1859 1837 sibi

449 1891 554 1995 quod
577 1889 663 1966 lecti
693 1889 846 1966 fratrum
880 1888 1066 1965 debebant
1086 1916 1164 1964 esse
1193 1916 1428 1977 communes,
1450 1904 1487 1965 et
1505 1888 1609 1994 quod
1633 1905 1804 1994 poterant
1823 1917 1860 1964 se

448 2021 688 2098 commiscere
716 2019 911 2097 carnaliter
934 2047 1032 2095 unus
1057 2016 1253 2106 cum-ulio,
1277 2034 1314 2095 et
1334 2017 1442 2123 quod
1461 2016 1863 2095 omninodebebanta

447 2148 670 2227 mulieribus
690 2148 884 2225 obstinere.

502 2280 753 2383 Interrogatus
771 2277 819 2353 do
838 2276 984 2365 osculo,
1006 2277 1099 2355 dixit
1115 2304 1184 2383 per
1194 2278 1452 2384 juramentum
1477 2304 1589 2354 suurn
1616 2276 1724 2383 quod
1743 2277 1864 2353 dictus

447 2406 631 2510 recipiens
647 2405 756 2483 traxit
768 2433 853 2482 cum
866 2406 914 2483 ed
928 2423 1072 2510 purtem
1087 2407 1127 2483 in
1144 2406 1464 2513 quedem-enmem
1482 2422 1585 2485 retro
1603 2405 1808 2494 ecclesiam,
1825 2422 1864 2481 et

448 2533 537 2629 fecit
553 2563 593 2614 se
614 2536 770 2621 osculari
792 2534 904 2613 abeo
923 2535 964 2611 in
983 2535 1162 2613 umbilico
1187 2552 1226 2613 et
1250 2537 1292 2613 in
1315 2563 1392 2614 ore.
1420 2537 1670 2641 lnterrogetus
1693 2537 1730 2611 si·
1746 2535 1862 2612 credit

447 2663 553 2770 quod
571 2692 702 2742 omnes
721 2664 782 2741 alii
801 2663 1090 2743 fratresordinis
1108 2664 1223 2744 simili
1240 2664 1607 2771 modo-recipimm
1622 2663 1716 2740 dixit
1731 2692 1800 2770 per
1807 2665 1864 2770 jn

447 2812 657 2873 rumentum
678 2822 788 2870 suum
813 2793 918 2900 quod
938 2795 1071 2884 credit,
1099 2796 1280 2900 quianon
1305 2793 1428 2871 credit
1441 2820 1575 2872 norem
1593 2791 1714 2897 legem
1734 2821 1803 2897 pro
1823 2823 1863 2869 se

447 2923 559 3009 fuisse
582 2922 725 2999 lectam.
753 2924 964 3027 Requisitus
990 2951 1057 3027 per
1078 2924 1331 3027 juramentum
1362 2948 1472 2997 suum
1498 2923 1637 2996 iterum
1665 2923 1861 3024 prestitum

303 3064 306 3099 ³
447 3069 576 3128 utrum
592 3053 644 3140 vi,
660 3051 716 3127 vel
736 3067 840 3126 metu
853 3051 1010 3127 carceris
1024 3067 1089 3124 sut
1104 3065 1394 3137 tormentorum,
1409 3048 1572 3155 aliquem
1584 3047 1780 3126 felsitutem
1793 3052 1862 3126 im-

448 3180 638 3257 miscuerit
651 3179 694 3252 'in
712 3206 778 3253 sua
799 3177 1051 3283 deposicione‚
1074 3194 1138 3255 sut
1156 3178 1351 3257 veritatem
1369 3177 1544 3265 uenerit,
1562 3177 1656 3255 dixit
1676 3206 1744 3285 per
1757 3179 1860 3285 jura·

447 3324 615 3385 mentum
628 3335 739 3385 suum
752 3305 856 3410 quod
872 3331 963 3395 n0n3
982 3307 1099 3383 immo
1115 3335 1246 3411 puram
1257 3324 1295 3383 et
1309 3309 1489 3414 integram
1505 3307 1860 3385 dixemtveritatem.

503 3570 596 3645 ltem
615 3567 727 3642 frater
746 3567 965 3643 Lambertus
985 3566 1032 3642 de
1053 3566 1181 3671 Toysi,
1206 3568 1312 3645 etatis
1336 3566 1579 3672 quadraginta
1603 3593 1784 3643 annorum
1805 3568 1862 3643 vel
1902 3544 1908 3555 ⁹

449 3698 560 3785 circe,
594 3713 637 3773 ut
659 3695 820 3786 dicebat,
844 3696 976 3771 eodem
997 3697 1112 3772 modo
1145 3697 1385 3782 constitutus,
1409 3698 1554 3803 juratus
1582 3713 1620 3772 et
1642 3695 1858 3801 requisitus,

448 3827 539 3933 dixit
555 3854 624 3931 per
638 3826 892 3931 juramentum
913 3853 1021 3903 suum
1041 3826 1143 3931 quod
1159 3844 1330 3931 receptus
1348 3825 1420 3905 suit
1439 3827 1477 3901 in
1496 3825 1610 3902 domo
1625 3824 1673 3901 de
1687 3825 1860 3903 Vinciaco

448 3956 605 4035 diocesis
626 3955 824 4045 Eduensis,
841 3983 903 4032 run
921 3957 1007 4033 anni
1023 3973 1109 4032 sunt
1122 3955 1253 4059 elapsi,
1269 3983 1337 4060 per
1349 3954 1498 4032 fratrem
1511 3957 1665 4032 Petrum
1681 3954 1729 4031 de
1747 3955 1859 4058 Syvre

446 4101 705 4190 preceptorem
723 4085 881 4164 baillivie
903 4085 950 4161 de
973 4087 1102 4191 Byres‚
1118 4085 1352 4190 presentibus
1367 4085 1475 4164 fratre
1492 4084 1695 4191 Reginuldo
1717 4085 1763 4160 de
1776 4085 1862 4160 Toi-

447 4214 544 4291 sieco
564 4232 800 4319 pannosus,
822 4215 933 4294 fratre
946 4216 1091 4293 Thema
1106 4214 1152 4291 d'e
1167 4217 1310 4298 Buceio
1324 4233 1361 4292 et
1373 4214 1599 4320 quibusdem
1618 4213 1699 4290 aliis
1709 4213 1756 4289 de
1772 4240 1862 4318 qno

446 4371 530 4423 rum
545 4344 762 4422 nominibus
781 4374 857 4423 non
876 4346 1102 4425 recordetur.
1117 4348 1163 4422 Et
1175 4346 1266 4422 dixit
1279 4374 1348 4451 per
1360 4344 1617 4450 juramentum
1629 4372 1741 4421 suum
1756 4341 1860 4448 quod

448 4473 568 4553 dictus
586 4475 772 4581 recipiens
783 4474 871 4552 fecit
891 4503 976 4552 eum
992 4475 1119 4580 jurare
1140 4492 1178 4553 et
1196 4476 1418 4581 promittere
1442 4473 1578 4552 multas
1604 4473 1861 4551 observanciis

449 4601 536 4679 dicti
556 4604 698 4682 ordinis
718 4622 858 4683 sanctas
878 4621 916 4681 et
936 4604 1098 4693 devotas,
1128 4623 1165 4685 et
1184 4624 1322 4685 secreta
1353 4623 1391 4682 et
1423 4622 1558 4683 statute
1592 4604 1680 4681 dicti
1718 4601 1860 4680 ordinis

447 4745 574 4808 tenere
595 4750 633 4810 et
651 4733 863 4823 observare,
882 4762 1040 4839 quarum
1059 4735 1200 4841 aliquas
1212 4737 1436 4815 remotenus
1456 4736 1653 4822 enarrarit3
1675 4751 1713 4810 et
1730 4748 1857 4838 postea
