4230 5956
450 465 524 537 eos
780 460 783 465 ·
832 443 1026 537 proces
1051 462 1147 535 nes
1171 461 1471 535 reuertens.

450 602 570 680 ditum
587 601 802 679 mantellum
823 603 966 680 ordinis
985 603 1033 680 ad
1052 601 1206 692 collum,
1230 619 1268 678 et
1283 618 1375 678 tunc
1395 601 1582 680 osculatus
1601 600 1674 679 fuit
1692 620 1863 708 recepto·

448 758 530 808 rem
543 758 655 809 suum
671 750 708 809 et
728 761 857 810 omnes
877 732 969 810 alios
988 731 1129 810 fratres.
1144 732 1191 808 Et
1205 732 1278 809 hoc
1294 730 1402 818 lacto,
1423 731 1671 809 thesaurarius
1688 749 1727 809 et
1742 733 1862 811 dictus

448 878 620 966 receptor
634 860 820 940 duxerunt
836 892 921 939 eum
939 862 986 938 ad
999 880 1160 967 partem,
1175 879 1214 939 et
1225 861 1471 940 ostenderunt
1482 861 1553 938 sibi
1567 863 1768 967 quamdam
1784 892 1863 939 cru-

449 1019 530 1069 cem
550 991 589 1066 in
605 1020 678 1097 qua
697 1010 775 1069 erat
789 1020 922 1100 ymago
935 992 1051 1070 Jhesu
1066 992 1205 1070 Christi
1221 992 1383 1097 depicta,
1401 1008 1440 1069 et
1457 990 1624 1069 fecerunt
1644 1020 1731 1068 eum
1750 991 1864 1069 abne-

447 1148 533 1226 gare
547 1120 607 1198 bis
621 1116 813 1200 Christum
827 1139 864 1199 et
884 1150 1019 1228 spuere
1037 1149 1146 1228 supra
1165 1150 1314 1198 crucem
1328 1120 1397 1197 bis.
1419 1122 1466 1197 Et
1485 1120 1576 1199 dixit
1595 1148 1663 1226 per
1673 1122 1864 1227 juramen-

449 1266 529 1326 tum
558 1280 667 1328 suum
699 1252 819 1357 quod,
851 1253 899 1329 de
931 1268 1107 1357 precepto
1138 1251 1367 1357 recipientis,
1401 1252 1588 1328 osculatus
1617 1250 1690 1327 fuit
1712 1280 1798 1328 eum
1825 1251 1864 1327 in

449 1378 615 1457 inferiori
634 1398 738 1486 parte
758 1382 862 1487 spine
883 1382 999 1469 dorsi,
1019 1381 1057 1457 in
1072 1380 1254 1458 umbilico
1276 1381 1371 1457 etin
1392 1407 1468 1457 ore.

503 1512 595 1586 ltem
609 1509 701 1586 dixit
718 1539 786 1614 per
799 1510 1056 1615 juramentum
1072 1538 1180 1586 suum
1196 1508 1301 1616 quod
1316 1509 1417 1585 idem
1432 1508 1614 1614 recipiens
1629 1508 1722 1595 dixit
1737 1525 1774 1584 et
1785 1537 1864 1613 pre-

450 1638 549 1743 cepit
563 1638 633 1716 sibi
653 1638 806 1745 quodsi
827 1666 902 1714 non
921 1655 1048 1744 posset
1068 1638 1274 1724 continere,
1296 1638 1400 1743 quod
1414 1639 1670 1713 commisceret
1684 1663 1723 1712 se
1744 1664 1863 1714 carna-

449 1767 536 1844 liter
554 1798 638 1843 cum
653 1769 762 1844 sociis
777 1769 863 1844 suis.
885 1771 1027 1843 Tamen
1048 1767 1140 1843 dixit
1158 1794 1225 1872 per
1239 1767 1495 1873 juramentum
1514 1794 1625 1842 suum
1643 1766 1747 1871 quod
1768 1795 1863 1844 nun-

448 1924 560 2001 quam
573 1897 807 1974 commiscuit
824 1923 864 1972 se
880 1924 964 1972 cum
980 1896 1123 2000 aliquo,
1141 1923 1211 1971 nec
1224 1894 1357 1999 aliquis
1371 1923 1457 1971 cum
1477 1922 1534 1971 eo.

505 2028 753 2133 Interrogatus
769 2042 894 2102 utrum
911 2026 961 2113 vi,
976 2024 1034 2100 vel
1048 2040 1153 2100 metu
1165 2040 1439 2101 tormentorum
1454 2021 1513 2097 vel
1528 2023 1700 2114 carceris,
1718 2039 1780 2097 aut
1795 2022 1864 2098 alia

450 2156 496 2231 de
518 2183 641 2244 causa,
659 2157 698 2231 in
715 2155 955 2260 deposicione
975 2183 1040 2230 sua
1059 2153 1193 2229 dixerit
1211 2170 1274 2229 aut
1289 2152 1535 2229 immiscuerit
1553 2151 1713 2256 aliquam
1734 2149 1864 2265 salsita-

449 2302 541 2367 tem,
562 2300 626 2358 aut
644 2286 800 2360 tacuerit
823 2284 1032 2371 veritatem,
1061 2283 1151 2359 dixit
1169 2312 1237 2388 per
1244 2283 1502 2388 juramentum
1522 2309 1631 2358 suum
1648 2281 1751 2386 quod
1766 2309 1860 2370 non;

450 2412 564 2485 immo
581 2410 674 2486 dixit
691 2438 822 2513 puram
839 2412 1029 2486 veritatem
1045 2428 1197 2516 propter
1217 2409 1372 2486 salutem
1393 2411 1515 2486 anime
1531 2440 1609 2488 sue.

505 2673 595 2748 Item
623 2671 736 2747 irater
765 2671 950 2748 lohannes
980 2672 1027 2748 de
1049 2670 1262 2748 Elemosina
1290 2699 1407 2778 prope
1431 2672 1674 2761 Pontisaram,
1709 2673 1864 2779 claviger

450 2803 584 2879 domus
606 2802 654 2878 de
674 2801 771 2879 Malo
788 2803 965 2905 Repastu,
996 2802 1103 2879 etatis
1127 2828 1224 2878 xxxu
1251 2829 1452 2893 annorum,
1480 2818 1524 2877 ut
1543 2802 1706 2887 dicebat,
1729 2802 1862 2879 eodem

449 2930 562 3008 modo
578 2933 724 3037 juratus
741 2932 843 3008 dese
860 2949 897 3007 et
913 2931 993 3008 aliis
1008 2933 1047 3008 in
1063 2960 1170 3008 causa
1182 2930 1271 3008 fidei
1289 2933 1412 3008 dicere
1431 2931 1634 3008 veritatem.
1651 2932 1863 3036 Requisitus

452 3062 499 3136 de
510 3077 679 3165 tempore
695 3077 732 3135 et
740 3062 854 3137 modo
864 3062 1091 3166 recepcionis
1101 3088 1184 3149 sue,
1197 3060 1289 3136 dixit
1300 3089 1368 3165 per
1373 3062 1628 3169 juramentum
1640 3088 1749 3137 suum
1758 3062 1864 3166 quod

449 3188 520 3265 luit
538 3206 709 3293 receptus
727 3189 902 3276 Parisios,
920 3218 987 3294 per
1005 3189 1154 3265 lratrem
1169 3188 1380 3266 lohannem
1401 3191 1448 3266 de
1464 3193 1593 3267 Turno
1610 3209 1700 3267 tunc
1718 3191 1864 3267 thesau-

449 3317 587 3392 rarium
616 3318 789 3406 Parisius,
812 3319 978 3423 quinque
999 3336 1085 3395 sunt
1103 3320 1187 3395 anni
1209 3320 1338 3425 elapsi,
1366 3321 1601 3424 presentibus
1626 3320 1736 3397 fratre
1759 3320 1865 3399 Guil-

448 3446 566 3523 lermo
590 3447 636 3523 de
652 3448 809 3553 Arblayo
835 3448 1095 3525 elemosinario
1115 3449 1230 3555 regis,
1249 3468 1287 3526 et
1305 3451 1527 3556 quibusdam
1544 3450 1625 3527 aliis
1639 3450 1685 3527 de
1701 3479 1862 3557 quorum

448 3577 662 3653 nominibus
683 3605 759 3653 non
786 3579 927 3654 recolit.
953 3580 1052 3657 Dixit
1080 3580 1195 3655 eciam
1225 3609 1292 3685 per
1311 3581 1566 3687 juramentum
1599 3610 1709 3657 suum
1737 3582 1860 3685 quod,

449 3724 532 3810 post
547 3707 681 3783 multas
705 3709 970 3811 promissiones
991 3738 1082 3815 quas
1102 3709 1189 3786 fecit
1208 3711 1254 3786 de
1276 3711 1515 3787 observandis
1535 3711 1678 3787 statutis
1694 3710 1781 3784 dicti
1803 3738 1862 3785 or-

450 3834 561 3924 dinis,
584 3854 772 3941 apportata
791 3834 862 3913 fuit
877 3854 960 3913 ante
981 3866 1068 3913 eum
1089 3838 1249 3943 quedam
1270 3867 1358 3915 crux
1373 3866 1463 3916 enea
1484 3840 1523 3914 in
1543 3854 1710 3944 quaerat
1727 3865 1860 3942 ymago

448 3963 564 4041 Jhesu
582 3966 736 4053 Christi,
760 3983 796 4042 et
815 3968 927 4071 peciit
941 3966 987 4044 ab
1010 3996 1054 4044 eo
1075 3968 1196 4045 dictus
1214 3969 1397 4072 recipiens
1416 3985 1541 4044 utrum
1567 3966 1734 4043 crederet
1758 3969 1862 4070 quod

448 4091 510 4169 ille
531 4096 635 4200 cujus
653 4113 731 4172 erat
751 4125 883 4203 ymago
902 4114 997 4175 esset
1015 4100 1132 4186 Deus,
1155 4100 1289 4204 etipse
1310 4098 1401 4174 dixit
1424 4097 1528 4203 quod
1553 4097 1617 4173 sic.
1648 4098 1754 4171 Tunc
1775 4095 1862 4173 lecit

449 4252 536 4299 eum
557 4224 738 4333 abnegare
758 4227 950 4305 Christum
966 4246 1023 4306 ter
1043 4246 1079 4304 et
1092 4246 1150 4304 ter
1164 4257 1317 4334 spuere:
1335 4228 1507 4305 videlicet
1519 4228 1578 4305 bis
1593 4256 1703 4332 supra
1713 4256 1860 4303 crucem

448 4371 485 4429 et
504 4353 636 4432 ultimo
669 4358 768 4460 spuit
792 4386 903 4463 supra
923 4377 1078 4446 terram,
1102 4359 1245 4465 lingens
1269 4358 1373 4465 quod
1395 4376 1546 4464 spueret
1567 4386 1678 4462 supra
1700 4385 1857 4433 crucem.

447 4483 546 4561 Dixit
561 4487 678 4563 eciam
692 4516 759 4591 per
769 4488 1024 4593 juramentum
1042 4519 1151 4566 suum
1171 4490 1274 4595 quod
1289 4489 1351 4567 ille
1366 4491 1548 4596 recipiens
1566 4488 1653 4566 fecit
1677 4488 1748 4566 sibi
1772 4516 1860 4593 pro·

447 4613 593 4689 mittere
605 4633 734 4692 votum
753 4617 924 4693 castitatis
941 4634 1124 4723 quantum
1140 4620 1186 4696 ad
1209 4619 1402 4709 mulieres3
1423 4619 1490 4696 sed
1510 4620 1601 4696 dixit
1616 4618 1685 4696 sihi
1706 4616 1857 4723 quodsi

447 4740 558 4817 vellet
577 4763 613 4819 et
631 4745 831 4851 indigeret,
849 4724 1105 4824 commisceret
1116 4777 1155 4826 se
1174 4778 1258 4826 cum
1274 4747 1381 4825 sociis
1401 4750 1490 4827 suis.
1511 4748 1613 4827 Dixit
1622 4767 1746 4827 tamen
1755 4745 1857 4850 quod
