4230 5956
705 465 898 553 PROCES
925 480 1020 552 DES
1044 417 1360 552 Truentinas·
1658 486 1732 559 385
1778 588 1782 593 Ι

320 621 445 697 Maria.
464 657 475 686 u
492 621 537 695 Et
556 637 643 695 tune
664 619 741 723 ipse
765 622 931 727 precepit
949 620 1019 696 sibi
1036 651 1044 693 :
1063 658 1074 687 a
1091 621 1209 725 Spuas
1230 649 1339 725 supra
1359 621 1471 695 istum
1494 622 1534 696 in
1552 624 1729 728 despectu

320 750 440 854 ejus·
470 751 515 825 Et
542 766 631 825 tunc
658 750 757 855 spuit
775 767 848 838 ter3
879 750 946 827 sed
972 751 1120 825 cavebat
1147 767 1328 855 quantum
1350 765 1560 854 poteratne
1580 772 1729 857 spueret

318 907 427 985 supra
447 907 595 955 crucem
609 878 666 954 vel
687 878 913 955 crucifixum.
928 880 1027 956 Dixit
1040 881 1155 954 eciam
1170 908 1236 984 per
1244 883 1496 986 juramentum
1507 908 1616 956 suum
1626 883 1730 986 quod

319 1006 505 1084 osculatus
525 1006 594 1083 luit
610 1008 848 1112 recipientem
870 1011 907 1084 in
923 1008 1101 1085 umbilico
1120 1027 1156 1084 et
1175 1010 1214 1083 in
1233 1037 1310 1084 ore.
1335 1011 1585 1114 Interrogatus
1602 1027 1729 1086 utrum

318 1140 370 1226 vi,
387 1137 443 1213 vel
464 1153 566 1213 metu
587 1139 741 1214 carceris
761 1166 828 1215 seu
847 1155 1134 1226 tormentorum,
1157 1156 1219 1214 aut
1241 1139 1311 1215 alia
1342 1138 1388 1215 de
1418 1168 1542 1228 causa,
1571 1139 1731 1245 aliquam

319 1268 453 1343 dixerit
471 1266 664 1343 salsitatem
679 1267 737 1344 vel
752 1267 997 1345 immiscuerit
1013 1269 1051 1342 in
1073 1268 1311 1372 deposicione
1335 1296 1426 1354 sua„
1437 1268 1528 1343 dixit
1545 1296 1612 1373 per
1627 1269 1731 1375 jura-

317 1411 486 1473 mentum
501 1423 612 1472 suum
626 1397 728 1501 quod
748 1424 843 1485 non3
865 1398 979 1473 immo
996 1396 1086 1472 dixit
1104 1425 1234 1501 puram
1254 1396 1455 1472 veritatem.

374 1660 466 1732 ltem
480 1656 592 1732 frater
611 1656 783 1735 Galterus
804 1658 850 1734 de
873 1656 1015 1749 Paians,
1034 1660 1138 1734 etatis
1153 1658 1337 1762 octoginta
1349 1684 1529 1732 annorum
1542 1657 1599 1732 vel
1616 1658 1728 1746 circa,

311 1787 456 1892 juratus
476 1788 609 1862 eodem
630 1787 743 1863 modo
764 1787 812 1863 de
833 1817 871 1864 se
893 1806 930 1863 et
948 1787 1028 1863 aliis
1044 1788 1082 1862 in
1103 1815 1211 1862 causa
1224 1785 1312 1862 [idei
1327 1786 1449 1860 dicere
1470 1784 1678 1874 veritatem,
1693 1803 1730 1863 et

317 1916 564 2020 interrogatus
584 1915 630 1989 de
646 1934 814 2020 tempore
831 1933 869 1992 et
883 1916 998 1994 modo
1016 1945 1081 1991 sue
1098 1916 1342 2020 recepcionis,
1361 1913 1451 1988 dixit
1464 1942 1532 2017 per
1540 1913 1732 2019 juramen·

317 2061 395 2119 tum
421 2071 533 2119 suum
549 2042 652 2148 quod
672 2041 742 2119 luit
765 2060 936 2148 receptus
960 2046 998 2119 in
1019 2043 1131 2120 domo
1156 2045 1203 2119 de
1224 2044 1367 2130 Paians,
1390 2042 1541 2147 triginta
1560 2072 1622 2120 sex
1642 2047 1729 2121 anni

317 2189 425 2249 erunt
439 2173 478 2248 in
492 2173 639 2248 instanti
654 2172 747 2248 sesto
762 2173 966 2249 Nativitatis
977 2174 1146 2263 Domini,
1159 2201 1226 2277 per
1240 2173 1391 2248 fratrem
1405 2171 1667 2251 Theobaldum
1679 2174 1725 2252 de

316 2302 496 2388 Breteuil,
523 2303 756 2407 presentibus
774 2302 885 2379 fratre
910 2303 1057 2378 Tlroma
1081 2304 1292 2379 Normanno
1313 2319 1350 2378 et
1368 2301 1477 2378 fratre
1499 2303 1662 2405 Symone
1683 2306 1729 2381 de

316 2433 443 2508 Paians
463 2449 500 2507 et
517 2432 740 2537 quibusdam
761 2431 842 2508 aliis
867 2432 914 2508 de
940 2459 1100 2536 quorum
1124 2432 1339 2508 nominibus
1364 2459 1439 2507 non
1464 2431 1607 2508 recolit.
1630 2434 1758 2513 Dixit.

318 2563 433 2637 eciam
455 2590 523 2665 per
536 2562 790 2668 juramentum
809 2590 920 2638 suum
940 2562 1057 2667 quod,
1080 2579 1164 2667 post
1183 2562 1318 2639 multas
1338 2561 1601 2667 promissiones
1616 2563 1662 2640 ab
1681 2592 1727 2640 eo

315 2689 426 2767 lactas
449 2690 495 2767 de
527 2691 763 2768 observandis
794 2693 936 2768 statutis
961 2708 999 2768 et
1023 2693 1173 2768 secretis
1194 2691 1282 2766 dicti
1303 2692 1461 2779 ordinis,
1491 2711 1528 2769 et
1548 2692 1726 2769 mantello

314 2820 384 2896 sibi
402 2821 450 2895 ad
464 2821 600 2917 collum
612 2822 749 2926 posim,
772 2821 893 2897 dictus
910 2820 1092 2930 recipiens
1107 2820 1269 2896 ostendit
1282 2819 1352 2895 sibi
1368 2822 1567 2926 quamdam
1579 2849 1727 2927 parvam

316 2978 462 3027 crucem
483 2950 520 3026 in
541 2979 612 3056 qua
639 2968 716 3027 erat
741 2977 872 3056 ymago
897 2949 1012 3026 lhesu
1036 2949 1175 3027 Christi
1201 2948 1379 3036 crucifixi,
1402 2967 1440 3026 et
1459 2951 1588 3054 petivit
1611 2950 1657 3026 ab
1682 2978 1726 3027 eo

315 3095 442 3154 utrum
466 3079 634 3156 crederet
662 3078 766 3185 quod
793 3096 890 3156 esset
908 3107 1038 3187 ymago
1058 3080 1173 3154 lbesu
1195 3078 1350 3168 Christi;
1378 3080 1512 3184 etipse
1536 3078 1729 3183 respondit

313 3209 417 3310 quod
435 3210 498 3285 sic.
521 3210 566 3285 Et
584 3227 675 3286 tunc
692 3210 770 3316 ipse
793 3209 959 3314 precepit
979 3208 1050 3285 sibi
1070 3208 1172 3314 quod
1190 3225 1341 3313 spueret
1368 3237 1478 3314 supra
1500 3236 1667 3297 crucem;
1691 3226 1727 3285 et

314 3336 412 3440 spuit
431 3339 561 3427 semel,
587 3357 625 3415 et
644 3339 828 3415 osculatus
856 3337 926 3415 luit
946 3338 1089 3415 dictum
1110 3338 1351 3442 recipientem
1371 3338 1409 3413 in
1430 3341 1608 3417 umbilico
1630 3339 1725 3415 etin

314 3494 389 3543 ore.
405 3468 505 3544 Dixit
525 3469 640 3545 eciam
654 3498 723 3575 per
731 3470 988 3575 juramentum
1001 3496 1111 3544 suum
1130 3469 1233 3574 quod
1248 3468 1369 3546 dictus
1384 3470 1565 3574 recipiens
1580 3469 1651 3545 sibi
1666 3469 1728 3544 de

313 3599 458 3705 negavit
482 3615 520 3674 et
546 3599 710 3699 inhibuit
729 3600 868 3675 coitum
893 3599 1113 3684 mulierum,
1131 3615 1169 3673 et
1189 3598 1294 3673 dedit
1312 3599 1380 3672 sibi
1402 3598 1595 3674 licenciam
1616 3596 1727 3672 habi-

313 3726 412 3803 tandi
429 3728 621 3804 carnaliter
639 3757 725 3803 cum
740 3727 914 3803 fratribus
928 3726 1016 3801 dicti
1036 3727 1188 3802 ordinis.
1209 3727 1310 3801 Dixit
1321 3743 1444 3801 tamen
1459 3755 1526 3831 per
1535 3728 1727 3832 juramen·

312 3872 395 3931 tum
414 3885 524 3933 suum
544 3856 648 3961 quod
668 3855 787 3932 credit
805 3856 909 3962 quod
933 3883 1063 3932 omnes
1082 3854 1142 3930 alii
1163 3883 1230 3960 per
1254 3856 1415 3932 similem
1444 3857 1599 3932 modum
1631 3856 1726 3933 reci-

313 3983 476 4087 piuntur.
493 3987 742 4090 interrogatus
761 3985 951 4074 utrumvi,
969 3984 1027 4060 vel
1045 4002 1149 4062 metu
1167 3986 1323 4062 carceris
1342 4014 1408 4061 seu
1427 4003 1720 4075 tormentorum,

189 4156 193 4161 ·
314 4130 377 4188 aut
395 4113 465 4189 alia
486 4113 533 4190 de
551 4143 672 4203 causa,
695 4116 855 4222 aliquam
871 4115 1003 4193 dixerit
1022 4114 1217 4192 salsitatem
1231 4115 1288 4192 vel
1302 4115 1546 4192 immiscuerit
1558 4118 1597 4192 in
1614 4117 1726 4222 depo·

313 4242 450 4319 sicione
466 4272 546 4331 sua,
562 4245 653 4320 dixit
662 4274 730 4350 per
737 4245 991 4351 juramentum
1001 4274 1111 4322 suum
1125 4247 1230 4352 quod
1242 4273 1335 4334 n0n;
1352 4245 1467 4322 immo
1487 4247 1578 4323 dixit
1592 4274 1723 4352 puram

314 4390 515 4449 veritatem.

368 4637 459 4712 Item
480 4634 591 4713 frater
606 4636 793 4714 lohannes
813 4637 933 4716 dictus
953 4637 1192 4732 de'Parisius,
1214 4640 1320 4717 etatis
1341 4639 1468 4746 viginti
1486 4656 1647 4745 quatuor
1661 4667 1718 4715 an·

312 4766 623 4872 norum,juratus
643 4767 776 4843 eodem
792 4770 905 4847 modo
925 4768 972 4847 de
991 4797 1030 4847 se
1051 4787 1088 4846 et
1105 4769 1186 4864 aliis
1200 4770 1239 4848 in
1253 4799 1360 4849 causa
1380 4770 1469 4849 fidei
1491 4771 1615 4848 dicere
1628 4769 1727 4847 veri·

398 4915 850 4976 emmerammenses-11.
1539 4918 1580 4999 1⁸9
