4230 5956
620 439 817 537 naocns
844 460 940 531 nas
966 458 1262 546 rsupcmns.
1580 463 1652 534 509

233 602 273 675 in
290 598 387 676 libro
402 615 624 675 statutorum
634 617 671 676 et
679 599 807 705 regule
821 598 964 677 ordinis
977 599 1126 704 Templi
1138 598 1246 674 latius
1257 598 1476 675 continetur.
1489 599 1564 692 Qui
1576 601 1655 706 qui·

235 731 319 807 dem
332 728 428 805 liber
439 727 625 805 exhibitus
637 746 692 807 est
703 745 741 806 et
751 728 910 807 traditus
921 729 1077 807 domino
1088 727 1240 804 Elnensi
1249 727 1434 832 episcopo,
1444 728 1652 835 inquisitori

230 860 345 967 hujus
358 859 628 965 inquisitionis,
640 887 708 965 per
717 860 860 937 dictum
867 858 1017 936 fratrem
1029 858 1348 946 Bartholomeum,
1362 873 1405 933 ut
1415 859 1556 935 audivit
1566 861 1651 937 diei.

291 988 348 1065 Ad
364 990 494 1068 lxxxvn
520 1006 558 1066 et
576 988 724 1071 lxxxvru
743 1008 781 1067 et
802 990 980 1067 ultimum
1001 987 1176 1066 articulos
1197 987 1394 1094 diligenter
1414 1005 1451 1064 et
1469 988 1654 1093 sigillatim

233 1121 494 1228 interrogatus,
516 1118 748 1225 respondens
767 1120 861 1197 dixit
878 1149 917 1196 se
938 1149 1007 1196 nec
1024 1119 1117 1195 scire
1136 1146 1206 1194 nec
1227 1116 1379 1194 credere
1399 1117 1587 1222 predictos
1603 1146 1655 1194 er-

233 1279 336 1341 rores
353 1251 399 1327 de
413 1250 549 1356 quibus
560 1252 599 1328 in
611 1252 903 1359 articulisagitur
914 1279 1080 1356 unquam
1095 1250 1269 1327 habuisse
1284 1267 1408 1326 ortum
1428 1249 1486 1325 vel
1502 1250 1654 1328 inicium

233 1409 414 1487 aquoque
427 1380 474 1457 de
493 1380 668 1459 fratribus
687 1379 830 1458 ordinis
848 1381 1043 1458 memorati
1059 1408 1157 1457 neca
1173 1380 1303 1486 quovis
1316 1380 1408 1469 alio,
1424 1408 1493 1456 nec
1507 1381 1576 1457 scit
1586 1409 1655 1458 nec

233 1510 352 1587 credit
365 1510 519 1616 ydolum
533 1509 591 1586 val
602 1509 714 1617 ydola
730 1539 809 1587 esse
824 1511 881 1586 vel
901 1509 1014 1587 luisse
1035 1508 1162 1616 aliquo
1181 1526 1349 1615 tempore
1368 1509 1406 1585 in
1424 1510 1506 1615 ipso
1523 1510 1654 1588 ordine

232 1640 290 1717 vel
309 1639 392 1716 loco
405 1657 468 1715 aut
481 1655 585 1745 parte
605 1639 727 1746 aliqua
737 1640 880 1717 ordinis
894 1638 1090 1746 sepedicti3
1105 1668 1174 1716 nec
1191 1640 1353 1716 venerari
1374 1656 1479 1745 putat
1497 1639 1655 1746 ydolum

233 1769 410 1846 custodiri
425 1769 471 1845 ab
483 1769 608 1875 aliquo
615 1768 727 1847 lratre
737 1770 795 1847 vel
804 1771 878 1848 alio
891 1772 931 1848 in
939 1772 1020 1876 ipso
1034 1770 1185 1859 ordine,
1204 1796 1273 1845 nec
1283 1797 1441 1875 usquam
1457 1797 1576 1875 usque
1588 1798 1656 1846 nec

232 1927 330 1975 nunc
348 1899 582 1977 mentionem
608 1897 772 2005 aliquam
789 1898 930 1977 audivit
950 1900 1022 1975 dici
1042 1899 1099 1976 vel
1117 1897 1199 1974 lieri
1218 1899 1265 1974 de
1288 1898 1479 2004 predictis,
1501 1927 1571 1974 nec
1589 1901 1657 1976 scit

234 2028 326 2133 quid
347 2029 394 2103 sit
412 2026 566 2134 ydolum
595 2056 666 2105 nec
690 2029 810 2134 capud
829 2028 950 2136 ydoli,
971 2057 1041 2105 nec
1066 2044 1173 2134 putat
1194 2029 1300 2135 quod
1319 2029 1359 2105 in
1379 2028 1547 2136 capitulis
1566 2029 1654 2107 dicti

235 2156 396 2246 ordinis,
426 2156 660 2264 temporibus
680 2159 870 2249 anteactis,
900 2158 1024 2265 aliqua
1049 2157 1187 2235 luerint
1217 2176 1366 2235 tractata
1385 2159 1443 2236 vel
1462 2160 1559 2236 dicta
1582 2191 1654 2268 que

234 2288 398 2365 Domino
416 2304 543 2366 nostro
558 2288 672 2365 Jhcsu
692 2288 843 2368 Christo
863 2288 1022 2367 debeant
1040 2287 1248 2396 displicere.

290 2419 412 2523 Super
431 2417 510 2496 aliis
525 2446 613 2497 vero
631 2435 709 2496 tam
723 2419 1017 2498 circumstanciis
1035 2448 1149 2526 quam
1170 2419 1434 2497 coherentibus
1457 2420 1546 2526 ipsis
1570 2421 1656 2497 arti·
1684 2441 1688 2448 '

235 2546 327 2625 culis
342 2548 537 2655 diligenter
554 2548 813 2656 interrogatus,
837 2550 930 2627 dixit
948 2578 987 2627 se
1002 2550 1144 2627 nescire
1163 2549 1271 2655 plura
1285 2578 1353 2627 nec
1374 2550 1525 2628 credere
1547 2551 1656 2628 aliter

235 2707 347 2783 quam
367 2678 540 2783 superius
554 2695 611 2756 est
625 2679 824 2757 consessus.

291 2941 399 3019 Anno
417 2959 454 3019 et
469 2941 530 3019 die
550 2940 688 3048 quibus
706 2970 829 3048 supra.
889 2990 892 2995 =

266 3071 433 3147 -xxtltt
461 3073 589 3148 Frater
616 3072 758 3178 Symon
781 3070 828 3148 de
853 3070 946 3147 Elna
977 3070 1122 3153 ordinis
1148 3070 1237 3147 dicti
1267 3070 1416 3175 Templi
1449 3088 1486 3146 et
1519 3069 1655 3147 domus

235 3200 355 3277 Mansi
374 3199 462 3290 Dei,
483 3200 588 3279 testis
602 3203 749 3308 juratus
767 3201 814 3278 ad
829 3217 952 3277 sancta
966 3200 1036 3278 Dei
1056 3199 1254 3307 Evangelia
1274 3228 1387 3306 super
1405 3199 1584 3305 predictis
1600 3228 1656 3276 ar-

235 3328 360 3407 ticulis
379 3347 418 3406 et
437 3356 568 3407 eorum
592 3329 761 3437 quolibet
781 3330 852 3408 sibi
876 3330 1050 3435 expositis
1068 3329 1106 3405 iu
1125 3328 1283 3436 vulgari,
1312 3345 1356 3406 ut
1372 3329 1586 3435 principalis
1608 3330 1655 3406 de

235 3485 274 3534 se
296 3459 393 3564 ipso,
412 3475 450 3536 et
463 3476 507 3537 ut
519 3459 625 3537 testis
646 3457 813 3549 dealiis,
836 3458 1032 3566 diligenter
1053 3475 1089 3534 et
1108 3457 1295 3564 sigillatim
1313 3458 1577 3562 iuterrogatus,
1599 3487 1657 3534 re-

236 3587 423 3693 spondens
437 3589 483 3664 ad
493 3589 675 3694 primum,
694 3613 882 3665 tt—xxxrx
898 3587 1073 3664 articulos
1086 3586 1281 3674 inclusive,
1298 3586 1444 3691 negavit
1457 3586 1557 3690 ipsos
1574 3588 1656 3661 arti·

235 3717 337 3795 culos
358 3733 395 3792 et
409 3716 534 3792 omnia
553 3731 592 3792 et
610 3714 758 3821 singula
776 3731 948 3792 contenta
968 3715 1009 3790 in
1030 3714 1095 3790 eis.
1119 3713 1323 3791 Confessus
1335 3731 1459 3790 tamen
1481 3717 1655 3822 estquod

234 3847 273 3921 in
289 3843 505 3948 recepcione
523 3840 679 3922 lratrum
696 3842 746 3919 ad
765 3841 906 3920 dictum
923 3842 1093 3920 ordinem
1116 3840 1216 3919 nulla
1233 3840 1329 3919 fiunt
1347 3870 1416 3919 nec
1437 3842 1518 3919 fieri
1535 3844 1655 3949 preci-

233 3974 390 4080 piuntur
406 4001 475 4051 nec
491 3972 672 4050 docentur
694 3973 739 4050 ab
759 3972 886 4081 aliquo
905 3958 1101 4050 inhonesta
1119 3971 1214 4051 lacta
1234 3972 1292 4051 vel
1312 3974 1425 4060 dicta,
1448 3973 1514 4051 sed
1533 3974 1653 4052 solum

235 4104 315 4182 Deo
334 4103 562 4209 beneplacita
585 4121 622 4180 et
641 4104 811 4181 honesta.
1106 4186 1111 4197 ,
1407 4199 1410 4203 ¹

291 4234 393 4310 Dixit
418 4233 540 4309 eciam.
553 4235 657 4339 quod
676 4250 948 4311 sacramentum
972 4232 1097 4310 altaris
1116 4251 1154 4310 et
1173 4233 1299 4310 omnia
1323 4233 1391 4310 alia
1413 4233 1654 4312 ecclesiastica

235 4381 457 4440 sacramenta
480 4365 638 4441 credunt
656 4363 744 4443 dicti
765 4361 896 4443 fratres
914 4380 951 4442 et
970 4365 1049 4470 ipse
1070 4364 1136 4470 qui
1155 4364 1334 4470 loquitur,
1356 4365 1451 4440 sicut
1469 4363 1600 4442 fideles
1619 4379 1656 4439 et

237 4491 405 4569 catholici
418 4492 634 4582 Christiani,
649 4509 763 4600 prout
775 4493 853 4599 ipse
864 4493 932 4572 scit
946 4493 993 4571 de
1005 4521 1062 4583 se,
1079 4511 1117 4571 et
1130 4493 1177 4570 de
1191 4493 1272 4571 aliis
1283 4491 1528 4599 confratribus
1537 4493 1655 4599 ipsius

238 4620 381 4697 ordinis
407 4621 507 4699 idem
532 4623 662 4702 credit.
700 4623 869 4701 Credunt
896 4623 1011 4700 eciam
1042 4618 1231 4702 Christum
1262 4623 1469 4700 Dominum
1500 4624 1654 4701 lhesum

238 4750 357 4826 Deum
374 4779 454 4829 esse
471 4753 626 4830 unicum
647 4753 923 4861 redemptorem
944 4770 981 4831 et
997 4751 1216 4849 salvatorem
1236 4753 1405 4831 omnium
1427 4752 1654 4859 sperantium
