4230 5956
688 448 882 539 rnocns
908 464 1003 537 ons
1028 464 1324 538 rnunmnns.
1640 470 1712 541 sot

305 608 418 683 nimia
433 623 627 694 vetustate,
650 624 687 683 et
705 607 872 712 precepit
890 605 962 684 sibi
982 607 1085 711 quod
1104 625 1256 713 spueret
1272 632 1383 710 supra
1405 631 1503 694 eam,
1527 607 1716 710 quietalis

304 755 381 814 erat
399 735 536 813 modus
550 735 707 825 ordinis,
729 755 772 813 ut
787 734 951 826 diceban
971 753 1009 812 et
1026 737 1106 841 ipse
1121 754 1214 813 tunc
1230 737 1376 842 lingens
1388 751 1456 822 ter,
1473 735 1521 810 de
1538 756 1715 844 precepto

303 866 392 943 dicti
411 865 637 972 recipientis,
656 894 790 971 spuere
805 892 916 972 supra
930 894 1095 954 crucem,
1118 867 1218 971 spuit
1232 867 1279 943 ad
1298 883 1447 942 terram.
1459 865 1506 941 Et
1519 858 1645 969 postea
1659 867 1717 943 di-

303 1014 384 1073 ctus
395 997 582 1102 recipiens
598 996 700 1073 duxit
714 1024 804 1074 eum
821 998 862 1077 in
879 996 1040 1102 quadarn
1052 1022 1197 1073 camera
1210 998 1312 1102 juxta
1328 994 1520 1100 capellam,
1537 1013 1576 1071 et
1587 995 1717 1073 ablatis

302 1126 468 1203 vestibus
493 1125 585 1213 suis,
610 1125 697 1201 lecit
715 1154 755 1203 se
774 1125 931 1203 osculari
950 1125 997 1201 ab
1022 1153 1068 1201 eo
1089 1127 1127 1201 in
1146 1125 1340 1202 umbilico.
1362 1126 1409 1201 Et
1424 1125 1517 1200 dixit
1535 1152 1603 1229 per
1616 1126 1718 1232 jura·

305 1273 471 1331 mentum
497 1284 609 1332 suum
639 1256 839 1361 requisitus
868 1254 972 1360 quod
1000 1255 1205 1361 injunctum
1235 1254 1306 1330 fuit
1332 1254 1401 1330 sibi
1427 1255 1466 1330 in
1491 1234 1600 1331 dicta
1616 1283 1718 1333 rece-

304 1387 436 1489 peione
456 1413 522 1461 sua
542 1385 646 1490 quod
664 1386 818 1461 omnino
840 1384 1042 1462 abstineret
1064 1412 1085 1459 a
1103 1382 1342 1472 mulieribus,
1372 1400 1410 1460 et
1429 1383 1533 1489 quod
1559 1385 1590 1460 si
1616 1366 1726 1463 inue-¹

304 1516 447 1591 niretur
464 1542 552 1590 cum
570 1514 759 1619 aliquibus
775 1513 1014 1602 mulieriBus,
1036 1514 1210 1618 perderet
1230 1512 1448 1591 mantellum
1466 1513 1556 1590 dicti
1576 1515 1717 1592 ordinis

304 1662 341 1720 et
364 1643 589 1747 hospicium,
615 1660 652 1721 et
677 1645 769 1722 dixit
787 1644 863 1723 ¹sibi
889 1645 1011 1721 dietus
1029 1645 1216 1750 recipiens
1242 1644 1346 1750 quod
1369 1644 1454 1719 lecti
1475 1642 1630 1719 fratrum
1650 1643 1718 1720 de-

302 1772 441 1849 bebant
458 1801 537 1850 esse
552 1801 781 1852 communes.
797 1773 1013 1881 Bequisitus
1028 1774 1121 1850 dixit
1138 1803 1208 1881 per
1217 1775 1472 1880 juramentum
1489 1798 1599 1849 suum
1614 1774 1717 1879 quod

303 1903 423 1978 credit
445 1903 548 2009 quod
575 1930 705 1980 omnes
730 1903 793 1980 alii
814 1903 946 1980 fratres
964 1900 1054 1980 dieti
1080 1903 1221 1979 ordinis
1246 1930 1315 2006 per
1340 1901 1446 1977 illum
1467 1901 1623 1979 modum
1642 1903 1718 1980 sint

302 2033 454 2136 recepti.
618 2082 621 2087 -
1306 2066 1310 2071 ·
1415 2086 1420 2093 -

359 2163 610 2267 Interrogatus
624 2179 751 2238 uuum
760 2162 811 2253 vi,
826 2178 889 2238 aut
901 2177 1007 2237 metu
1021 2161 1193 2248 carceris,
1214 2176 1503 2248 tormentorruu,
1521 2160 1717 2267 autaliqua

304 2290 372 2366 alia
390 2290 438 2367 de
453 2319 578 2378 causa,
600 2290 762 2397 aliquam
776 2290 972 2369 falsitatem
986 2289 1228 2367 immiscuerit
1242 2291 1281 2367 in
1296 2290 1535 2395 depositione
1555 2316 1637 2377 sua,
1653 2309 1718 2367 ant

303 2422 494 2497 veritatem
508 2421 679 2511 tacuerit,
702 2420 794 2497 dixit
805 2446 874 2525 per
884 2420 1136 2527 jurunentum
1153 2446 1263 2496 suum
1282 2420 1386 2525 quod
1403 2444 1498 2507 non,
1515 2418 1631 2495 immo
1645 2446 1717 2524 pu·

303 2576 382 2625 ram
405 2550 545 2626 dixerat
563 2567 601 2627 et
619 2551 801 2657 integram
821 2548 1024 2627 veritatem.

320 2834 322 2839 ·
359 2809 452 2883 Item
465 2806 577 2883 frater
587 2808 746 2886 lacobus
764 2808 800 2884 le
820 2778 951 2912 Verjus
972 2806 1020 2882 de
1035 2805 1157 2883 Rebes
1172 2809 1211 2882 in
1226 2808 1326 2893 Bria,
1341 2832 1490 2882 morans
1504 2806 1603 2912 apud
1618 2807 1717 2883 Fres-

305 2962 458 3042 neyum,
481 2935 615 3012 eodem
635 2935 751 3013 modo
771 2935 1009 3022 constitutus,
1027 2933 1176 3039 juratus
1196 2950 1234 3009 et
1252 2934 1517 3040 interrogatus,
1541 2934 1633 3010 dixit
1650 2962 1717 3041 per

299 3066 556 3171 juramentum
571 3092 683 3141 suum
695 3064 801 3169 quod
814 3062 886 3139 luit
897 3080 1071 3168 receptus
1086 3061 1186 3167 apud
1202 3061 1475 3140 Coulommiers
1488 3064 1529 3139 in
1543 3064 1639 3155 Bria,
1650 3091 1719 3169 per

303 3192 453 3269 fratrem
470 3192 679 3270 lobannem
699 3193 748 3270 de
768 3192 963 3271 Moncellis
981 3208 1240 3297 preceptorem
1259 3192 1423 3269 baillivie
1441 3193 1488 3270 de
1505 3195 1606 3282 Bria,
1628 3220 1718 3300 qua·

305 3324 469 3430 draginta
496 3322 581 3400 anni
610 3324 669 3399 vel
694 3324 794 3400 circa·
811 3339 899 3401 suut
924 3321 1058 3426 elapsi,
1088 3322 1327 3426 presentibus
1354 3320 1467 3400 fratre
1493 3321 1717 3400 Robertole

303 3453 448 3529 Fouion
469 3471 687 3558 preceptore
702 3453 800 3529 dicte
820 3454 973 3543 domus,
996 3469 1034 3530 et
1051 3452 1277 3558 quibusdam
1298 3452 1381 3530 aliis
1400 3453 1448 3529 de
1468 3479 1630 3558 quorum
1649 3480 1718 3530 no·

206 3586 214 3603 '
304 3582 470 3658 minibus
488 3611 564 3659 non
583 3581 725 3659 recolit.
747 3581 849 3661 Dixit
868 3583 985 3659 eciam
1008 3609 1077 3686 per
1087 3580 1342 3686 juramentum
1358 3610 1469 3658 suum
1488 3581 1607 3686 quod,
1633 3599 1718 3686 post

303 3711 439 3788 multas
457 3710 722 3814 promissiones
734 3709 781 3787 ab
796 3736 842 3785 eo
859 3708 1034 3786 lactas-de
1053 3710 1198 3785 statutis
1216 3726 1253 3785 et
1266 3710 1418 3786 secretis
1432 3709 1574 3786 ordinis
1590 3709 1719 3787 obaer-

303 3839 448 3929 vendis,
471 3840 593 3916 dictus
611 3838 795 3942 recipiens
818 3838 982 3915 ostendit
1004 3837 1078 3915 sibi
1096 3839 1298 3944 quamdam
1318 3866 1467 3915 crucem
1484 3853 1652 3916 veterem
1669 3839 1716 3915 d'e

304 3969 421 4073 ligno,
444 3985 481 4044 et
500 3967 592 4044 dixit
605 3967 676 4044 sibi
693 3967 795 4072 quod
811 3965 1008 4073 oportebat
1020 3967 1126 4074 quod
1142 3986 1294 4073 spueret
1304 3985 1364 4045 ter
1377 3994 1487 4074 supra
1500 3994 1666 4057 crucem3
1679 3985 1718 4045 et

304 4097 377 4174 hoc
396 4099 474 4202 ipse
494 4097 593 4175 fecit.
609 4099 858 4206 Interrogabis
877 4099 1031 4175 devoto
1048 4098 1239 4186 castitatis,
1268 4098 1360 4174 dixit
1377 4124 1445 4203 per
1462 4098 1715 4206 juramentum

256 4244 257 4248 ’
304 4255 415 4302 suum
434 4227 537 4332 quod
553 4227 760 4334 injunctum
780 4225 851 4304 fuit
868 4227 1062 4334 sibiquod
1080 4227 1160 4333 ipse
1178 4245 1216 4304 et
1234 4227 1294 4304 alii
1314 4226 1444 4305 iratres
1461 4227 1604 4307 ordinis
1619 4229 1718 4334 jace·

304 4375 388 4435 rent
406 4385 507 4435 unus
523 4387 608 4435 cum
624 4357 715 4449 alio,
736 4359 767 4436 si
786 4358 1012 4465 indigerent,
1035 4357 1101 4436 sed
1121 4385 1196 4436 non
1211 4360 1345 4448 credit,
1370 4377 1412 4437 ut
1431 4360 1523 4437 dixit
1537 4387 1606 4465 per
1618 4360 1717 4465 jura·

303 4505 470 4565 mentum
490 4516 617 4576 suum,
645 4488 749 4594 quod
769 4487 841 4566 fuit
859 4488 957 4565 mala
976 4488 1200 4567 intencione.
1221 4491 1468 4599 Interrogatus
1495 4489 1541 4567 de
1566 4487 1711 4578 osculo,

305 4617 396 4694 dixit
408 4645 477 4723 per
485 4620 738 4726 juramentum
753 4648 864 4697 suum
881 4619 986 4728 quod
1001 4620 1122 4697 dictus
1140 4620 1322 4727 recipiens
1341 4621 1429 4699 lecit
1442 4649 1482 4698 se
1497 4619 1654 4698 osculari
1670 4619 1716 4697 ab

304 4748 402 4824 eoin
416 4748 612 4841 umbilic03
626 4767 663 4825 et
676 4749 767 4829 dixit
780 4777 849 4855 per
861 4749 1116 4856 juramentum
1131 4778 1241 4829 suum
1259 4751 1460 4857 requisitus
1473 4750 1579 4857 quod
1588 4749 1716 4857 plures
