4268 5946
455 479 526 550 ns
841 454 1036 547 esoces
1061 471 1155 544 ons
1182 470 1479 544 rnurnrsns.

448 617 506 694 sel
519 614 717 722 temporali
738 615 900 692 comodo
919 610 1050 690 habito
1069 610 1127 688 vel
1143 610 1337 700 habendo,
1357 609 1553 717 respondit
1566 609 1672 716 quod
1685 637 1781 700 non,
1803 613 1868 690 sed

450 766 520 851 pro
540 745 693 820 veritate
715 743 890 830 dicenda;
917 741 977 819 cui
1005 740 1077 817 suit
1105 740 1317 847 injunctum
1350 738 1453 845 quod
1472 760 1551 816 non
1569 735 1752 818 revelaret
1774 739 1870 818 hanc

450 898 558 950 snam
575 872 879 979 deposicionem,
901 896 1099 978 quousque
1119 869 1376 946 attestationes
1397 865 1757 973 fuerintpublicate.

508 1134 634 1208 Frater
658 1131 815 1208 Anricus
845 1130 894 1209 de
925 1128 1149 1236 Conpendio
1181 1128 1366 1215 serviens,
1395 1127 1678 1206 suessionensis
1693 1127 1868 1222 diocesis,

450 1261 556 1338 testis
573 1288 689 1367 'supra
710 1260 877 1366 juratus,
897 1258 1144 1366 quadraginta
1165 1284 1230 1334 sex
1248 1282 1435 1334 annorum
1459 1255 1519 1331 vel
1538 1256 1657 1347 circa,
1678 1257 1748 1364 qui
1760 1286 1872 1347 xman·

450 1389 585 1467 tellum
606 1389 798 1466 dimiserat
812 1389 851 1463 in
863 1386 1021 1465 concilio
1039 1386 1217 1463 Rememi
1234 1402 1274 1463 et
1290 1385 1534 1491 postmodum
1548 1386 1630 1462 radi
1644 1384 1782 1463 fecerat
1798 1388 1869 1465 sibi

451 1516 630 1609 barbam,
659 1545 746 1594 cum
776 1543 853 1622 quo
884 1516 1108 1622 inquisitum
1138 1514 1281 1602 fuerat,
1307 1512 1503 1592 absolutus
1537 1530 1576 1591 et
1603 1516 1870 1596 reconciliatus

450 1674 521 1754 per
541 1646 740 1723 dominum
750 1645 1076 1750 archiepiscopum
1090 1646 1337 1732 lismensem,
1354 1642 1461 1720 lectis
1477 1661 1516 1721 et
1537 1643 1740 1752 diligenter
1758 1675 1871 1753 expo-

452 1776 532 1854 sitis
549 1775 622 1852 sibi
645 1774 826 1852 omnibus
846 1790 885 1850 et
903 1773 1061 1881 singulis
1079 1773 1260 1863 articulis,
1275 1773 1547 1878 protestatione
1565 1774 1747 1879 premissa
1766 1780 1869 1881 qood

452 1931 529 1981 non
543 1903 708 1981 intendit
726 1905 938 1983 recederes
964 1903 1204 2008 deposicione
1222 1929 1293 2009 per
1311 1901 1514 1980 eumfacta
1528 1930 1658 1980 coram
1670 1903 1778 1982 dicto
1800 1905 1868 1983 do-

451 2034 557 2112 mino
576 2033 870 2139 archiepiscopo,
883 2032 1079 2139 respondit
1093 2059 1132 2109 se
1146 2031 1307 2122 nescire,
1328 2059 1399 2109 nec
1414 2031 1868 2122 crederesnecmdirisse

454 2163 528 2239 dici
549 2162 597 2240 de
618 2163 802 2241 contentis
828 2163 868 2238 in
883 2161 1033 2240 eisnisi
1055 2161 1160 2268 qnod
1184 2160 1649 2268 sequitur.Di1it·nempe
1686 2190 1728 2241 se
1755 2161 1869 2242 fuisse

451 2306 662 2399 receptum,
691 2309 780 2369 sunt
803 2291 950 2368 circiter
966 2317 1039 2368 xxx
1060 2290 1167 2380 anni,
1184 2290 1230 2368 in
1243 2289 1383 2396 capella
1403 2291 1541 2368 domus
1554 2291 1705 2397 Templi
1718 2292 1766 2371 ds
1785 2293 1870 2370 Bel·

451 2419 611 2498 lincuria
636 2420 868 2498 Belvaoensis
892 2420 1069 2508 diocesis,
1097 2417 1346 2527 per'fratrem
1381 2421 1591 2498 lohannem
1618 2420 1659 2498 lo
1687 2422 1869 2529 Franceys

451 2549 613 2627 militem
627 2550 840 2657 qnondam,
858 2565 1120 2656 preceptorem
1133 2566 1230 2626 tunc
1244 2550 1417 2642 Francia,
1435 2549 1676 2656 presentibus
1688 2548 1868 2630 fratribm

452 2679 656 2789 Raynaudo
681 2680 729 2758 de
747 2680 877 2770 Codu,
900 2696 939 2757 et
961 2679 1165 2788 Raynando
1189 2679 1236 2756 de
1266 2678 1479 2788 digena-illa
1504 2679 1704 2772 milidbns,
1725 2697 1765 2758 et
1780 2683 1869 2758 Bar·

451 2809 648 2888 tholomeo
659 2811 715 2888 de
735 2810 814 2919 Gay
831 2811 1029 2901 serviente,
1052 2810 1273 2901 deffunotiss
1292 2838 1404 2918 aquo
1421 2825 1616 2916 receptore
1630 2811 1868 2917 petitispsne

454 2959 493 3019 et
507 2968 604 3047 aqua
623 2941 767 3018 ordinis
786 2957 824 3018 et
860 2941 932 3019 sibi
949 2940 1155 3030 concessis,
1175 2939 1332 3047 prestito
1354 2940 1459 3048 qnod
1470 2965 1563 3017 non·
1575 2937 1739 3017 hahebat
1760 2939 1869 3017 inlis-

452 3069 621 3146 mitatem
641 3068 835 3183 letentem,
852 3097 924 3148 nec
938 3088 1016 3147 erat
1028 3066 1743 3163 excommunicatusfnecmataimonio,
1759 3067 1866 3146 alteri

452 3195 626 3306 religioni
641 3200 699 3276 vel
720 3199 946 3307 debitisque
961 3199 1113 3278 solvere·
1129 3226 1207 3277 non
1228 3199 1575 3309 possetobligrtus,
1597 3197 1686 3277 feeit
1703 3225 1793 3276 snm
1806 3227 1870 3277 m-

451 3354 537 3404 rere
557 3345 595 3404 et
608 3327 736 3434 jurare
757 3330 979 3423 castitatem,
1001 3327 1277 3421 obedienciam,
1298 3328 1778 3435 rivere·sine‘prop1io,·et
1791 3357 1869 3406 ser·

451 3481 536 3534 vare
552 3455 680 3536 =bonos
693 3484 792 3535 ‘usus
816 3476 864 3536 et·
882 3458 1001 3535 bonas
1018 3457 1319 3536 consuetudines
1342 3457 1503 3546 ordinis3
1531 3474 1569 3535 et
1590 3458 1770 3564 imposito
1795 3457 1867 3536 sibi

452 3585 855 3693 mantello,··receptor·
869 3604 907 3673 et
930 3603 1090 3665 astantes
1103 3585 1263 3665 luerent
1286 3585 1553 3666 osonlsti'enm
1572 3587 1613 3664 in
1632 3614 1720 3676 ore3
1754 3604 1792 3664 et
1813 3586 1870 3663 iu-

451 3717 584 3796 struxit
598 3744 690 3794 eum
698 3734 794 3824 quot
807 3718 919 3796 Poter
927 3732 1045 3795 noster
1062 3716 1292 3823 diceret-pro
1302 3718 1407 3796 horis
1418 3717 1513 3810 suis,
1525 3733 1574 3794 ὀἱ
1588 3717 1751 3824 qualiter
1763 3743 1868 3826 rege·

449 3863 510 3925 ret
527 3875 567 3925 se
583 3847 790 3925 inordine.
811 3848 972 3955 Sumpta
986 3874 1079 3925 sero
1092 3846 1273 3954 prandio,
1290 3848 1434 3932 meavit
1447 3848 1572 3954 ipsum
1582 3863 1724 3925 testem
1732 3845 1866 3924 solum

450 3977 499 4054 ad
521 3979 725 4086 qnamdam
748 4005 949 4067 cameram,
976 3995 1015 4056 et
1040 3976 1177 4056 clauso·
1191 3977 1506 4085 ostio',¹'psecepit
1522 3974 1699 4082 cirquod
1716 3993 1868 4081 negaret

451 4110 661 4213 quamdam
680 4137 829 4187 crucem
857 4109 1184 4220 ligneam,1nescit·
1207 4135 1277 4215 per
1302 4134 1417 4216 (μοι
1429 4107 1603 4198 allatam,
1623 4105 1670 4182 in·
1685 4133 1761 4212 qua
1788 4132 1866 4182 non

451 4252 532 4313 sm
543 4265 682 4347 ymago
693 4238 945 4330 crucifixisses
959 4240 1038 4347 ‘ipse
1056 4241 1179 4336 sestis,
1190 4237 1366 4316 multam
1384 4236 1545 4327 dolens,
1560 4234 1708 4345 negavit
1729 4234 1866 4314 dmm

450 4391 601 4444 crucem
616 4393 680 4444 ore
699 4394 778 4446 non
793 4371 925 4457 corde,
946 4369 1160 4476 qariadixit·
1171 4369 1205 4446 ei
1225 4367 1419 4477 quod-hoo
1436 4385 1517 4446 erat
1534 4366 1582 4445 ds
1601 4367 1751 4474 paractis
1763 4366 1867 4444 ordi·

449 4496 525 4589 nis,
543 4497 755 4576 secundum
766 4524 888 4605 quem
903 4499 1028 4574 eciam
1046 4514 1195 4604 poteret
1213 4497 1414 4577 unalitas*
1425 4499 1663 4577 commisceri
1689 4495 1865 4573 methas

452 4625 594 4705 ordinis
614 4644 652 4704 et
670 4626 742 4733 ipsi
762 4654 850 4704 cnm
870 4651 932 4716 θος
953 4625 1027 4703 hoc
1046 4641 1175 4703 tamen
1189 4653 1275 4705 non·
1287 4622 1724 4732 Mona-aedisqsod
1740 4621 1782 4697 iu
1804 4646 1866 4696 or·

452 4748 826 4835 dius-fissaecndit
839 4746 1866 4879 tamen'qoodisweeptieuibus-aliommeelpostim
