4230 5956
705 450 903 543 rnocts
928 469 1025 541 nus
1053 467 1352 541 rrurtrrns.
1663 472 1734 543 sar

322 613 358 688 in
377 637 458 700 ore,
475 627 513 686 et
526 607 663 687 deinde
680 610 863 714 recipiens
882 607 970 685 fecit
985 609 1168 715 apportari
1184 606 1383 714 quamdam
1400 635 1547 683 crucem
1563 636 1648 684 cum
1663 608 1742 685 effi·

319 742 378 848 gie
391 740 508 817 lhesu
521 739 676 827 Christi,
691 757 730 815 et
748 737 908 846 injunxit
926 737 1016 827 sibi,
1039 740 1078 814 in
1093 738 1226 815 virtute
1247 736 1483 828 obediencie,
1505 738 1608 841 quod
1629 736 1742 815 abne·

319 886 422 977 garet
437 868 545 946 illum
560 870 665 977 cujus
685 897 816 977 ymago
833 886 911 945 erat
929 867 968 944 in
990 896 1031 945 ea
1050 885 1120 957 ter,
1142 886 1179 946 et
1196 886 1254 945 ter
1273 883 1424 973 spueret
1443 895 1553 971 supra
1573 894 1738 959 crucem

321 1018 358 1077 et
370 1018 462 1077 tnnc
480 1000 559 1105 ipse
578 999 644 1106 qui
670 998 839 1104 loquitur
860 997 932 1075 suit
954 997 1119 1075 multum
1140 998 1309 1087 territus,
1327 1014 1365 1075 et
1383 996 1619 1085 admirando,
1649 996 1741 1075 dixit

320 1129 537 1234 recipienti:
553 1129 731 1219 Domine,
759 1157 828 1235 pro
853 1130 936 1207 Deo
965 1129 1121 1206 caveatis
1140 1129 1245 1234 quod
1271 1155 1332 1205 vos
1359 1126 1497 1215 dicitis3
1522 1125 1650 1205 dicens
1676 1127 1738 1205 ei:

320 1259 498 1348 Domine,
516 1259 709 1365 quomodo
725 1258 856 1336 faciam
870 1288 939 1365 ego
960 1259 1054 1336 hoc?
1072 1260 1119 1335 Et
1132 1259 1316 1364 recipiens
1332 1257 1455 1335 adhuc
1469 1257 1540 1335 sibi
1554 1259 1738 1364 precepit,

321 1390 359 1464 in
378 1388 511 1464 virtute
531 1387 766 1480 obediencie,
794 1388 895 1494 quod
924 1389 997 1465 hoc
1023 1387 1176 1478 faceret,
1199 1406 1235 1465 et
1253 1405 1343 1465 tunc
1362 1388 1441 1492 ipse
1465 1388 1529 1494 qui
1557 1386 1738 1493 loquitur,

320 1517 406 1593 licet
420 1517 575 1607 invitus,
593 1546 674 1607 ore,
697 1519 764 1595 sed
784 1546 861 1598 non
877 1517 1007 1608 corde,
1023 1535 1066 1596 ut
1086 1518 1192 1608 dicit,
1213 1537 1271 1595 ter
1289 1517 1480 1623 abnegavit
1500 1546 1606 1606 eum,
1629 1536 1666 1596 et
1683 1536 1740 1598 ter

321 1646 420 1751 spuit
434 1674 544 1751 supra
564 1675 711 1724 crucem
730 1665 767 1725 et
782 1649 993 1755 ymaginem
1013 1649 1230 1755 predictam.

374 1777 469 1854 Item
490 1775 580 1854 dixit
600 1776 704 1883 quod
723 1777 906 1883 recipiens
923 1776 1011 1856 fecit
1029 1807 1068 1856 se
1085 1778 1241 1856 osculari
1257 1778 1304 1855 ab
1320 1805 1365 1854 eo
1384 1778 1424 1852 in
1443 1776 1632 1853 umbilico.
1645 1778 1739 1853 ltem

321 1904 413 1982 dixit
433 1933 501 2011 per
524 1905 781 2011 juramentum
797 1907 904 2013 quod
926 1909 1109 2012 recipiens
1127 1908 1295 2013 precepit
1317 1907 1351 1981 ei
1369 1906 1472 2012 quod
1492 1906 1695 1983 abstineret
1718 1935 1738 1981 a

321 2034 559 2124 mulieribus,
578 2053 616 2111 et
630 2036 734 2140 quod
752 2037 782 2112 si
797 2035 897 2113 calor
911 2036 1088 2113 naturalis
1099 2054 1264 2115 moveret
1278 2064 1382 2123 eum,
1398 2035 1502 2140 quod
1516 2035 1594 2141 ipse
1609 2034 1679 2112 iret
1692 2035 1739 2111 ad

320 2164 451 2242 fratres
471 2192 575 2254 suos,
604 2183 642 2242 et
665 2166 765 2271 ipsos
789 2165 962 2243 similiter
983 2164 1197 2244 admitteret
1221 2166 1268 2243 ad
1287 2183 1460 2243 mutuum
1481 2164 1738 2255 concubitnm;

319 2294 388 2371 sed
406 2295 485 2399 ipse
502 2322 694 2401 nunquam
710 2295 813 2383 fecit,
834 2322 903 2373 nec
918 2324 1031 2401 super
1047 2296 1120 2373 hoc
1137 2296 1209 2374 fuit
1223 2297 1435 2403 requisitus.

375 2428 469 2503 ltem
485 2426 703 2533 requisitus,
733 2427 824 2504 dixit
842 2454 911 2532 per
929 2427 1186 2533 juramentum
1209 2427 1314 2534 quod
1334 2427 1450 2503 nichil
1467 2425 1536 2504 scit
1552 2427 1601 2503 de
1621 2426 1739 2532 capite

321 2556 426 2661 quod
440 2557 616 2634 dicuntur
635 2555 805 2647 adorare,
821 2557 908 2663 quia
928 2584 1120 2663 nunquam
1142 2558 1214 2636 fuit
1232 2558 1271 2634 in
1297 2557 1469 2662 capitulis
1487 2555 1739 2662 generalibus,

321 2702 361 2762 ut
376 2686 481 2763 dicit,
616 2682 622 2693 ’

376 2817 469 2892 ltem
486 2816 576 2893 dixit
590 2845 657 2922 per
667 2818 925 2924 juramentum
936 2818 1060 2896 adhuc
1076 2819 1121 2896 ab
1136 2847 1181 2897 eo
1194 2845 1307 2923 super
1319 2820 1392 2895 boc
1406 2817 1620 2922 prestitum,
1635 2815 1741 2919 quod

320 2947 370 3032 vi,
384 2946 443 3022 rel
459 2962 562 3024 metu
582 2949 737 3025 carceris
756 2966 820 3025 aut
837 2949 1032 3037 tormenti,
1052 2976 1129 3025 non
1154 2948 1245 3025 dixit
1269 2947 1373 3025 aliud
1392 2976 1504 3055 quarn
1528 2946 1737 3036 veritatem,

321 3103 390 3153 nec
402 3078 592 3182 premissis
607 3080 808 3156 immiscuit
823 3080 985 3186 aliquam
1002 3078 1213 3169 salsitatem,
1234 3097 1270 3155 et
1284 3079 1388 3183 quod
1402 3107 1535 3183 puram
1549 3078 1740 3154 veritatem

321 3205 414 3284 dixit
426 3234 496 3312 pro
515 3208 633 3286 salute
654 3209 775 3285 anime
793 3238 873 3287 sue.

376 3469 468 3544 ltem
486 3468 599 3546 frater
614 3470 732 3547 Adam
755 3472 996 3549 marescalcus
1015 3472 1056 3547 in
1076 3472 1190 3549 domo
1206 3470 1253 3548 de
1270 3472 1395 3548 Monte
1413 3470 1640 3557 Suessionis,
1656 3498 1740 3575 pre·

322 3595 410 3673 dicti
430 3598 573 3675 ordinis
593 3599 731 3676 milicie
745 3601 910 3706 Templi,
928 3600 1241 3707 quadragenarius
1259 3600 1316 3677 vel
1337 3600 1448 3687 circa,
1472 3599 1606 3676 eodem
1622 3599 1738 3677 modo

321 3729 559 3816 constitutus,
570 3729 716 3836 juratus
732 3746 768 3806 ct
783 3731 1050 3835 interrogatus,
1069 3730 1160 3807 dixit
1174 3760 1240 3836 per
1249 3731 1503 3836 juramentum
1517 3729 1635 3834 quod,
1654 3746 1739 3833 post

320 3871 396 3932 tres
410 3854 491 3934 dies
499 3855 595 3933 infra
608 3857 807 3935 instantem
824 3859 989 3937 Natalem
1003 3859 1156 3936 Domini
1176 3876 1288 3936 erunt
1306 3876 1382 3935 tres
1399 3859 1485 3933 anni
1506 3857 1637 3963 elapsi,
1658 3857 1737 3962 ipse

322 3982 392 4059 fnit
408 4004 581 4091 receptus
598 3986 635 4062 in
658 3987 756 4064 dicta
774 3987 888 4066 domo
909 3989 956 4067 de
977 3990 1105 4067 Monte
1122 3989 1348 4077 Suessionis,
1365 4016 1432 4093 per
1450 3986 1600 4064 fratrem
1615 3985 1740 4065 Girar-

323 4109 415 4187 dum
434 4113 483 4190 de
505 4113 705 4193 Villaribus
728 4116 903 4208 militem,
930 4119 1147 4224 magistrum
1168 4117 1314 4195 ballivis
1334 4116 1629 4207 Suessionensis,
1656 4145 1742 4224 pre-

321 4241 492 4319 sentibus
508 4242 618 4321 sratre
638 4244 841 4325 Guillelmo
862 4247 909 4323 de
924 4246 1045 4324 Platea
1061 4263 1100 4323 et
1118 4246 1230 4323 fratre
1250 4245 1412 4323 Roberto
1436 4247 1623 4353 capellano
1643 4247 1740 4325 dicte

321 4370 469 4450 domus.

377 4503 469 4578 ltem
481 4503 572 4580 dixit
580 4532 649 4609 per
658 4505 915 4611 juramentum
926 4534 1037 4583 suurn
1048 4506 1169 4612 quod,
1180 4524 1265 4612 post
1274 4508 1531 4615 juramentum
1543 4506 1588 4583 ab
1602 4534 1740 4612 eo-pre

322 4629 450 4709 stitnm
478 4634 526 4711 de
550 4635 696 4711 statutis
716 4653 752 4712 et
772 4637 923 4713 secretis
943 4636 1085 4715 ordinis
1104 4638 1359 4727 observandis,
1377 4655 1415 4715 et
1429 4637 1606 4716 mantello
1625 4637 1697 4725 sibi
1716 4667 1738 4713 a

322 4762 521 4867 recipiente
542 4764 588 4839 ad
609 4765 745 4841 collum
764 4767 903 4871 posito,
926 4766 1111 4845 osculatus
1137 4767 1206 4845 luit
1229 4768 1471 4873 recipientem
1496 4786 1533 4846 et
1557 4769 1648 4847 alios
1668 4767 1739 4845 lra-
