4230 5956
419 467 487 547 uia
807 453 999 544 raocus
1025 470 1119 541 nus
1145 467 1447 540 TEMPLIERS.

413 632 505 702 stes,
522 629 560 690 et
575 611 668 687 dixit
682 611 715 687 ei
737 612 857 716 quod,
880 611 1042 688 secunda
1062 627 1200 714 puncta
1220 609 1379 696 ordinis,
1397 625 1541 714 poterat
1559 608 1639 687 aliis
1657 610 1835 692 fratribus

412 743 557 821 ordinis
577 740 774 817 carnaliter
793 740 1024 817 commisceri
1047 757 1085 815 et
1103 740 1174 845 ipsi
1194 769 1280 817 cum
1302 768 1367 829 eo;
1391 740 1461 816 boc
1484 756 1610 817 tamen
1632 770 1710 820 non
1728 743 1832 836 fecit,

412 902 482 949 nec
502 871 618 947 credit
638 870 742 974 quod
763 871 800 944 in
822 870 953 946 ordine
975 870 1094 944 fieret.
1116 869 1247 946 Credit
1264 887 1391 945 tamen
1405 869 1509 974 quod
1528 872 1778 950 communiter
1797 891 1835 949 et

411 1003 554 1109 ubique
575 1000 829 1104 reciperentur
856 999 986 1076 lratres
1011 997 1154 1075 ordinis
1180 998 1389 1075 secundum
1420 997 1578 1075 modum
1599 1000 1830 1104 predictum,

413 1134 502 1240 quia
517 1130 724 1208 secundum
741 1130 920 1207 eumdem
937 1129 1095 1205 modum
1115 1128 1209 1204 vidit
1223 1129 1337 1233 recipi
1359 1127 1510 1205 fratrem
1526 1130 1835 1208 Bartholomeum

415 1263 464 1339 de
483 1262 634 1339 Pratirni
654 1261 812 1337 militem
833 1260 1041 1366 quondam,
1061 1260 1337 1336 Lemovicensis
1354 1259 1536 1347 diocesis,
1557 1261 1596 1336 in
1611 1261 1752 1366 capella
1772 1265 1838 1340 do-

415 1420 500 1469 mus
518 1390 668 1495 Templi
690 1391 737 1467 de
760 1391 871 1468 Ulmo
886 1389 1036 1466 Tuandi
1054 1388 1296 1466 Bituricensis
1315 1388 1489 1477 diocesis,
1511 1418 1580 1496 per
1598 1390 1744 1468 dictum
1767 1392 1837 1470 lra-

414 1539 510 1596 trem
533 1523 684 1597 Petrum
705 1520 752 1595 de
771 1520 930 1608 Medito,
948 1520 1043 1594 circa
1064 1518 1205 1595 instans
1219 1517 1355 1595 lestum
1372 1518 1569 1597 nativitatis
1585 1520 1683 1596 beati
1701 1522 1837 1598 lohan-

416 1652 474 1726 nis
502 1651 661 1755 Baptiste
690 1667 802 1725 erunt
828 1650 958 1726 decem
986 1650 1090 1737 anui,
1114 1648 1348 1753 presentibus
1372 1647 1548 1726 fratribus
1575 1651 1745 1727 lobanne
1774 1654 1835 1729 del

417 1781 490 1857 Soc
504 1799 542 1856 et
557 1782 752 1889 Aymerico
768 1779 923 1858 Gerardi
942 1779 1183 1854 Bituricensis
1201 1779 1371 1865 diocesis,
1383 1780 1638 1873 servientibus,
1648 1810 1744 1887 quos
1758 1811 1836 1859 cre-

419 1911 475 1987 dit
491 1915 628 1999 vivere3
661 1911 827 2017 plurium
855 1909 1138 2015 recepcionibus
1163 1938 1238 1986 non
1260 1908 1446 2001 adfuerat,
1468 1911 1563 1987 sicut
1588 1911 1691 1988 dixit.
1720 1914 1832 2002 Item,

420 2042 512 2117 dixit
530 2070 569 2117 se
589 2043 687 2118 bene
708 2041 861 2119 credere
881 2039 1135 2116 ecclesiasticis
1152 2039 1408 2126 sacramentis,
1430 2057 1468 2117 et
1485 2041 1592 2146 quod
1620 2041 1681 2117 alii
1704 2041 1837 2119 lratres

420 2172 562 2247 ordinis
583 2173 716 2248 eodem
751 2171 864 2247 modo
893 2170 1105 2256 crederent,
1135 2186 1172 2247 et
1197 2169 1302 2276 quod
1326 2198 1459 2247 eorum
1478 2169 1690 2248 sacerdotes
1711 2170 1837 2248 debite

419 2299 659 2376 celebrarent.
680 2299 831 2376 Audivit
846 2300 951 2403 quod
969 2299 1051 2375 laici
1072 2327 1204 2376 eorum
1223 2316 1396 2377 tenentes
1409 2298 1584 2405 capitolia
1599 2299 1838 2378 absolvebant

420 2429 549 2505 fratres
572 2428 617 2504 ab
640 2427 911 2504 inobedienciis
934 2456 1074 2505 eorum.
1092 2430 1272 2506 durabant
1290 2429 1462 2507 ordinem
1483 2457 1562 2507 non
1577 2429 1836 2507 exire-Statim

419 2587 488 2663 pro
510 2559 684 2664 professis
711 2558 955 2634 habebantur.
980 2557 1219 2637 Clandestine
1239 2558 1530 2665 recipiebantur,
1552 2559 1670 2637 nullis
1684 2588 1837 2665 presen-

420 2690 521 2767 tibus
540 2691 611 2766 uisi
632 2688 807 2766 fratribus
818 2689 977 2774 ordinis,
1001 2717 1135 2794 eiquo
1153 2689 1392 2795 creditquod
1414 2706 1511 2767 esset
1528 2690 1691 2798 suspicio
1711 2710 1838 2769 contra

421 2849 495 2899 ecs.
518 2821 694 2900 Cordulis
719 2823 821 2897 unde
848 2820 1021 2897 volebant
1045 2820 1245 2926 assumptis
1272 2820 1518 2927 cingebantur
1540 2849 1653 2926 super
1672 2823 1838 2899 camisias

362 2926 367 2935 ¹
420 2981 507 3028 cum
525 2951 664 3055 quibus
685 2950 869 3057 jacebant.
889 2951 1019 3027 Credit
1047 2951 1150 3055 quod
1177 2950 1348 3028 nolentes
1376 2950 1495 3026 facere
1520 2949 1686 3056 predicta
1709 2950 1838 3027 illicita

419 3080 477 3156 vel
492 3079 578 3166 alia,
596 3097 661 3156 aut
676 3098 815 3157 secreta
836 3080 1086 3184 capitulorum
1106 3080 1329 3167 revelantes,
1349 3079 1508 3158 luissent
1524 3080 1681 3186 graviter
1700 3081 1834 3186 puniti.

420 3210 571 3314 Absque
589 3210 742 3287 licencia
762 3238 839 3286 non
854 3226 1027 3314 poterant
1045 3210 1127 3286 aliis
1142 3239 1254 3315 quam
1270 3210 1527 3287 sacerdotibus
1545 3210 1706 3297 ordinis,
1727 3210 1786 3287 vel
1799 3212 1837 3286 in

422 3367 553 3415 eorum
566 3339 739 3426 deffectu,
754 3338 974 3427 Carmelitis,
989 3340 1172 3428 confiteri,
1190 3358 1228 3416 et
1239 3341 1268 3416 si
1282 3341 1473 3416 neminem
1491 3367 1623 3417 eorum
1637 3339 1836 3429 baberent,

420 3486 590 3574 poterant
610 3467 691 3544 aliis
711 3469 891 3543 confiteri.
915 3470 1061 3544 Fratres
1081 3469 1238 3545 scientes
1259 3497 1404 3546 errores
1432 3470 1586 3546 bierunt
1609 3469 1838 3576 negligentes

420 3602 604 3706 quianon
625 3617 864 3676 correxerunt
883 3627 1032 3675 cosnec
1058 3598 1378 3676 denunciaverunt
1396 3599 1572 3676 Ecclesia.
1592 3598 1742 3675 Audivit
1764 3599 1837 3675 dici

420 3733 524 3837 quod
544 3730 763 3835 abantiquo
783 3728 925 3806 fiebant
943 3727 1097 3831 siugulis
1117 3728 1252 3805 diebus
1277 3729 1481 3806 elemosine
1501 3729 1540 3805 in
1560 3728 1694 3805 ordine
1714 3729 1753 3804 in
1774 3728 1840 3805 ali·

420 3864 558 3968 quibus
576 3861 769 3947 domibus,
792 3876 830 3934 et
852 3860 955 3964 quod
976 3857 1218 3962 postmodum
1239 3855 1364 3935 luerat
1389 3858 1603 3935 ordinatum
1626 3858 1730 3962 quod
1761 3885 1838 3934 non

422 3995 556 4069 fierent
575 3994 644 4069 nisi
667 4011 725 4069 ter
743 3993 778 4067 in
800 3991 1017 4095 septimana.
1044 3987 1150 4066 Clam
1172 4015 1303 4066 eorum
1326 3988 1500 4094 capitulis
1518 3986 1753 4072 tenebantur,
1772 3987 1840 4062 ali·

420 4126 573 4227 quando
593 4123 817 4211 antediem,
848 4121 976 4227 positis
996 4119 1193 4195 interdum·
1212 4120 1430 4197 custodibus
1456 4149 1503 4198 ne
1523 4117 1717 4196 audiretur
1740 4135 1840 4194 exte·

420 4254 498 4327 rius
512 4254 616 4357 quod
635 4254 789 4330 interius
801 4252 990 4359 agebatur.
1013 4250 1194 4327 Ordinata
1214 4277 1282 4354 per
1299 4249 1518 4355 Magistrum
1544 4277 1631 4325 cum
1651 4266 1838 4326 conventu

419 4401 597 4461 servasset
615 4400 716 4460 totus
744 4383 857 4463 ordo.
879 4400 1140 4485 contraquam
1164 4407 1266 4456 nunc
1284 4378 1439 4487 grandia
1460 4377 1654 4467 scandala,
1676 4379 1838 4484 suspicio

420 4532 458 4589 et
477 4513 626 4590 iufamia
647 4530 735 4590 suut
754 4528 900 4593 exorta,
922 4512 1029 4614 cujus
1048 4509 1224 4585 fratribus
1247 4510 1367 4586 credit
1383 4508 1489 4616 quod
1505 4525 1629 4585 essent
1643 4526 1733 4585 nota
1751 4534 1840 4584 con·
1964 4502 1967 4506 ’

419 4641 549 4720 sessata
568 4672 635 4749 per
655 4670 760 4727 eum,
782 4656 820 4714 et
844 4640 948 4743 quod
973 4639 1105 4713 eadem
1126 4665 1283 4744 magnus
1304 4638 1477 4745 Magister
1497 4654 1535 4714 et
1557 4637 1630 4714 alii.
1649 4638 1722 4713 sint
1748 4663 1838 4711 con·

421 4771 519 4847 lessi.
539 4774 587 4848 Et
605 4773 676 4847 luit
695 4785 921 4875 protestatus
943 4766 1048 4874 quod
1074 4792 1151 4841 non
1171 4765 1334 4843 intendit
1350 4768 1529 4844 recedere
1553 4797 1575 4845 a
1598 4765 1836 4873 deposicione

420 4929 488 5007 per
505 4928 593 4976 eum
606 4898 698 4974 facta
718 4926 842 4974 eoram
863 4897 963 4974 dicto
979 4897 1135 4974 domino
1157 4897 1333 5001 episcopo
1348 4897 1654 4976 Claramontansi.
