4230 5956
498 434 572 506 rra
882 411 1079 504 rnocns
1104 431 1199 502 oss
1225 427 1525 501 reuertens.

496 575 665 653 confiteri
693 602 760 650 sua
779 589 926 678 peccata
948 571 1132 679 religiosis
1162 569 1340 647 fratribus
1357 567 1573 674 presbiteris
1591 566 1745 644 alterius
1766 567 1925 675 religio-

497 709 554 783 nis
573 705 789 812 approbate,
815 722 852 778 et
878 704 917 778 in
941 731 1073 780 eorum
1101 702 1304 780 deflectam
1327 717 1484 806 possunt
1507 698 1664 781 licenter
1685 698 1757 775 sibi
1777 698 1922 805 eligere

495 837 743 943 presbiterum
768 834 988 922 secularem,
1011 835 1070 910 cui
1099 863 1166 910 sua
1198 832 1410 910 secundum
1438 830 1632 908 veritatem
1665 829 1923 908 confiteantur

495 986 658 1075 peccata,
680 985 717 1043 et
738 966 784 1041 ab
803 993 849 1041 eo
873 965 1051 1070 recipiant
1065 965 1313 1068 penitenciam
1325 964 1537 1040 salutarem.
1552 961 1601 1037 Et
1616 962 1671 1037 sic
1685 962 1734 1038 de
1751 989 1861 1038 more
1881 978 1922 1036 et

495 1097 765 1176 consuetudine
784 1096 877 1172 dixit
892 1124 972 1171 esse
992 1095 1135 1171 ordinis
1154 1095 1369 1200 supradicti.

550 1229 607 1306 Ad
626 1226 860 1304 lxxv-lxxxi
878 1225 1052 1301 articulos
1066 1224 1259 1312 inclusive,
1280 1223 1478 1329 diligenter
1494 1240 1533 1298 et
1549 1221 1737 1328 sigillatim
1755 1223 1921 1300 interro-

494 1380 616 1467 gatus,
637 1358 867 1463 respondens
884 1357 1027 1464 negavit
1046 1357 1217 1432 universa
1232 1373 1270 1432 et
1287 1353 1431 1460 singula
1450 1355 1489 1428 in
1509 1352 1621 1429 dictis
1643 1353 1809 1431 articrdis
1828 1382 1922 1430 oon-

496 1508 611 1579 tenta;
632 1488 796 1565 adiciens
810 1487 915 1594 quod
930 1488 1051 1563 dictos
1070 1515 1216 1564 errores
1234 1486 1284 1562 de
1302 1485 1443 1591 quibus
1460 1485 1585 1590 agitur
1599 1485 1734 1590 corrigi
1753 1486 1793 1559 in
1812 1483 1920 1561 dicto

494 1622 625 1697 ordine
654 1639 692 1696 et
713 1621 751 1695 in
775 1618 884 1695 dictis
904 1617 1079 1694 fratribus
1104 1646 1255 1695 necesse
1281 1644 1357 1692 non
1383 1615 1470 1700 fuit,
1496 1644 1567 1691 nec
1588 1615 1755 1692 nunciati
1783 1615 1922 1692 debuit

494 1752 655 1828 Ecclesie
675 1779 776 1827 sacre
798 1750 888 1836 Dei,
910 1777 955 1825 eo
972 1748 1077 1855 quod
1095 1777 1278 1855 nusquam
1298 1749 1338 1822 in
1357 1746 1459 1823 dicto
1479 1746 1612 1823 ordine
1628 1745 1800 1833 fucnrnt,
1819 1747 1921 1823 sicut

493 1883 572 1986 ipse
596 1883 666 1958 scit
684 1898 723 1959 et
738 1880 872 1969 credit,
902 1908 973 1956 nec
988 1878 1130 1955 discedi
1150 1879 1317 1984 oportuit
1335 1875 1472 1955 abillis
1486 1905 1564 1982 que
1586 1905 1657 1953 nec
1673 1876 1829 1954 fuerunt
1847 1905 1919 1953 nec

493 2013 610 2090 auditi
624 2030 727 2100 sunt,
744 2010 1001 2118 proutcredit‚
1018 2008 1113 2085 etde
1128 2036 1169 2085 se
1183 2008 1257 2086 hoc
1271 2009 1356 2098 scit,
1370 2025 1409 2084 et
1420 2006 1539 2084 credit
1556 2007 1657 2085 idem
1671 2006 1720 2085 de
1727 2007 1812 2086 aliis
1824 2036 1919 2086 con-

494 2143 668 2220 fratribus
684 2143 852 2248 ejusdem
872 2142 1025 2218 ordinis.
1577 2162 1582 2169 '

549 2271 606 2348 Ad
618 2273 728 2349 lxxxn
741 2272 937 2349 articulum
945 2272 1144 2377 diligenter
1157 2276 1422 2378 interrogatus,
1436 2270 1667 2377 respondens
1681 2270 1776 2347 dixit
1787 2299 1829 2348 se
1839 2300 1918 2350 non

492 2402 645 2479 eredere
672 2404 877 2508 predictam
906 2402 1188 2479 multitudinem
1214 2402 1367 2479 fratrum
1394 2403 1441 2478 de
1466 2430 1540 2508 qua
1563 2403 1685 2508 agitur
1711 2403 1753 2478 in
1776 2403 1918 2480 eodem

492 2533 607 2610 finisse
633 2533 839 2611 confessam
866 2534 914 2610 de
939 2561 986 2610 eo
1011 2561 1087 2639 quo
1109 2534 1339 2609 mentionem
1368 2532 1455 2610 facit
1476 2531 1668 2621 articulus,
1695 2551 1734 2610 et
1760 2534 1791 2611 si
1816 2532 1918 2610 forte

493 2665 718 2742 contrarium
742 2665 790 2740 sit
811 2663 977 2742 confessa
1001 2663 1202 2741 multitudo
1224 2664 1378 2741 fratrum
1408 2664 1588 2770 predicta,
1611 2663 1732 2741 credit
1755 2662 1919 2743 firmiter

491 2796 686 2873 falsitatem
705 2825 837 2902 puram
857 2825 939 2872 eam
960 2824 1039 2873 esse
1063 2795 1278 2873 confessam.

547 2927 605 3004 Ad
623 2927 761 3015 lxxxiii,
783 2927 920 3005 lxxxuu
939 2945 977 3004 et
996 2928 1101 3005 lxxxv
1121 2926 1297 3004 articulos
1309 2925 1497 3013 indusive‚
1513 2926 1712 3033 diligenter
1725 2945 1766 3004 et
1778 2927 1916 3034 sigilla·

491 3057 558 3132 tim
583 3058 845 3162 interrogatus,
869 3058 1061 3163 respondit
1091 3076 1131 3135 et
1158 3058 1252 3134 dixit
1274 3058 1394 3163 quod,
1420 3057 1509 3164 quia
1535 3058 1790 3135 sanctissimus
1806 3077 1917 3163 pater

492 3202 528 3260 et
544 3184 718 3260 dominus
738 3202 865 3261 noster
884 3187 1062 3263 dominus
1081 3216 1175 3293 papa
1193 3188 1322 3264 asserit
1340 3189 1379 3262 in
1399 3216 1466 3264 sua
1480 3186 1602 3264 littera
1616 3204 1655 3263 et
1668 3187 1809 3264 fatetur
1826 3217 1915 3293 pre-

491 3314 611 3390 dictos
629 3313 759 3390 fratres
773 3315 914 3392 ordinis
926 3316 1073 3422 Templi
1087 3346 1210 3394 coram
1225 3346 1265 3394 se
1285 3335 1321 3392 et
1340 3319 1555 3395 reverendis
1568 3318 1731 3396 dominis
1745 3319 1917 3395 cardina·

491 3445 588 3521 libus
617 3445 803 3522 confessos
826 3473 904 3522 esse
930 3475 1074 3523 errores
1095 3448 1142 3524 de
1167 3448 1303 3554 quibus
1323 3451 1444 3555 agitur
1467 3451 1505 3525 in
1530 3450 1692 3526 articrdis
1715 3450 1912 3554 predictis.

491 3576 608 3653 credit
625 3576 760 3652 dictam
781 3576 1049 3654 confessionem
1068 3608 1147 3655 esse
1168 3579 1299 3656 factam
1315 3581 1361 3655 ab
1381 3580 1453 3656 illis
1468 3598 1768 3687 quantecumque
1788 3580 1916 3657 multi·

490 3707 632 3783 tudinis
650 3707 706 3782 vel
725 3709 872 3783 numeri
887 3708 1023 3784 fuerint
1038 3710 1125 3785 dicti
1143 3710 1288 3796 fratres,
1307 3710 1397 3785 dixit
1416 3730 1541 3787 tamen
1556 3728 1594 3787 et
1605 3711 1750 3787 addidit
1769 3710 1831 3786 hic
1845 3712 1913 3816 qui

489 3837 655 3947 loquitur
673 3839 860 3943 predictos
881 3838 1009 3916 fratres
1024 3869 1153 3917 omnes
1169 3860 1205 3917 et
1224 3841 1390 3946 singulos
1403 3841 1608 3927 confessos,
1625 3859 1668 3917 ut
1687 3842 1833 3931 asserit,
1852 3841 1913 3916 fal-

489 3969 634 4043 sitatem
655 3997 784 4073 puram
804 3987 842 4044 et
859 3986 985 4045 contra
1001 3971 1192 4046 veritatem
1211 4000 1284 4077 que
1308 3972 1409 4047 Deus
1427 3989 1483 4047 est
1500 3971 1651 4059 dixisse,
1674 3989 1709 4047 et
1733 3973 1913 4049 mentitos

491 4125 568 4172 esse
589 4099 626 4172 in
646 4100 767 4203 capud
784 4128 895 4176 suum
917 4117 952 4175 et
967 4128 1034 4205 per
1052 4100 1155 4205 gulas
1167 4129 1251 4177 suas
1263 4100 1386 4186 falsas,
1408 4101 1502 4177 salva
1522 4130 1670 4206 semper
1690 4101 1912 4178 excellentia

488 4245 526 4303 et
544 4229 731 4306 sanctitate
756 4230 898 4307 domini
920 4232 1034 4307 nostri
1055 4260 1149 4336 pape
1168 4250 1206 4307 et
1224 4261 1291 4307 sue
1312 4232 1420 4308 Sedis
1439 4232 1654 4337 apostolice,
1673 4260 1819 4308 necnon
1836 4231 1909 4308 do·

489 4360 676 4436 minomm
705 4360 946 4436 cardinalium
977 4379 1014 4437 et
1042 4363 1133 4437 sacri
1162 4363 1368 4439 consistorii
1397 4364 1495 4439 sedis
1520 4365 1601 4470 ejus
1633 4366 1846 4440 reverencia
1874 4384 1913 4441 et

490 4487 643 4568 honore.

548 4621 602 4694 Ad
623 4621 741 4699 lxxxvi
768 4624 967 4700 articulum
989 4625 1187 4732 diligenter
1205 4628 1465 4733 interrogatus,
1488 4627 1580 4703 dixit
1599 4627 1704 4734 quod
1729 4630 1811 4733 ipse
1839 4627 1913 4703 fuit

488 4768 657 4851 receptus
673 4753 711 4826 in
728 4752 878 4830 fratrem
899 4756 987 4832 dicti
1008 4756 1151 4834 ordinis
1166 4758 1205 4832 in
1225 4758 1378 4836 ecclesia
1397 4787 1464 4836 seu
1483 4758 1622 4867 capella
1639 4759 1776 4836 domus
1796 4761 1913 4836 Tem·
