4230 5956
461 425 534 497 ns
844 401 1040 496 procus
1064 419 1162 493 uns
1187 418 1488 492 rnnrmnns.

514 567 608 641 ltem
626 563 739 640 frater
756 562 929 640 Nicolaus
949 564 995 638 de
1015 561 1225 648 Ambianis‚
1246 559 1368 638 dietus
1384 562 1430 636 de
1445 557 1560 648 Lulli,
1582 559 1692 636 etatis
1703 587 1804 639 xxun
1819 591 1878 640 an·

459 723 596 772 norum
612 695 668 769 vel
695 695 807 779 cirea,
825 693 971 798 juratus
996 691 1130 769 eodem
1157 690 1272 767 modo
1291 691 1337 766 (16
1363 717 1402 766 se
1428 706 1466 766 et
1489 688 1570 764 aliis
1593 688 1630 763 in
1658 717 1765 768 causa
1789 689 1877 770 fidei

461 826 583 901 dicere
608 825 816 910 veritatem,
840 840 877 898 et
897 822 1145 929 interrogatus
1165 820 1212 897 de
1229 838 1401 926 tempore
1421 837 1459 895 et
1477 818 1590 895 modo
1610 847 1676 896 sue
1693 824 1879 927 recepcio-

460 956 538 1043 nis,
560 956 651 1031 dixit
666 982 734 1058 per
738 954 997 1059 juramentum
1017 981 1126 1028 suum
1148 950 1252 1056 quod
1271 948 1343 1027 fuit
1355 967 1525 1054 receptus
1540 951 1578 1025 in
1595 949 1710 1028 domo
1726 952 1773 1027 de
1787 952 1879 1030 Cor·

459 1112 566 1161 reaus
588 1084 746 1161 diocesis
765 1082 1042 1171 Ambianensis‚
1068 1097 1212 1187 septem
1237 1081 1325 1156 anni
1345 1095 1431 1157 sunt
1454 1078 1568 1185 elapsi
1593 1079 1652 1156 vel
1678 1082 1790 1167 circa,
1810 1112 1879 1188 per

459 1214 610 1291 fratrem
631 1213 842 1291 Gerardum
863 1213 909 1288 de
931 1211 1132 1290 Villaribus
1154 1229 1246 1286 tune
1263 1226 1519 1315 preceptorem
1536 1210 1707 1299 Francis,
1728 1240 1881 1316 presen-

459 1344 560 1421 tibus
578 1344 687 1420 lratre
702 1343 869 1420 Tierrico
886 1343 1059 1448 magistro
1076 1341 1123 1418 de
1143 1340 1400 1426 Laudunesm,
1417 1338 1528 1416 fratre
1546 1340 1715 1417 Johanne
1731 1342 1779 1419 de
1796 1343 1880 1419 Sar-

460 1500 529 1580 nay
555 1490 774 1579 preceptore
799 1471 947 1549 ballivie
976 1472 1023 1547 de
1046 1471 1219 1557 Pontivo‚
1242 1487 1280 1546 et
1298 1470 1522 1575 quibusdam
1542 1469 1624 1546 aliis
1645 1471 1691 1547 de
1715 1497 1878 1579 quorum

460 1605 677 1681 nominibus
704 1632 780 1681 non
809 1601 952 1679 recolit.
985 1601 1086 1678 Dixit
1110 1602 1226 1677 eciam
1250 1628 1319 1706 per
1341 1601 1595 1707 juramentum
1616 1629 1729 1678 suum
1754 1597 1875 1706 quod,

460 1751 545 1840 post
558 1734 694 1810 multas
709 1735 976 1840 promissiones
992 1733 1039 1809 de
1055 1733 1201 1809 statutis
1221 1749 1258 1807 et
1272 1732 1424 1809 secretis
1440 1730 1528 1807 dicti
1542 1730 1682 1808 ordinis
1697 1732 1743 1809 ab
1769 1760 1814 1809 eo
1828 1733 1878 1809 sa-

460 1881 548 1953 ctes,
568 1865 689 1941 dictus
700 1865 884 1969 recipiens
894 1863 1057 1939 ostendit
1071 1862 1140 1939 sibi
1153 1888 1299 1938 crucem
1311 1862 1496 1966 depictam
1506 1861 1545 1938 in
1560 1861 1723 1967 quodam
1737 1862 1878 1939 missali

460 2023 546 2072 cum
567 1993 688 2101 effigie
711 1994 826 2071 Jhesu
846 1993 985 2071 Christi
1016 1991 1195 2084 crucifixi,
1219 2009 1257 2069 et
1281 1992 1447 2098 precepit
1468 1991 1538 2068 sibi
1558 1992 1663 2096 quod
1682 1990 1880 2101 abnegaret

461 2122 616 2201 Jhesum
631 2124 819 2201 Christum
837 2124 944 2231 cujus
959 2122 1101 2229 effigies
1118 2138 1196 2198 erat
1211 2120 1263 2198 ibi
1281 2137 1350 2209 ter,
1367 2136 1405 2197 et
1418 2122 1497 2226 ipse
1514 2121 1730 2226 compulsus
1744 2122 1790 2199 ad
1806 2122 1880 2200 hoc

462 2254 599 2329 invitus
615 2252 702 2330 lecit
715 2270 868 2357 propter
886 2253 1005 2328 minas
1025 2270 1062 2329 et
1085 2270 1247 2329 terrores
1262 2279 1357 2357 quos
1375 2249 1585 2327 inferebant
1603 2250 1691 2337 sibi,
1712 2269 1748 2327 et
1774 2251 1880 2328 linxit

461 2410 500 2459 se
515 2411 649 2486 spuere
665 2411 777 2487 supra
789 2384 1017 2488 ymaginem,
1038 2383 1105 2459 sed
1124 2382 1283 2487 spuebat
1296 2382 1343 2457 ad
1361 2398 1517 2471 terrem
1539 2398 1577 2457 et
1591 2381 1686 2458 dixit
1704 2410 1769 2487 per
1780 2383 1880 2488 jura·

461 2528 630 2587 mentum
644 2540 754 2589 suum
770 2512 874 2617 quod
889 2539 1082 2617 nunquam
1095 2512 1333 2589 remansisset
1349 2512 1389 2586 in
1404 2510 1554 2599 ordine,
1569 2511 1640 2588 nisi
1654 2510 1783 2589 fuisset
1798 2540 1880 2617 pro

460 2656 544 2744 pter
558 2642 734 2719 timorem
751 2643 898 2733 mortis;
918 2660 1060 2719 tantum
1075 2641 1315 2749 perhorrebat
1330 2642 1631 2747 Templariorum
1650 2642 1877 2746 potenciam,

461 2774 566 2877 quod
582 2801 659 2851 non
679 2791 758 2851 erat
776 2801 887 2852 ausus
905 2775 1015 2852 exire.

517 2905 609 2981 ltem
630 2905 722 2981 dixit
740 2933 808 3011 per
824 2907 1077 3012 juramentum
1095 2935 1206 2984 suum
1224 2908 1328 3014 quod
1348 2906 1468 2983 dictus
1488 2906 1672 3012 recipiens
1690 2905 1882 3012 requisivit

462 3059 550 3108 eum
571 3035 675 3138 quod
698 3036 928 3113 oscularetur
957 3066 1045 3114 eum
1069 3040 1108 3114 in
1136 3036 1237 3126 culo,
1265 3056 1302 3114 et
1329 3039 1407 3143 ipse
1432 3037 1626 3142 respondit
1649 3038 1753 3142 quod
1776 3037 1880 3142 prius

460 3163 693 3264 permitteret
713 3192 751 3238 se
767 3165 943 3253 interfici;
963 3184 1087 3242 tamen
1110 3165 1297 3243 osculatus
1310 3165 1382 3244 luit
1403 3167 1547 3243 eumin
1567 3165 1746 3244 umbilico
1768 3194 1881 3271 super

461 3307 594 3376 vestes,
623 3309 660 3367 et
684 3294 721 3367 in
747 3320 824 3379 ore,
847 3292 895 3368 (16
916 3312 1090 3398 precepto
1117 3322 1203 3381 suo,
1232 3311 1269 3371 et
1293 3295 1385 3370 dixit
1404 3324 1472 3401 per
1491 3297 1744 3402 juramentum
1768 3323 1882 3371 suum

460 3421 564 3524 quod
579 3421 696 3497 nichil
711 3422 813 3498 aliud
828 3423 1069 3500 inhonestum
1082 3423 1152 3500 luit
1166 3424 1236 3502 sibi
1253 3424 1396 3501 dictum
1409 3426 1465 3502 vel
1482 3424 1635 3515 sactum,
1654 3443 1691 3502 et
1705 3426 1881 3530 premissa

461 3547 553 3624 dixit
570 3549 631 3625 ille
653 3551 718 3656 qui
740 3549 905 3656 loquitur
923 3581 1007 3628 cum
1031 3553 1191 3629 lacrimis
1211 3571 1249 3629 et
1264 3557 1406 3660 magnis
1429 3555 1608 3660 suspiriis.
1633 3558 1882 3661 Interrogatus

460 3694 586 3754 utrum
601 3681 652 3770 vi,
673 3680 729 3757 vel
746 3698 850 3758 metu
867 3684 1021 3758 carceris
1036 3711 1103 3761 seu
1118 3702 1409 3771 tormentorum,
1431 3703 1494 3761 aut
1512 3686 1579 3761 alia
1602 3686 1648 3761 de
1668 3713 1790 3771 eausa,
1812 3683 1882 3759 ali-

460 3835 570 3911 quam
592 3809 726 3886 dixerit
741 3810 939 3888 salsitatem
953 3814 1010 3889 vel
1030 3815 1273 3891 immiscuerit
1290 3817 1329 3892 in
1351 3817 1587 3921 deposicione
1605 3845 1686 3903 sua,
1702 3842 1769 3920 per
1776 3815 1883 3919 jura-

462 3957 628 4015 mentum
637 3970 745 4017 suum
753 3941 1051 4048 dixitquodnon;
1068 3945 1186 4022 immo
1198 3975 1329 4051 puram
1341 3947 1879 4022 etmeramdixeratveritatem.

515 4202 607 4276 ltem
633 4201 744 4278 frater
766 4205 933 4282 Thomas
959 4206 1005 4283 (16
1025 4209 1310 4312 Roquencourt,
1336 4207 1440 4283 etatis
1467 4205 1737 4312 quinquaginta
1762 4232 1882 4279 anno-

458 4360 542 4407 rum
562 4332 620 4408 vel
641 4335 752 4423 circa,
770 4337 918 4441 juratus
938 4337 1073 4414 eodem
1099 4337 1213 4414 modo
1232 4338 1279 4413 (16
1305 4365 1344 4414 se
1366 4339 1469 4414 etde
1493 4338 1574 4415 aliis
1594 4338 1633 4412 in
1661 4364 1769 4412 causa
1790 4334 1880 4411 fidei

460 4462 582 4538 dicere
602 4464 812 4553 veritatem,
835 4483 872 4542 et
892 4467 1139 4575 interrogatus
1159 4468 1206 4544 de
1225 4460 1396 4574 tempore
1414 4485 1453 4544 et
1470 4469 1585 4545 modo
1607 4495 1672 4544 sue
1692 4467 1881 4571 recepcio·

459 4592 531 4680 nis,
551 4594 643 4669 dixit
657 4624 724 4699 per
734 4598 989 4703 juramentum
1010 4627 1120 4674 suum
1136 4599 1239 4704 quod
1258 4617 1430 4705 receptus
1443 4599 1514 4676 luit
1529 4600 1568 4674 in
1590 4600 1705 4675 domo
1723 4598 1769 4673 de
1783 4599 1883 4674 Fon·

457 4720 570 4807 tanis,
586 4740 670 4800 octo
684 4727 770 4801 anni
781 4745 869 4802 sunt
879 4726 1009 4831 elapsi,
1027 4756 1094 4832 per
1108 4729 1260 4806 fratrem
1272 4729 1481 4808 Gerardum
1498 4730 1546 4806 de
1561 4729 1740 4819 Sonions,
1751 4727 1880 4806 locum
