4230 5956
412 447 485 521 aaa
793 428 988 523 raucas
1017 447 1115 520 nas
1144 447 1447 521 rnurnrnas.

411 607 508 669 esset
526 588 690 695 suspicio
709 604 838 666 conus
857 614 933 668 eos.
958 591 1001 666 ln
1025 589 1133 695 cujus
1152 587 1371 695 recepcione
1389 584 1550 666 brit-sibi
1571 586 1708 667 tradita
1736 619 1831 699 que-

413 722 500 799 dam
510 718 670 797 cordula
691 746 779 795 curn
804 746 878 825 qua
905 720 1116 825 cingeretur
1145 745 1259 825 super
1281 718 1471 806 camisiam
1493 746 1582 797 cum
1606 748 1683 825 qua
1703 722 1829 829 jacere

412 847 585 928 debebat.
613 848 711 925 Cum
730 863 857 924 autem
879 877 1056 954 processu
1078 848 1277 953 temporis,
1303 847 1437 953 elapsis
1454 846 1607 926 duobus
1623 850 1682 927 rel
1706 851 1829 931 tribus

412 981 535 1071 annis,
557 977 757 1056 audivisset
783 977 857 1054 dici
881 978 921 1054 in
944 978 1043 1055 dicto
1071 978 1201 1056 Castm
1226 977 1433 1084 Peregrini,
1455 1005 1476 1054 a
1505 977 1619 1056 fratre
1647 981 1757 1059 Petro
1780 984 1827 1060 dc

410 1110 555 1187 Vienna
575 1106 714 1193 milite,
736 1106 842 1212 quod
861 1105 901 1183 in
921 1108 1098 1184 thesauro
1122 1104 1271 1210 Templi
1292 1123 1371 1182 erat
1393 1106 1588 1212 quoddam
1617 1109 1740 1215 c'apud
1753 1140 1829 1217 quo

409 1239 659 1348 tangebantur
684 1235 839 1320 cordule
857 1236 1040 1342 predicte,
1062 1237 1141 1341 ipse
1160 1236 1267 1312 testis
1285 1235 1410 1312 noluit
1432 1264 1478 1312 ex
1495 1252 1589 1315 tanc
1604 1256 1752 1344 portare
1774 1241 1831 1317 di·

411 1385 507 1446 ctam
518 1367 725 1445 cordulam.
741 1365 958 1472 Requisitus
970 1395 1102 1473 qrrare,
1121 1365 1316 1471 respondit
1332 1366 1438 1472 quod
1456 1366 1654 1446 dubitabat
1666 1368 1714 1446 de
1728 1370 1829 1448 dicto

411 1497 530 1604 capite
546 1523 593 1573 an
608 1496 870 1577 essetbonum
898 1495 957 1572 vel
981 1494 1135 1572 rnalum.
1159 1494 1428 1601 Requisitue-si
1453 1495 1623 1574 audierat
1640 1497 1745 1602 prius
1770 1501 1828 1578 vel

410 1627 582 1731 post-dici
596 1625 704 1732 quod
718 1624 874 1730 aliquod
884 1624 1027 1702 malum
1040 1624 1161 1730 capud
1169 1623 1226 1700 vel
1240 1623 1399 1731 ydolum
1414 1643 1511 1704 esset
1518 1625 1559 1702 in
1569 1625 1669 1703 dicto
1679 1628 1826 1716 ordine,

410 1754 607 1862 respondit
628 1755 733 1860 quod
752 1781 848 1846 non,
870 1754 1049 1861 adjiciens
1067 1753 1172 1859 quod
1199 1752 1321 1830 dictus
1339 1754 1472 1831 Petrus
1498 1755 1640 1833 dixerat
1662 1756 1697 1833 ei
1722 1760 1828 1862 quod

410 1888 623 1993 predictum
643 1884 766 1991 capud
783 1902 863 1962 erat
882 1884 996 1961 sancti
1011 1885 1110 1960 Petri
1130 1882 1188 1959 vel
1206 1883 1323 1960 sancti
1338 1884 1470 1975 Blasii3
1485 1885 1532 1962 de
1547 1883 1630 1962 aliis
1644 1886 1829 1992 capitibus

411 2016 459 2093 de
473 2017 612 2123 quibus
619 2015 880 2121 deposuerunt
891 2013 1066 2120 magister
1080 2013 1292 2090 Anthonius
1303 2014 1351 2091 de
1360 2014 1586 2093 Vercellisat
1596 2013 1711 2095 frater
1719 2018 1828 2127 llugo

412 2147 459 2223 de
478 2148 601 2225 Fauro
616 2172 695 2222 non
711 2145 903 2222 audiverat
922 2143 1004 2221 lieri
1025 2144 1279 2231 mencionem,
1301 2159 1346 2221 ut
1360 2145 1463 2221 dixit.
1484 2145 1596 2236 ltem,
1613 2144 1708 2223 dixit
1724 2148 1831 2252 quod

411 2273 467 2351 illi
483 2274 550 2380 qui
565 2272 774 2351 noluissent
791 2272 910 2349 lacere
930 2271 1060 2348 illicita
1084 2271 1287 2349 conlassata
1309 2278 1378 2377 per
1404 2302 1510 2366 eum,
1535 2273 1594 2351 vel
1607 2302 1650 2352 ea
1672 2275 1831 2355 revelas-

412 2418 497 2479 sent
509 2419 577 2479 aut
596 2417 736 2479 secreta
755 2400 1036 2507 capituliorum,
1054 2400 1213 2478 luissent
1228 2401 1441 2479 incarcerati
1460 2418 1500 2478 et
1513 2402 1671 2509 graviter
1691 2405 1825 2509 puniti.

411 2533 526 2622 Item,
552 2532 645 2611 dixit
670 2531 776 2638 quod
808 2531 943 2636 elapsis
970 2531 1091 2608 tribus
1117 2531 1224 2608 annis
1245 2531 1303 2607 vel
1333 2531 1429 2608 eirca
1457 2548 1543 2636 post
1570 2533 1826 2639 recepcionem

411 2690 537 2751 suam,
560 2662 634 2739 fuit
655 2660 848 2740 confessus
879 2662 926 2739 de
945 2661 1124 2767 predictis
1154 2660 1296 2738 illicitis
1327 2662 1375 2738 de
1400 2661 1541 2767 quibus
1572 2662 1764 2768 deposuit,
1789 2666 1830 2742 in

412 2790 512 2871 dicto
536 2792 666 2871 Castro
685 2791 895 2900 Peregrini,
915 2790 1020 2869 fratri
1038 2793 1149 2868 Petro
1167 2791 1214 2867 de
1235 2789 1396 2868 Caturco
1419 2791 1563 2869 ordinis
1579 2790 1737 2869 fratrum
1761 2795 1831 2872 Mi-

411 2948 569 3014 norum,
586 2922 764 3029 episcopo
775 2923 823 3000 de
835 2920 1005 3008 Gibelet,
1026 2949 1142 3027 quem
1162 2919 1283 2996 credit
1294 2920 1489 3011 vivere,et
1502 2919 1754 2998 absolutusab
1769 2951 1827 3011 eo,

414 3066 451 3127 et
471 3051 647 3156 imposita
665 3052 700 3127 ei
721 3051 932 3157 penitencia
955 3050 1060 3158 quod
1077 3050 1267 3158 jejunaret
1286 3049 1397 3143 sertis
1420 3048 1525 3126 feriis
1546 3076 1615 3155 per
1631 3077 1772 3128 annum
1787 3055 1827 3128 in

412 3204 508 3284 pane
524 3196 563 3256 et
575 3208 688 3284 aqua,
708 3181 814 3285 quod
827 3179 982 3269 etlecit3
1003 3198 1040 3256 et
1055 3180 1176 3257 dictus
1192 3179 1387 3285 episcopus
1406 3175 1480 3256 suit
1492 3176 1542 3257 de
1561 3178 1739 3285 predictis
1750 3182 1830 3286 plu-

412 3308 551 3385 rimum
572 3309 776 3386 admiratus
796 3324 834 3386 et
852 3310 1090 3414 stupefactus.
1103 3312 1261 3391 Fratres
1274 3307 1418 3385 ordinis
1431 3309 1574 3414 quibus
1587 3308 1708 3387 credit
1722 3327 1831 3389 notos

413 3437 526 3516 luisse
538 3466 682 3516 errores
696 3439 922 3517 confessatos
938 3469 1005 3544 per
1025 3468 1112 3515 eum
1128 3439 1280 3516 suerunt
1298 3437 1546 3544 negligentes,
1561 3439 1652 3545 quia
1666 3468 1743 3519 non
1753 3471 1831 3518 cor-

412 3585 591 3646 rexerunt
605 3595 669 3645 eos
688 3597 757 3645 nec
783 3569 1104 3647 denunciaverunt
1125 3568 1302 3645 Ecclesia.
1330 3566 1562 3645 Elemosinas
1582 3585 1621 3645 et
1636 3570 1830 3675 hospitali-

411 3713 525 3774 tatem
546 3698 640 3776 vidit
656 3700 927 3777 convenienter
942 3699 1024 3776 sieri
1047 3716 1086 3774 et
1103 3699 1238 3775 servari
1258 3698 1297 3773 in
1321 3696 1500 3773 domibus
1522 3698 1667 3776 ordinis
1685 3700 1726 3775 in
1746 3702 1830 3805 qui·

412 3824 484 3905 bus
508 3829 628 3905 extitit
650 3848 918 3918 commoratus,
948 3847 986 3906 et
1008 3830 1148 3906 audivit
1167 3828 1240 3905 dici
1260 3828 1366 3933 quod
1389 3854 1523 3904 eorum
1540 3827 1714 3934 capitalia
1731 3829 1827 3905 clam

412 3958 647 4045 tenebantur,
676 3961 791 4037 nullis
814 3961 1051 4068 presentibus
1078 3959 1150 4036 nisi
1174 3957 1351 4035 fratribus
1373 3956 1527 4035 ordinis.
1557 3957 1735 4036 Ordinato
1761 3988 1830 4064 per

413 4086 629 4191 Magistrum
651 4107 945 4169 cum-conventu
967 4105 1146 4167 servasset
1168 4104 1281 4165 totus.
1297 4087 1411 4177 ordo,
1435 4105 1563 4164 eontra
1587 4114 1702 4194 quem
1728 4115 1831 4167 nunc

413 4230 566 4320 propter
575 4220 741 4321 predicta
754 4221 909 4326 grandia
922 4220 1108 4308 scandala,
1124 4220 1347 4324 suspiciost
1364 4218 1516 4295 infamia
1530 4220 1621 4294 sunt
1632 4235 1775 4310 exorta,
1793 4236 1831 4296 et

413 4344 531 4421 credit
548 4347 652 4451 quod
666 4350 842 4456 Magister
860 4351 977 4425 etalii
994 4352 1068 4427 sint
1089 4349 1246 4427 confessi
1271 4348 1401 4425 illicita
1421 4347 1826 4453 confarrata-pereum.

412 4475 701 4552 Nonobtulerat
714 4506 755 4554 se
772 4479 820 4553 ad
835 4477 1108 4556 deffensiober'n
1129 4479 1284 4557 ordinis
1406 4514 1410 4523 ·
1448 4512 1476 4529 ··
1608 4518 1614 4525 ·

469 4605 682 4708 Requisitus
695 4606 727 4680 si
739 4606 797 4681 sic·
810 4607 1032 4710 deposuerat
1044 4634 1174 4711 prece,
1189 4627 1380 4715 precepto,
1396 4611 1550 4700 timore,
1562 4634 1707 4698 amore,
1720 4609 1824 4697 odio,

413 4732 470 4806 vel
478 4734 674 4837 temporali
684 4736 844 4812 comodo
860 4736 988 4813 habito
997 4737 1054 4813 vel
1065 4738 1251 4828 habendo,
1262 4740 1456 4846 respondit
1465 4740 1571 4846 quod
1582 4766 1670 4831 non,
1682 4738 1749 4817 sed
1758 4766 1827 4842 pro
