4230 5956
728 492 923 586 proces
948 510 1044 583 nus
1068 508 1365 582 rrnrnrnns.
1679 514 1752 589 353

394 652 495 729 Dixit
513 650 628 727 eciam
648 652 752 757 quod
772 653 958 730 osculatus
976 651 1046 728 fuit
1061 651 1203 729 dictum
1223 650 1467 756 recipientem
1482 649 1520 725 in
1539 678 1605 727 ore
1618 654 1751 731 solum.

392 784 483 857 Item
511 780 601 857 dixit
628 808 696 886 per
713 782 970 889 juramentum
1002 811 1113 860 sunm
1145 781 1248 887 quod
1281 780 1464 886 recipiens
1487 780 1656 887 precepit
1683 783 1753 861 sihi

336 911 439 1018 quod
459 929 659 1018 exponeret
679 941 717 989 se
741 911 915 991 fratribus
933 911 1026 1000 suis,
1050 912 1081 988 si
1105 910 1243 988 vellent
1260 939 1341 987 rem
1364 910 1502 987 habere
1525 939 1612 987 cum
1632 939 1694 999 eo,
1717 931 1755 990 et

336 1043 408 1118 hoc
427 1040 530 1118 idem
550 1041 604 1119 eis
622 1042 773 1131 faceret,
790 1043 821 1119 si
836 1044 964 1132 vellet,
986 1041 1052 1119 sed
1072 1043 1152 1148 ipse
1173 1042 1265 1119 dixit
1288 1070 1357 1148 per
1369 1042 1626 1148 juramentum
1643 1070 1754 1120 suum

335 1171 439 1278 quod
460 1171 552 1248 dixit
573 1172 676 1248 idem
696 1173 889 1278 recipienti
906 1172 1008 1280 quod
1027 1200 1218 1279 nunquam
1233 1189 1409 1278 precepto
1423 1172 1644 1279 hujusmodi
1664 1172 1756 1252 obe-

336 1300 451 1391 diret,
474 1330 542 1380 nec
559 1300 655 1378 illud
673 1319 867 1408 peecatum
882 1302 1086 1393 commisit,
1106 1319 1148 1379 ut
1165 1302 1267 1380 dicit.

390 1434 484 1509 Item
502 1430 595 1508 dixit
614 1432 718 1538 quod
737 1433 857 1529 credit
878 1433 982 1540 qnod
1007 1432 1070 1508 alii
1092 1431 1222 1510 fratres
1244 1433 1332 1510 dicti
1359 1432 1501 1510 ordinis
1523 1434 1755 1541 recipiuntur

333 1590 402 1665 per
421 1559 598 1638 eumdem
623 1561 792 1640 modum.

389 1694 482 1767 ltem
504 1691 595 1768 dixit
613 1719 681 1797 per
694 1692 951 1798 juramentum
967 1722 1077 1771 sunm
1088 1693 1190 1798 quod
1213 1694 1264 1781 vi,
1281 1694 1339 1770 vel
1358 1710 1464 1770 metu
1475 1710 1752 1770 tormentorum

332 1822 389 1898 vel
407 1823 496 1900 alias
514 1850 590 1900 non
611 1821 705 1899 dixit
718 1823 824 1901 aliud
841 1852 953 1931 quam
968 1826 1178 1911 veritatem,
1197 1824 1320 1901 necin
1339 1822 1530 1928 premissis
1547 1821 1753 1901 immiscuit

333 1950 498 2058 aliquam
513 1951 729 2041 falsitatem,
753 1969 791 2029 et
805 1953 908 2060 quod
922 1982 1053 2059 puram
1078 1953 1268 2031 veritatem
1295 1952 1388 2030 dixit
1406 1980 1474 2058 pro
1494 1952 1610 2028 salute
1629 1948 1751 2031 anime

333 2106 410 2156 sue.

390 2345 483 2421 ltem
519 2343 632 2422 frater
660 2343 879 2452 Radulphus
913 2345 959 2422 de
991 2344 1257 2425 Grandivillari
1287 2345 1547 2423 Ambianensis
1573 2344 1751 2434 diocesis,

332 2476 438 2552 etatis
461 2475 610 2582 triginta
635 2493 795 2582 quatuor
818 2505 1002 2554 annorum
1027 2477 1084 2553 vel
1104 2476 1218 2567 circa,
1239 2504 1388 2554 morans
1408 2492 1446 2552 et
1474 2503 1598 2552 curam
1620 2503 1753 2585 gerens

331 2624 537 2684 aratrorum
565 2607 604 2684 in
623 2608 738 2686 domo
761 2608 808 2686 de
825 2610 953 2687 Monte
973 2609 1249 2701 suessionensi,
1279 2609 1413 2687 eodem
1437 2608 1553 2685 modo
1578 2608 1752 2685 constitu·

329 2754 407 2822 tus,
424 2736 570 2843 juratus
590 2753 628 2815 et
645 2738 866 2845 requisitus,
888 2737 982 2815 dixit
995 2767 1063 2844 per
1075 2739 1332 2845 juramentum
1349 2766 1459 2815 suum
1475 2736 1579 2844 quod
1595 2737 1635 2812 in
1653 2735 1750 2815 festo

329 2865 533 2945 Natiuitatis
551 2866 661 2946 beate
675 2868 790 2946 Mario
808 2868 942 2946 tdtimo
956 2868 1137 2974 preterito
1152 2867 1304 2945 fuerunt
1321 2867 1452 2944 decem
1467 2866 1554 2944 anni
1569 2865 1626 2944 vel
1637 2867 1748 2955 circa,

330 2998 434 3102 quod
452 2995 524 3074 fuit
542 3014 714 3104 receptus
741 2998 781 3074 in
807 2999 922 3076 domo
941 2997 989 3074 de
1014 3000 1134 3075 Bosco
1152 3026 1270 3104 prope
1289 2997 1492 3086 Fminices,
1513 3024 1581 3100 per
1599 2995 1749 3074 fratrem

329 3125 508 3204 Garinum
539 3128 588 3205 de
613 3127 870 3206 Grandivillari
901 3128 1119 3237 magistrum
1144 3126 1293 3206 ballivis
1308 3126 1641 3239 'viromandensis
1667 3156 1752 3233 pre-

329 3256 497 3333 sentibus
521 3257 634 3334 fratre
660 3256 830 3335 Johanne
854 3256 902 3334 de
927 3258 1145 3347 Crevecuer,
1171 3256 1282 3336 fratre
1307 3258 1417 3335 Petro
1444 3274 1681 3364 preceptore,
1713 3274 1751 3333 et

327 3386 437 3464 fratre
456 3388 567 3465 Petro
585 3387 687 3466 socio
708 3386 806 3465 dicte
822 3387 960 3467 domus
974 3387 1021 3465 de
1037 3389 1168 3466 Bosco.
1654 3388 1660 3395 ’
1857 3376 1862 3383 ’

384 3517 589 3594 Itemdixit
607 3545 676 3623 per
686 3516 943 3625 juramentum
962 3546 1073 3595 suum
1089 3519 1213 3625 quod,
1232 3546 1277 3595 eo
1297 3536 1460 3624 recepto,
1471 3510 1688 3626 juramento
1702 3517 1749 3594 ab

328 3673 373 3723 eo
388 3647 543 3751 prestito
559 3647 607 3725 de
622 3647 767 3724 statutis
780 3664 819 3724 et
832 3647 983 3724 secretis
1003 3647 1145 3724 ordinis
1158 3646 1415 3736 observandis,
1438 3664 1474 3723 et
1486 3646 1663 3723 mantello
1677 3644 1747 3722 sibi

326 3775 373 3852 ad
393 3777 530 3855 coldum
551 3776 690 3882 posito,
713 3776 835 3853 dictus
850 3776 1033 3882 recipiens
1052 3774 1157 3852 duxit
1174 3804 1261 3852 eum
1277 3775 1324 3852 ad
1340 3793 1483 3883 partem
1502 3793 1603 3853 retro
1620 3774 1745 3864 altare,

327 3923 364 3980 et
383 3905 547 3983 ostendit
564 3906 633 3982 sibi
649 3905 851 4013 quamdam
872 3933 1022 3983 crucem
1044 3922 1256 4011 argenteam
1280 3935 1366 3983 cum
1387 3906 1558 4014 ymagine
1581 3903 1747 3981 crncifixi

326 4035 364 4110 in
390 4062 435 4112 eo
461 4035 618 4142 sctdpta,
633 4054 766 4142 petens
789 4035 836 4113 ab
860 4064 905 4114 eo
932 4036 998 4143 qui
1023 4034 1191 4143 loquitur
1213 4065 1326 4142 quem
1346 4035 1516 4113 crederet
1541 4063 1621 4113 esse
1641 4034 1745 4114 illum

326 4162 433 4270 cnjus
455 4192 588 4272 ymago
612 4166 780 4272 predicta
800 4183 879 4244 erat
901 4166 940 4244 in
967 4166 1064 4244 dicta
1090 4166 1217 4255 cruce,
1241 4183 1278 4243 et
1304 4166 1383 4271 ipse
1405 4164 1470 4272 qui
1497 4165 1666 4272 loquitur
1687 4193 1747 4243 re·

325 4293 478 4398 spondit
495 4296 597 4401 quod
619 4295 793 4375 credebat
806 4296 911 4402 quod
927 4313 1022 4374 esset
1037 4295 1193 4374 Domini
1204 4296 1321 4373 Jhesu
1334 4296 1488 4387 Christi,
1505 4295 1553 4373 ad
1569 4296 1673 4401 quod
1686 4324 1746 4373 re-

324 4422 465 4529 cipiens
485 4422 556 4502 sibi
577 4424 669 4502 dixit
695 4426 800 4533 quod
817 4424 915 4503 male
940 4425 1133 4518 credebat3
1154 4425 1281 4503 dicens
1305 4426 1409 4533 quod
1435 4426 1514 4532 ipse
1538 4425 1644 4533 cujus
1668 4442 1747 4505 erat

323 4580 457 4660 ymago
486 4555 654 4661 predicta
676 4554 800 4634 fuerat
821 4583 921 4634 unus
939 4554 1054 4635 falsus
1081 4555 1289 4663 propheta;
1316 4556 1526 4664 precipiens
1544 4554 1616 4633 sibi
1641 4554 1746 4663 quod

321 4683 532 4792 abnegaret
553 4708 642 4764 eum
660 4703 731 4777 ter,
755 4702 792 4765 et
805 4703 866 4763 ter
885 4694 1162 4795 spueret‘supra
1180 4715 1330 4764 crucem
1350 4714 1372 4763 e
1388 4685 1601 4797 ymaginem
1616 4684 1744 4793 predi·
1862 4706 1870 4717 ·

323 4829 415 4903 ctas,
433 4831 472 4892 et
488 4830 582 4893 tunc
596 4815 675 4925 ipse
694 4816 760 4924 qui
776 4815 946 4925 loquitur
960 4816 1156 4929 abnegavit
1168 4834 1228 4897 ter
1245 4816 1370 4925 ipsum·
1388 4817 1497 4927 cujus
1510 4842 1644 4925 ymago
1655 4842 1744 4925 pre-

408 4973 581 5034 raoctsnrs
595 4990 859 5036 muretensem
1531 4972 1573 5039 45
