4230 5956
672 506 870 602 Procas
895 527 991 601 nas
1020 528 1322 607 TEMPLIERS.
1667 546 1706 613 11

282 670 525 775 proteritate
552 670 729 760 dicenda;
755 672 815 749 cui
841 671 915 749 suit
940 670 1154 780 injunctam
1179 676 1283 783 quod
1308 704 1385 754 non
1410 676 1593 756 revelaret
1616 682 1712 760 hanc

281 829 389 878 suam
410 801 691 907 deposicionem
712 831 909 911 quousque
930 805 1188 883 attestaciones
1209 806 1351 884 fuerint
1369 807 1558 914 publicata
1573 841 1581 884 :
1598 827 1636 888 et
1657 833 1712 892 est

280 931 477 1010 sciendum
498 934 601 1040 quod
622 933 858 1041 intelligebat
875 916 1063 1012 Latinum.

336 1065 427 1143 Acta
439 1064 593 1142 suerunt
604 1065 675 1143 hec
691 1066 870 1172 predictis
884 1065 945 1143 die
958 1083 996 1143 et
1006 1066 1102 1160 loco,
1114 1069 1353 1174 presentibus
1367 1071 1543 1179 magistro
1554 1072 1708 1162 Amisio,
1770 1158 1775 1163 ,

282 1224 342 1274 me
354 1196 608 1275 Floriamonte
619 1197 838 1286 Dondedei,
862 1216 899 1275 et
918 1196 999 1276 aliis
1014 1200 1170 1277 notariis
1183 1229 1295 1307 supra
1305 1201 1443 1279 ultimo
1458 1203 1672 1283 nominatis.

336 1459 425 1537 Post
438 1459 526 1548 hec,
549 1461 589 1538 in
606 1461 826 1555 crastinum,
842 1459 1017 1539 videlicet
1030 1460 1093 1538 die
1111 1463 1240 1541 Martis
1254 1462 1444 1569 sequenti,
1465 1465 1530 1571 qui
1546 1464 1621 1542 luit
1632 1491 1709 1544 vru1

280 1588 522 1670 dies‘mensis‘
540 1592 689 1682 Marcii,
713 1592 785 1671 luit
805 1593 990 1670 adductus
1010 1593 1059 1670 ad
1078 1596 1312 1700 presenciam
1341 1595 1564 1674 eorumdem
1587 1596 1709 1674 domi-

277 1750 416 1800 norum
437 1725 798 1814 commissariorum,
820 1727 860 1843 ip
881 1725 995 1802 domo
1015 1727 1183 1832 predicta
1195 1726 1352 1805 fratrum
1367 1727 1574 1818 Minorum‚
1596 1728 1709 1806 frater

276 1852 507 1935 Guillelmus
539 1856 586 1933 de
619 1859 783 1966 Torrage
823 1856 933 1934 miles
969 1858 1209 1936 Carnotensis
1237 1858 1419 1947 diocesis,
1455 1861 1560 1937 testis
1596 1878 1706 1966 supra

270 1987 434 2093 juratus,
463 2007 506 2066 ut
527 1987 735 2094 deponeret
755 1989 899 2065 dictum
921 2016 1051 2079 suum,
1078 1990 1303 2066 mantellum
1327 1988 1471 2065 ordinis
1494 2005 1533 2064 et
1549 1987 1705 2065 barbam

182 2217 184 2222 .
276 2116 480 2210 defferens,
503 2120 764 2224 sexagenarius
780 2119 838 2195 vel
860 2118 972 2206 circa,
995 2146 1082 2194 cum
1103 2148 1179 2225 quo
1200 2117 1421 2225 inquisitum
1441 2117 1579 2207 fuerat,
1599 2118 1708 2198 abso·

275 2248 378 2326 lutus
398 2266 436 2326 et
455 2249 716 2326 reconciliatus
735 2279 802 2354 per
823 2248 1022 2325 dominum
1039 2249 1255 2354 episcopum
1271 2250 1564 2327 Xantonensem.
1585 2252 1706 2329 Lectis

274 2398 402 2458 antem
423 2398 460 2460 et
480 2379 682 2488 diligenter
700 2378 771 2456 sibi
796 2377 971 2484 expositis
991 2378 1171 2455 omnibus
1193 2397 1230 2456 et
1248 2379 1406 2489 singulis
1425 2381 1607 2474 articulis,
1629 2410 1706 2460 res-

272 2512 408 2618 pondit
425 2541 464 2590 se
478 2511 627 2621 ‘nescire
647 2538 718 2588 nec
738 2510 891 2588 credere
908 2510 961 2587 de
978 2511 1163 2589 contentis
1180 2511 1219 2586 in
1236 2511 1290 2588 eis
1307 2512 1378 2589 nisi
1395 2511 1502 2618 quod
1522 2514 1702 2620 sequitur.
1808 2572 1816 2590 .

272 2645 375 2721 Dixit
395 2645 497 2722 enirn
518 2644 619 2751 quod
646 2644 725 2750 ipse
752 2653 927 2749 receptus
950 2641 1139 2720 luerat‘in
1157 2643 1457 2750 capella—domus
1482 2645 1633 2751 Templi
1656 2647 1704 2725 de

274 2774 375 2852 Malo
397 2777 522 2852 Leone
544 2774 768 2853 Pictavensis
789 2773 966 2864 diocesis,
999 2775 1037 2850 in
1062 2773 1186 2881 vigilia
1212 2773 1385 2849 instantis
1415 2772 1500 2849 festi
1524 2776 1705 2856 Resurre-

274 2904 407 2984 ctionis
431 2906 630 2984 Dominice
658 2923 770 2982 erunt
794 2932 864 2984 xxv
890 2905 978 2982 anni
1001 2904 1059 2982 vel
1079 2905 1190 2994 circa,
1212 2932 1281 3010 per
1307 2902 1460 2980 fratrem
1490 2905 1702 2987 lobannem

273 3037 416 3114 dictum
438 3036 474 3115 le
494 3040 676 3144 Franceys
705 3037 865 3114 militem
885 3036 1096 3144 quondam,
1120 3053 1382 3143 preceptorem
1408 3051 1500 3111 tunc
1523 3036 1701 3132 Pictavie,

271 3167 510 3274 presentibus
531 3168 708 3246 fratribus
730 3169 882 3247 Matheo
904 3168 952 3244 d'e
971 3167 1163 3245 Britannia
1186 3164 1413 3273 presbitero,
1436 3165 1544 3274 cujus
1563 3196 1702 3278 cogno-

272 3327 360 3375 men
383 3299 547 3408 ignorat,
574 3318 612 3376 et
635 3299 808 3407 pluribus
833 3299 915 3376 aliis
935 3299 1137 3376 deffunctis
1164 3325 1330 3405 quorum
1357 3297 1510 3374 nomina
1536 3298 1699 3407 ignorat,

272 3428 310 3504 in
343 3429 446 3508 hunc
479 3430 638 3508 modum
666 3461 675 3507 r
702 3460 789 3509 nam
826 3460 911 3509 cum
947 3426 1203 3539 requisivisset
1237 3457 1276 3507 se
1304 3427 1447 3535 recipi,
1491 3445 1529 3506 et
1563 3428 1703 3510 delibe-

271 3580 415 3639 rassent
443 3591 531 3641 eum
560 3564 746 3670 recipere,
779 3564 950 3642 lecerunt
977 3589 1066 3640 eum
1093 3590 1225 3641 vovere
1255 3578 1293 3638 et
1316 3561 1444 3669 jurare
1473 3560 1593 3638 vivere
1620 3563 1701 3641 sine

270 3694 445 3800 proprio,
468 3723 612 3773 servare
633 3696 856 3789 castitatem,
878 3694 1159 3784 obedienciam,
1180 3693 1303 3771 honos
1318 3720 1407 3771 usus
1423 3708 1462 3769 et
1475 3691 1593 3770 bonas
1613 3721 1702 3772 con-

271 3825 492 3903 suetudines
509 3827 664 3903 ordinis.
686 3827 935 3905 Postmodum
954 3843 1127 3933 receptor
1146 3825 1328 3932 imposuit
1347 3825 1381 3901 ei
1402 3822 1640 3913 mantellum,
1663 3843 1701 3901 et

269 3958 349 4061 ipse
376 3975 414 4034 et
431 3976 593 4037 astantes
614 3958 771 4049 osculati
794 3960 949 4039 luerunt
973 3987 1061 4037 eum
1083 3959 1124 4035 in
1149 3987 1227 4037 ore.
1247 3956 1504 4036 Postmodum
1525 3954 1701 4032 instruxit
1752 3942 1755 3952 ⁵

270 4116 358 4165 eum
379 4108 473 4195 quot
492 4082 603 4170 Pater
621 4108 735 4169 noster
759 4091 901 4169 diceret
917 4119 986 4198 pro
1012 4091 1116 4169 horis
1135 4091 1228 4177 suis,
1251 4104 1289 4163 et
1308 4082 1470 4191 qualiter
1488 4100 1636 4192 regeret
1658 4113 1698 4164 se

270 4216 309 4291 in
329 4220 480 4308 ordine;
502 4221 570 4297 sed
591 4222 638 4298 de
654 4222 923 4328 abnegacione,
945 4217 1139 4325 vituperiis
1155 4216 1288 4303 crucis,
1312 4215 1449 4294 osculis
1471 4216 1696 4307 inhonestis,

146 4452 150 4459 .
269 4347 427 4425 crimine
448 4350 674 4428 sodomitico
691 4352 751 4429 vel
768 4351 892 4458 aliqua
908 4350 979 4426 alia
998 4378 1039 4426 re
1055 4347 1186 4425 illicita
1205 4347 1371 4425 nonfuit
1391 4350 1426 4425 ei
1445 4349 1610 4438 locutus,
1629 4377 1699 4426 nec

266 4479 411 4557 audivit
431 4480 503 4557 dici
525 4509 595 4558 nec
616 4482 735 4560 credit
754 4481 1067 4589 quoddiceretur
1089 4479 1181 4557 aliis-
1194 4480 1234 4556 in
1257 4508 1388 4558 eorum
1413 4477 1698 4586 receptionibus

267 4611 326 4688 vel
346 4629 446 4718 post,
470 4640 541 4689 nec
561 4613 663 4719 quod
684 4612 794 4693 fieret
817 4631 885 4722 per
905 4641 969 4692 eos
989 4642 1059 4691 nec
1082 4614 1121 4689 in
1143 4613 1290 4694 ordine,
1312 4611 1529 4720 Requisitus
1548 4609 1578 4689 si
1600 4638 1698 4720 quos

160 4747 168 4762 '
268 4744 360 4821 alios
376 4746 520 4822 viderat
535 4745 669 4852 recipi,
687 4764 725 4825 et
738 4746 804 4825 ubi
822 4765 858 4826 et
873 4748 1027 4855 quando
1041 4763 1111 4826 eta
1126 4745 1283 4853 quibus,
1303 4744 1499 4854 respondit
1512 4743 1618 4851 quod
1629 4770 1698 4852 per

267 4893 401 4957 testem
411 4880 582 4984 proximo
592 4879 1127 4987 examinatumpreceptorem
1138 4877 1186 4955 de
1198 4876 1369 4984 Rupella,
1378 4873 1645 4981 videratrecipi
1656 4873 1696 4951 in

1517 5034 1533 5073 2
1540 5061 1546 5072 .
