<?xml version="1.0" encoding="UTF-8"?>
<!DOCTYPE html PUBLIC "-//W3C//DTD XHTML 1.0 Transitional//EN"
    "http://www.w3.org/TR/xhtml1/DTD/xhtml1-transitional.dtd">
<html xmlns="http://www.w3.org/1999/xhtml" xml:lang="en" lang="en">
 <head>
  <title>
</title>
<meta http-equiv="Content-Type" content="text/html;charset=utf-8" />
  <meta name='ocr-system' content='tesseract 3.04.00' />
  <meta name='ocr-capabilities' content='ocr_page ocr_carea ocr_par ocr_line ocrx_word'/>
</head>
<body>
  <div class='ocr_page' id='page_1' title='image "./procsdestemplie01defegoog/procsdestemplie01defegoog_0085.png"; bbox 0 0 4230 5956; ppageno 0'>
   <div class='ocr_carea' id='block_1_1' title="bbox 687 467 1713 567">
    <p class='ocr_par' dir='ltr' id='par_1_1' title="bbox 687 467 1713 567">
     <span class='ocr_line' id='line_1_1' title="bbox 687 467 1713 567; baseline 0.01 -10"><span class='ocrx_word' id='word_1_1' title='bbox 687 467 881 559; x_wconf 78' lang='lat' dir='ltr'>reeens</span> <span class='ocrx_word' id='word_1_2' title='bbox 908 486 1002 557; x_wconf 85' lang='lat' dir='ltr'>ons</span> <span class='ocrx_word' id='word_1_3' title='bbox 1029 487 1327 563; x_wconf 83' lang='lat' dir='ltr'>rnnrmsns.</span> <span class='ocrx_word' id='word_1_4' title='bbox 1665 495 1713 567; x_wconf 81' lang='lat' dir='ltr'>so</span> 
     </span>
    </p>
   </div>
   <div class='ocr_carea' id='block_1_2' title="bbox 291 625 1814 5017">
    <p class='ocr_par' dir='ltr' id='par_1_2' title="bbox 291 625 1814 5017">
     <span class='ocr_line' id='line_1_2' title="bbox 295 625 1714 732; baseline 0.008 -31"><span class='ocrx_word' id='word_1_5' title='bbox 295 626 436 712; x_wconf 86' lang='lat' dir='ltr'>Marcii,</span> <span class='ocrx_word' id='word_1_6' title='bbox 459 625 531 703; x_wconf 83' lang='lat' dir='ltr'>luit</span> <span class='ocrx_word' id='word_1_7' title='bbox 545 625 730 703; x_wconf 87' lang='lat' dir='ltr'>adductus</span> <span class='ocrx_word' id='word_1_8' title='bbox 745 629 792 704; x_wconf 88' lang='lat' dir='ltr'>ad</span> <span class='ocrx_word' id='word_1_9' title='bbox 807 627 1035 732; x_wconf 81' lang='lat' dir='ltr'>presenciam</span> <span class='ocrx_word' id='word_1_10' title='bbox 1053 630 1263 707; x_wconf 88' lang='lat' dir='ltr'>eorundem</span> <span class='ocrx_word' id='word_1_11' title='bbox 1283 629 1526 707; x_wconf 91' lang='lat' dir='ltr'>dominorum</span> <span class='ocrx_word' id='word_1_12' title='bbox 1544 637 1714 712; x_wconf 75' lang='lat' dir='ltr'>commis</span> 
     </span>
     <span class='ocr_line' id='line_1_3' title="bbox 293 754 1712 865; baseline 0.007 -32"><span class='ocrx_word' id='word_1_13' title='bbox 293 754 476 833; x_wconf 88' lang='lat' dir='ltr'>sariorum</span> <span class='ocrx_word' id='word_1_14' title='bbox 504 775 542 834; x_wconf 91' lang='lat' dir='ltr'>et</span> <span class='ocrx_word' id='word_1_15' title='bbox 567 757 712 834; x_wconf 94' lang='lat' dir='ltr'>domini</span> <span class='ocrx_word' id='word_1_16' title='bbox 733 757 894 849; x_wconf 87' lang='lat' dir='ltr'>Mathei,</span> <span class='ocrx_word' id='word_1_17' title='bbox 925 758 965 834; x_wconf 92' lang='lat' dir='ltr'>in</span> <span class='ocrx_word' id='word_1_18' title='bbox 994 758 1109 836; x_wconf 91' lang='lat' dir='ltr'>domo</span> <span class='ocrx_word' id='word_1_19' title='bbox 1134 758 1300 865; x_wconf 89' lang='lat' dir='ltr'>predicta</span> <span class='ocrx_word' id='word_1_20' title='bbox 1324 757 1481 837; x_wconf 79' lang='lat' dir='ltr'>fratrum</span> <span class='ocrx_word' id='word_1_21' title='bbox 1505 759 1712 850; x_wconf 72' lang='lat' dir='ltr'>Miserum,</span> 
     </span>
     <span class='ocr_line' id='line_1_4' title="bbox 292 884 1712 995; baseline 0.006 -35"><span class='ocrx_word' id='word_1_22' title='bbox 292 884 520 963; x_wconf 84' lang='lat' dir='ltr'>Bertrandus</span> <span class='ocrx_word' id='word_1_23' title='bbox 540 887 588 962; x_wconf 90' lang='lat' dir='ltr'>de</span> <span class='ocrx_word' id='word_1_24' title='bbox 606 887 809 964; x_wconf 88' lang='lat' dir='ltr'>Somorens</span> <span class='ocrx_word' id='word_1_25' title='bbox 824 887 1086 965; x_wconf 81' lang='lat' dir='ltr'>Ambianensis</span> <span class='ocrx_word' id='word_1_26' title='bbox 1103 888 1278 980; x_wconf 91' lang='lat' dir='ltr'>diocesis,</span> <span class='ocrx_word' id='word_1_27' title='bbox 1300 889 1405 965; x_wconf 90' lang='lat' dir='ltr'>testis</span> <span class='ocrx_word' id='word_1_28' title='bbox 1422 917 1532 995; x_wconf 91' lang='lat' dir='ltr'>supra</span> <span class='ocrx_word' id='word_1_29' title='bbox 1547 888 1712 994; x_wconf 81' lang='lat' dir='ltr'>juratus,</span> 
     </span>
     <span class='ocr_line' id='line_1_5' title="bbox 294 1015 1711 1125; baseline 0.008 -34"><span class='ocrx_word' id='word_1_30' title='bbox 294 1033 336 1091; x_wconf 92' lang='lat' dir='ltr'>ut</span> <span class='ocrx_word' id='word_1_31' title='bbox 348 1015 556 1122; x_wconf 81' lang='lat' dir='ltr'>deponeret</span> <span class='ocrx_word' id='word_1_32' title='bbox 571 1018 713 1094; x_wconf 90' lang='lat' dir='ltr'>dictum</span> <span class='ocrx_word' id='word_1_33' title='bbox 731 1046 861 1106; x_wconf 87' lang='lat' dir='ltr'>suurn,</span> <span class='ocrx_word' id='word_1_34' title='bbox 882 1018 1306 1125; x_wconf 86' lang='lat' dir='ltr'>quadragintaquinque</span> <span class='ocrx_word' id='word_1_35' title='bbox 1322 1047 1508 1097; x_wconf 90' lang='lat' dir='ltr'>annorum</span> <span class='ocrx_word' id='word_1_36' title='bbox 1526 1019 1585 1098; x_wconf 90' lang='lat' dir='ltr'>vel</span> <span class='ocrx_word' id='word_1_37' title='bbox 1599 1020 1711 1106; x_wconf 78' lang='lat' dir='ltr'>circs,</span> 
     </span>
     <span class='ocr_line' id='line_1_6' title="bbox 293 1146 1713 1254; baseline 0.004 -33"><span class='ocrx_word' id='word_1_38' title='bbox 293 1174 371 1222; x_wconf 92' lang='lat' dir='ltr'>non</span> <span class='ocrx_word' id='word_1_39' title='bbox 391 1146 578 1225; x_wconf 83' lang='lat' dir='ltr'>dellerens</span> <span class='ocrx_word' id='word_1_40' title='bbox 598 1148 821 1224; x_wconf 89' lang='lat' dir='ltr'>mantellum</span> <span class='ocrx_word' id='word_1_41' title='bbox 847 1147 1006 1235; x_wconf 81' lang='lat' dir='ltr'><strong>ordinis,</strong></span> <span class='ocrx_word' id='word_1_42' title='bbox 1037 1150 1126 1254; x_wconf 87' lang='lat' dir='ltr'>quia</span> <span class='ocrx_word' id='word_1_43' title='bbox 1146 1148 1353 1227; x_wconf 79' lang='lat' dir='ltr'>voluntarie</span> <span class='ocrx_word' id='word_1_44' title='bbox 1378 1150 1501 1254; x_wconf 92' lang='lat' dir='ltr'>ipsum</span> <span class='ocrx_word' id='word_1_45' title='bbox 1521 1149 1713 1228; x_wconf 73' lang='lat' dir='ltr'>dimiserat</span> 
     </span>
     <span class='ocr_line' id='line_1_7' title="bbox 294 1276 1713 1386; baseline 0.004 -36"><span class='ocrx_word' id='word_1_46' title='bbox 294 1292 332 1350; x_wconf 90' lang='lat' dir='ltr'>et</span> <span class='ocrx_word' id='word_1_47' title='bbox 354 1277 433 1352; x_wconf 88' lang='lat' dir='ltr'>radi</span> <span class='ocrx_word' id='word_1_48' title='bbox 459 1276 594 1354; x_wconf 85' lang='lat' dir='ltr'>fecerat</span> <span class='ocrx_word' id='word_1_49' title='bbox 617 1279 689 1356; x_wconf 90' lang='lat' dir='ltr'>sibi</span> <span class='ocrx_word' id='word_1_50' title='bbox 709 1278 884 1369; x_wconf 83' lang='lat' dir='ltr'>barbam,</span> <span class='ocrx_word' id='word_1_51' title='bbox 906 1308 992 1356; x_wconf 90' lang='lat' dir='ltr'>curn</span> <span class='ocrx_word' id='word_1_52' title='bbox 1014 1309 1090 1386; x_wconf 91' lang='lat' dir='ltr'>quo</span> <span class='ocrx_word' id='word_1_53' title='bbox 1112 1280 1333 1386; x_wconf 91' lang='lat' dir='ltr'>inquisitum</span> <span class='ocrx_word' id='word_1_54' title='bbox 1357 1280 1491 1371; x_wconf 87' lang='lat' dir='ltr'>suerat,</span> <span class='ocrx_word' id='word_1_55' title='bbox 1519 1279 1713 1361; x_wconf 89' lang='lat' dir='ltr'>absolutus</span> 
     </span>
     <span class='ocr_line' id='line_1_8' title="bbox 294 1408 1712 1517; baseline 0.004 -35"><span class='ocrx_word' id='word_1_56' title='bbox 294 1423 330 1482; x_wconf 90' lang='lat' dir='ltr'>et</span> <span class='ocrx_word' id='word_1_57' title='bbox 347 1408 609 1485; x_wconf 86' lang='lat' dir='ltr'>reconciliatus</span> <span class='ocrx_word' id='word_1_58' title='bbox 623 1438 691 1515; x_wconf 89' lang='lat' dir='ltr'>per</span> <span class='ocrx_word' id='word_1_59' title='bbox 707 1409 906 1486; x_wconf 91' lang='lat' dir='ltr'>dominum</span> <span class='ocrx_word' id='word_1_60' title='bbox 920 1410 1242 1517; x_wconf 84' lang='lat' dir='ltr'>archiepiscopum</span> <span class='ocrx_word' id='word_1_61' title='bbox 1257 1412 1482 1492; x_wconf 87' lang='lat' dir='ltr'>Remensem</span> <span class='ocrx_word' id='word_1_62' title='bbox 1499 1411 1537 1489; x_wconf 91' lang='lat' dir='ltr'>in</span> <span class='ocrx_word' id='word_1_63' title='bbox 1552 1411 1712 1491; x_wconf 75' lang='lat' dir='ltr'>concilio</span> 
     </span>
     <span class='ocr_line' id='line_1_9' title="bbox 292 1538 1714 1649; baseline 0.004 -36"><span class='ocrx_word' id='word_1_64' title='bbox 292 1538 478 1615; x_wconf 86' lang='lat' dir='ltr'>Remensi.</span> <span class='ocrx_word' id='word_1_65' title='bbox 494 1540 616 1617; x_wconf 84' lang='lat' dir='ltr'>Lectis</span> <span class='ocrx_word' id='word_1_66' title='bbox 631 1557 757 1616; x_wconf 90' lang='lat' dir='ltr'>autern</span> <span class='ocrx_word' id='word_1_67' title='bbox 774 1556 811 1615; x_wconf 92' lang='lat' dir='ltr'>et</span> <span class='ocrx_word' id='word_1_68' title='bbox 824 1538 1025 1647; x_wconf 84' lang='lat' dir='ltr'>diligenter</span> <span class='ocrx_word' id='word_1_69' title='bbox 1041 1540 1215 1647; x_wconf 82' lang='lat' dir='ltr'>expositis</span> <span class='ocrx_word' id='word_1_70' title='bbox 1231 1540 1300 1617; x_wconf 88' lang='lat' dir='ltr'>sibi</span> <span class='ocrx_word' id='word_1_71' title='bbox 1317 1540 1495 1618; x_wconf 90' lang='lat' dir='ltr'>omnibus</span> <span class='ocrx_word' id='word_1_72' title='bbox 1509 1559 1548 1618; x_wconf 91' lang='lat' dir='ltr'>et</span> <span class='ocrx_word' id='word_1_73' title='bbox 1558 1541 1714 1649; x_wconf 83' lang='lat' dir='ltr'>singulis</span> 
     </span>
     <span class='ocr_line' id='line_1_10' title="bbox 292 1669 1715 1776; baseline 0.006 -34"><span class='ocrx_word' id='word_1_74' title='bbox 292 1669 469 1755; x_wconf 84' lang='lat' dir='ltr'>articulis,</span> <span class='ocrx_word' id='word_1_75' title='bbox 490 1671 686 1776; x_wconf 90' lang='lat' dir='ltr'>respondit</span> <span class='ocrx_word' id='word_1_76' title='bbox 696 1699 734 1747; x_wconf 91' lang='lat' dir='ltr'>se</span> <span class='ocrx_word' id='word_1_77' title='bbox 751 1671 913 1757; x_wconf 88' lang='lat' dir='ltr'>nescire,</span> <span class='ocrx_word' id='word_1_78' title='bbox 936 1673 1186 1760; x_wconf 86' lang='lat' dir='ltr'>neceredere,</span> <span class='ocrx_word' id='word_1_79' title='bbox 1205 1699 1275 1749; x_wconf 90' lang='lat' dir='ltr'>nec</span> <span class='ocrx_word' id='word_1_80' title='bbox 1287 1671 1469 1748; x_wconf 89' lang='lat' dir='ltr'>audivisse</span> <span class='ocrx_word' id='word_1_81' title='bbox 1483 1671 1556 1751; x_wconf 92' lang='lat' dir='ltr'>dici</span> <span class='ocrx_word' id='word_1_82' title='bbox 1567 1672 1614 1749; x_wconf 90' lang='lat' dir='ltr'>de</span> <span class='ocrx_word' id='word_1_83' title='bbox 1625 1701 1715 1757; x_wconf 80' lang='lat' dir='ltr'>ron-</span> 
     </span>
     <span class='ocr_line' id='line_1_11' title="bbox 291 1800 1713 1907; baseline 0.004 -33"><span class='ocrx_word' id='word_1_84' title='bbox 291 1800 404 1876; x_wconf 91' lang='lat' dir='ltr'>tentis</span> <span class='ocrx_word' id='word_1_85' title='bbox 414 1801 452 1875; x_wconf 94' lang='lat' dir='ltr'>in</span> <span class='ocrx_word' id='word_1_86' title='bbox 464 1802 517 1877; x_wconf 89' lang='lat' dir='ltr'>eis</span> <span class='ocrx_word' id='word_1_87' title='bbox 527 1801 597 1879; x_wconf 92' lang='lat' dir='ltr'>nisi</span> <span class='ocrx_word' id='word_1_88' title='bbox 609 1800 713 1907; x_wconf 91' lang='lat' dir='ltr'>quod</span> <span class='ocrx_word' id='word_1_89' title='bbox 727 1801 908 1907; x_wconf 84' lang='lat' dir='ltr'>sequitur.</span> <span class='ocrx_word' id='word_1_90' title='bbox 923 1801 1025 1879; x_wconf 83' lang='lat' dir='ltr'>Dixit</span> <span class='ocrx_word' id='word_1_91' title='bbox 1041 1829 1177 1906; x_wconf 87' lang='lat' dir='ltr'>nempe</span> <span class='ocrx_word' id='word_1_92' title='bbox 1190 1801 1295 1907; x_wconf 90' lang='lat' dir='ltr'>quod</span> <span class='ocrx_word' id='word_1_93' title='bbox 1309 1800 1421 1879; x_wconf 84' lang='lat' dir='ltr'>frater</span> <span class='ocrx_word' id='word_1_94' title='bbox 1434 1801 1594 1883; x_wconf 89' lang='lat' dir='ltr'>Michael</span> <span class='ocrx_word' id='word_1_95' title='bbox 1605 1801 1713 1883; x_wconf 87' lang='lat' dir='ltr'>miles</span> 
     </span>
     <span class='ocr_line' id='line_1_12' title="bbox 292 1930 1712 2038; baseline 0.001 -32"><span class='ocrx_word' id='word_1_96' title='bbox 292 1931 500 2034; x_wconf 89' lang='lat' dir='ltr'>quondam,</span> <span class='ocrx_word' id='word_1_97' title='bbox 519 1933 627 2038; x_wconf 85' lang='lat' dir='ltr'>cujus</span> <span class='ocrx_word' id='word_1_98' title='bbox 637 1959 847 2038; x_wconf 83' lang='lat' dir='ltr'>cognomen</span> <span class='ocrx_word' id='word_1_99' title='bbox 865 1932 1027 2038; x_wconf 84' lang='lat' dir='ltr'>ignorat,</span> <span class='ocrx_word' id='word_1_100' title='bbox 1047 1933 1085 2009; x_wconf 90' lang='lat' dir='ltr'>in</span> <span class='ocrx_word' id='word_1_101' title='bbox 1096 1932 1247 2009; x_wconf 89' lang='lat' dir='ltr'>instanti</span> <span class='ocrx_word' id='word_1_102' title='bbox 1259 1930 1353 2007; x_wconf 84' lang='lat' dir='ltr'>festo</span> <span class='ocrx_word' id='word_1_103' title='bbox 1364 1931 1490 2007; x_wconf 81' lang='lat' dir='ltr'>Remis</span> <span class='ocrx_word' id='word_1_104' title='bbox 1502 1931 1712 2036; x_wconf 84' lang='lat' dir='ltr'>palmarum</span> 
     </span>
     <span class='ocr_line' id='line_1_13' title="bbox 292 2061 1714 2167; baseline 0.002 -31"><span class='ocrx_word' id='word_1_105' title='bbox 292 2077 403 2137; x_wconf 88' lang='lat' dir='ltr'>erunt</span> <span class='ocrx_word' id='word_1_106' title='bbox 416 2063 547 2138; x_wconf 89' lang='lat' dir='ltr'>decem</span> <span class='ocrx_word' id='word_1_107' title='bbox 561 2063 648 2137; x_wconf 91' lang='lat' dir='ltr'>anni</span> <span class='ocrx_word' id='word_1_108' title='bbox 667 2061 723 2137; x_wconf 89' lang='lat' dir='ltr'>vel</span> <span class='ocrx_word' id='word_1_109' title='bbox 739 2062 851 2151; x_wconf 86' lang='lat' dir='ltr'>circa,</span> <span class='ocrx_word' id='word_1_110' title='bbox 868 2063 1009 2167; x_wconf 90' lang='lat' dir='ltr'>recepit</span> <span class='ocrx_word' id='word_1_111' title='bbox 1017 2063 1140 2167; x_wconf 88' lang='lat' dir='ltr'>ipsum</span> <span class='ocrx_word' id='word_1_112' title='bbox 1151 2076 1303 2151; x_wconf 88' lang='lat' dir='ltr'>testem,</span> <span class='ocrx_word' id='word_1_113' title='bbox 1316 2077 1354 2137; x_wconf 91' lang='lat' dir='ltr'>et</span> <span class='ocrx_word' id='word_1_114' title='bbox 1362 2061 1573 2138; x_wconf 75' lang='lat' dir='ltr'>iohannem</span> <span class='ocrx_word' id='word_1_115' title='bbox 1583 2062 1631 2141; x_wconf 89' lang='lat' dir='ltr'>de</span> <span class='ocrx_word' id='word_1_116' title='bbox 1646 2064 1714 2141; x_wconf 80' lang='lat' dir='ltr'>No</span> 
     </span>
     <span class='ocr_line' id='line_1_14' title="bbox 293 2189 1712 2296; baseline 0.004 -34"><span class='ocrx_word' id='word_1_117' title='bbox 293 2190 432 2281; x_wconf 91' lang='lat' dir='ltr'>viomo,</span> <span class='ocrx_word' id='word_1_118' title='bbox 454 2209 491 2268; x_wconf 91' lang='lat' dir='ltr'>et</span> <span class='ocrx_word' id='word_1_119' title='bbox 513 2191 724 2268; x_wconf 73' lang='lat' dir='ltr'>iohannem</span> <span class='ocrx_word' id='word_1_120' title='bbox 738 2189 882 2280; x_wconf 89' lang='lat' dir='ltr'>Gastel,</span> <span class='ocrx_word' id='word_1_121' title='bbox 900 2190 964 2296; x_wconf 90' lang='lat' dir='ltr'>qui</span> <span class='ocrx_word' id='word_1_122' title='bbox 979 2189 1052 2267; x_wconf 82' lang='lat' dir='ltr'>luit</span> <span class='ocrx_word' id='word_1_123' title='bbox 1067 2209 1239 2295; x_wconf 84' lang='lat' dir='ltr'>tempore</span> <span class='ocrx_word' id='word_1_124' title='bbox 1256 2189 1441 2294; x_wconf 88' lang='lat' dir='ltr'>capcionis</span> <span class='ocrx_word' id='word_1_125' title='bbox 1461 2191 1639 2282; x_wconf 90' lang='lat' dir='ltr'>serviens,</span> <span class='ocrx_word' id='word_1_126' title='bbox 1665 2194 1712 2270; x_wconf 92' lang='lat' dir='ltr'>de</span> 
     </span>
     <span class='ocr_line' id='line_1_15' title="bbox 292 2318 1712 2426; baseline 0.004 -30"><span class='ocrx_word' id='word_1_127' title='bbox 292 2349 455 2426; x_wconf 89' lang='lat' dir='ltr'>quornm</span> <span class='ocrx_word' id='word_1_128' title='bbox 465 2322 535 2396; x_wconf 89' lang='lat' dir='ltr'>vita</span> <span class='ocrx_word' id='word_1_129' title='bbox 546 2321 602 2399; x_wconf 91' lang='lat' dir='ltr'>vel</span> <span class='ocrx_word' id='word_1_130' title='bbox 618 2337 738 2395; x_wconf 86' lang='lat' dir='ltr'>morte</span> <span class='ocrx_word' id='word_1_131' title='bbox 751 2318 950 2396; x_wconf 88' lang='lat' dir='ltr'>nonhabet</span> <span class='ocrx_word' id='word_1_132' title='bbox 961 2320 1239 2407; x_wconf 84' lang='lat' dir='ltr'>certitudinem,</span> <span class='ocrx_word' id='word_1_133' title='bbox 1249 2318 1362 2396; x_wconf 87' lang='lat' dir='ltr'>simul</span> <span class='ocrx_word' id='word_1_134' title='bbox 1374 2319 1413 2394; x_wconf 92' lang='lat' dir='ltr'>in</span> <span class='ocrx_word' id='word_1_135' title='bbox 1423 2319 1712 2424; x_wconf 83' lang='lat' dir='ltr'>capellademus</span> 
     </span>
     <span class='ocr_line' id='line_1_16' title="bbox 291 2447 1713 2555; baseline 0.003 -28"><span class='ocrx_word' id='word_1_136' title='bbox 291 2450 442 2555; x_wconf 87' lang='lat' dir='ltr'>Templi</span> <span class='ocrx_word' id='word_1_137' title='bbox 463 2451 510 2528; x_wconf 93' lang='lat' dir='ltr'>de</span> <span class='ocrx_word' id='word_1_138' title='bbox 527 2453 645 2527; x_wconf 90' lang='lat' dir='ltr'>Bosco</span> <span class='ocrx_word' id='word_1_139' title='bbox 672 2450 711 2525; x_wconf 91' lang='lat' dir='ltr'>in</span> <span class='ocrx_word' id='word_1_140' title='bbox 733 2448 975 2525; x_wconf 80' lang='lat' dir='ltr'>Viromandis</span> <span class='ocrx_word' id='word_1_141' title='bbox 1000 2448 1257 2528; x_wconf 88' lang='lat' dir='ltr'>Noviomensis</span> <span class='ocrx_word' id='word_1_142' title='bbox 1277 2447 1453 2537; x_wconf 87' lang='lat' dir='ltr'>diocesis,</span> <span class='ocrx_word' id='word_1_143' title='bbox 1476 2450 1713 2554; x_wconf 86' lang='lat' dir='ltr'>presentibus</span> 
     </span>
     <span class='ocr_line' id='line_1_17' title="bbox 293 2577 1711 2687; baseline 0.004 -32"><span class='ocrx_word' id='word_1_144' title='bbox 293 2578 467 2657; x_wconf 80' lang='lat' dir='ltr'>fratribus</span> <span class='ocrx_word' id='word_1_145' title='bbox 479 2583 590 2658; x_wconf 91' lang='lat' dir='ltr'>Petro</span> <span class='ocrx_word' id='word_1_146' title='bbox 602 2580 649 2656; x_wconf 91' lang='lat' dir='ltr'>de</span> <span class='ocrx_word' id='word_1_147' title='bbox 660 2579 885 2687; x_wconf 86' lang='lat' dir='ltr'>Fraynicbes</span> <span class='ocrx_word' id='word_1_148' title='bbox 896 2578 1123 2685; x_wconf 86' lang='lat' dir='ltr'>presbitero,</span> <span class='ocrx_word' id='word_1_149' title='bbox 1136 2579 1301 2657; x_wconf 86' lang='lat' dir='ltr'>Roberto</span> <span class='ocrx_word' id='word_1_150' title='bbox 1313 2577 1352 2655; x_wconf 92' lang='lat' dir='ltr'>lo</span> <span class='ocrx_word' id='word_1_151' title='bbox 1367 2578 1501 2657; x_wconf 83' lang='lat' dir='ltr'>Diable</span> <span class='ocrx_word' id='word_1_152' title='bbox 1512 2581 1711 2674; x_wconf 81' lang='lat' dir='ltr'>serviente,</span> 
     </span>
     <span class='ocr_line' id='line_1_18' title="bbox 294 2706 1712 2814; baseline 0.001 -27"><span class='ocrx_word' id='word_1_153' title='bbox 294 2708 508 2798; x_wconf 84' lang='lat' dir='ltr'>deffunetis,</span> <span class='ocrx_word' id='word_1_154' title='bbox 530 2711 568 2785; x_wconf 93' lang='lat' dir='ltr'>in</span> <span class='ocrx_word' id='word_1_155' title='bbox 599 2710 699 2787; x_wconf 89' lang='lat' dir='ltr'>hunc</span> <span class='ocrx_word' id='word_1_156' title='bbox 719 2709 878 2786; x_wconf 91' lang='lat' dir='ltr'>modum</span> <span class='ocrx_word' id='word_1_157' title='bbox 894 2739 902 2783; x_wconf 75' lang='grc' dir='ltr'><em>τ</em></span> <span class='ocrx_word' id='word_1_158' title='bbox 919 2738 1006 2786; x_wconf 91' lang='lat' dir='ltr'>nam</span> <span class='ocrx_word' id='word_1_159' title='bbox 1027 2738 1112 2786; x_wconf 90' lang='lat' dir='ltr'>cum</span> <span class='ocrx_word' id='word_1_160' title='bbox 1135 2707 1415 2814; x_wconf 86' lang='lat' dir='ltr'>requisivissent</span> <span class='ocrx_word' id='word_1_161' title='bbox 1432 2706 1575 2813; x_wconf 87' lang='lat' dir='ltr'>pluries</span> <span class='ocrx_word' id='word_1_162' title='bbox 1594 2727 1633 2788; x_wconf 89' lang='lat' dir='ltr'>et</span> <span class='ocrx_word' id='word_1_163' title='bbox 1651 2713 1712 2789; x_wconf 93' lang='lat' dir='ltr'>in-</span> 
     </span>
     <span class='ocr_line' id='line_1_19' title="bbox 295 2839 1715 2951; baseline 0.004 -37"><span class='ocrx_word' id='word_1_164' title='bbox 295 2858 435 2919; x_wconf 85' lang='lat' dir='ltr'>stanter</span> <span class='ocrx_word' id='word_1_165' title='bbox 453 2869 605 2947; x_wconf 88' lang='lat' dir='ltr'>panem,</span> <span class='ocrx_word' id='word_1_166' title='bbox 628 2858 666 2917; x_wconf 89' lang='lat' dir='ltr'>et</span> <span class='ocrx_word' id='word_1_167' title='bbox 685 2868 837 2946; x_wconf 86' lang='lat' dir='ltr'>aquarn,</span> <span class='ocrx_word' id='word_1_168' title='bbox 859 2856 896 2918; x_wconf 91' lang='lat' dir='ltr'>et</span> <span class='ocrx_word' id='word_1_169' title='bbox 915 2842 1147 2928; x_wconf 87' lang='lat' dir='ltr'>societatem,</span> <span class='ocrx_word' id='word_1_170' title='bbox 1175 2856 1212 2919; x_wconf 87' lang='lat' dir='ltr'>et</span> <span class='ocrx_word' id='word_1_171' title='bbox 1231 2865 1436 2943; x_wconf 88' lang='lat' dir='ltr'>pauperem</span> <span class='ocrx_word' id='word_1_172' title='bbox 1458 2839 1635 2921; x_wconf 87' lang='lat' dir='ltr'>vestitum</span> <span class='ocrx_word' id='word_1_173' title='bbox 1655 2869 1715 2951; x_wconf 76' lang='lat' dir='ltr'>or-</span> 
     </span>
     <span class='ocr_line' id='line_1_20' title="bbox 294 2969 1711 3077; baseline 0.002 -31"><span class='ocrx_word' id='word_1_174' title='bbox 294 2971 408 3062; x_wconf 91' lang='lat' dir='ltr'>dinis,</span> <span class='ocrx_word' id='word_1_175' title='bbox 422 2988 462 3047; x_wconf 89' lang='lat' dir='ltr'>et</span> <span class='ocrx_word' id='word_1_176' title='bbox 475 2970 638 3049; x_wconf 87' lang='lat' dir='ltr'>finaliter</span> <span class='ocrx_word' id='word_1_177' title='bbox 654 2969 896 3049; x_wconf 87' lang='lat' dir='ltr'>concessisset</span> <span class='ocrx_word' id='word_1_178' title='bbox 910 2969 978 3058; x_wconf 91' lang='lat' dir='ltr'>eis,</span> <span class='ocrx_word' id='word_1_179' title='bbox 996 2970 1152 3076; x_wconf 90' lang='lat' dir='ltr'>prestito</span> <span class='ocrx_word' id='word_1_180' title='bbox 1166 2998 1234 3074; x_wconf 93' lang='lat' dir='ltr'>per</span> <span class='ocrx_word' id='word_1_181' title='bbox 1242 2970 1500 3077; x_wconf 84' lang='lat' dir='ltr'>juramentum</span> <span class='ocrx_word' id='word_1_182' title='bbox 1515 2971 1620 3076; x_wconf 84' lang='lat' dir='ltr'>quod</span> <span class='ocrx_word' id='word_1_183' title='bbox 1635 2998 1711 3049; x_wconf 89' lang='lat' dir='ltr'>non</span> 
     </span>
     <span class='ocr_line' id='line_1_21' title="bbox 294 3098 1746 3186; baseline 0.001 -7"><span class='ocrx_word' id='word_1_184' title='bbox 294 3101 481 3186; x_wconf 84' lang='lat' dir='ltr'>hebebant</span> <span class='ocrx_word' id='word_1_185' title='bbox 489 3101 743 3181; x_wconf 88' lang='lat' dir='ltr'>infirmitatem</span> <span class='ocrx_word' id='word_1_186' title='bbox 758 3100 949 3186; x_wconf 82' lang='lat' dir='ltr'>latentem,</span> <span class='ocrx_word' id='word_1_187' title='bbox 959 3127 1033 3177; x_wconf 91' lang='lat' dir='ltr'>nec</span> <span class='ocrx_word' id='word_1_188' title='bbox 1043 3117 1148 3177; x_wconf 86' lang='lat' dir='ltr'>erant</span> <span class='ocrx_word' id='word_1_189' title='bbox 1158 3098 1480 3186; x_wconf 78' lang='lat' dir='ltr'>excommunicati,</span> <span class='ocrx_word' id='word_1_190' title='bbox 1494 3101 1714 3182; x_wconf 81' lang='lat' dir='ltr'>necservilis</span> <span class='ocrx_word' id='word_1_191' title='bbox 1741 3125 1746 3136; x_wconf 86' lang='lat'>&#39;</span> 
     </span>
     <span class='ocr_line' id='line_1_22' title="bbox 293 3229 1712 3338; baseline 0.003 -31"><span class='ocrx_word' id='word_1_192' title='bbox 293 3232 540 3319; x_wconf 82' lang='lat' dir='ltr'>condicionis,</span> <span class='ocrx_word' id='word_1_193' title='bbox 567 3262 637 3310; x_wconf 89' lang='lat' dir='ltr'>nec</span> <span class='ocrx_word' id='word_1_194' title='bbox 658 3232 766 3311; x_wconf 90' lang='lat' dir='ltr'>alteri</span> <span class='ocrx_word' id='word_1_195' title='bbox 793 3231 968 3338; x_wconf 83' lang='lat' dir='ltr'>religioni</span> <span class='ocrx_word' id='word_1_196' title='bbox 992 3231 1164 3338; x_wconf 82' lang='lat' dir='ltr'>obligati,</span> <span class='ocrx_word' id='word_1_197' title='bbox 1185 3229 1273 3309; x_wconf 85' lang='lat' dir='ltr'>lecit</span> <span class='ocrx_word' id='word_1_198' title='bbox 1292 3258 1362 3313; x_wconf 85' lang='lat' dir='ltr'>eos</span> <span class='ocrx_word' id='word_1_199' title='bbox 1379 3258 1511 3311; x_wconf 89' lang='lat' dir='ltr'>vovere</span> <span class='ocrx_word' id='word_1_200' title='bbox 1533 3250 1571 3310; x_wconf 88' lang='lat' dir='ltr'>et</span> <span class='ocrx_word' id='word_1_201' title='bbox 1585 3232 1712 3338; x_wconf 69' lang='lat' dir='ltr'>jurare</span> 
     </span>
     <span class='ocr_line' id='line_1_23' title="bbox 292 3360 1713 3469; baseline 0.004 -33"><span class='ocrx_word' id='word_1_202' title='bbox 292 3360 519 3451; x_wconf 83' lang='lat' dir='ltr'>castitatem,</span> <span class='ocrx_word' id='word_1_203' title='bbox 545 3365 665 3443; x_wconf 91' lang='lat' dir='ltr'>vivere</span> <span class='ocrx_word' id='word_1_204' title='bbox 694 3363 775 3440; x_wconf 90' lang='lat' dir='ltr'>sine</span> <span class='ocrx_word' id='word_1_205' title='bbox 803 3363 956 3469; x_wconf 91' lang='lat' dir='ltr'>proprio</span> <span class='ocrx_word' id='word_1_206' title='bbox 982 3379 1020 3439; x_wconf 89' lang='lat' dir='ltr'>et</span> <span class='ocrx_word' id='word_1_207' title='bbox 1047 3361 1202 3441; x_wconf 90' lang='lat' dir='ltr'>obedire</span> <span class='ocrx_word' id='word_1_208' title='bbox 1229 3360 1408 3445; x_wconf 82' lang='lat' dir='ltr'>omnibus</span> <span class='ocrx_word' id='word_1_209' title='bbox 1430 3363 1713 3469; x_wconf 82' lang='lat' dir='ltr'>preceptoribus</span> 
     </span>
     <span class='ocr_line' id='line_1_24' title="bbox 292 3490 1713 3600; baseline 0.002 -31"><span class='ocrx_word' id='word_1_210' title='bbox 292 3493 357 3599; x_wconf 88' lang='lat' dir='ltr'>qui</span> <span class='ocrx_word' id='word_1_211' title='bbox 378 3511 679 3599; x_wconf 82' lang='lat' dir='ltr'>proponerentur</span> <span class='ocrx_word' id='word_1_212' title='bbox 698 3494 854 3571; x_wconf 89' lang='lat' dir='ltr'>eisdem.</span> <span class='ocrx_word' id='word_1_213' title='bbox 876 3492 1066 3600; x_wconf 86' lang='lat' dir='ltr'>Impositis</span> <span class='ocrx_word' id='word_1_214' title='bbox 1085 3510 1211 3573; x_wconf 83' lang='lat' dir='ltr'>autem</span> <span class='ocrx_word' id='word_1_215' title='bbox 1233 3492 1286 3569; x_wconf 90' lang='lat' dir='ltr'>eis</span> <span class='ocrx_word' id='word_1_216' title='bbox 1307 3490 1513 3581; x_wconf 84' lang='lat' dir='ltr'>mantellis,</span> <span class='ocrx_word' id='word_1_217' title='bbox 1541 3511 1713 3600; x_wconf 88' lang='lat' dir='ltr'>receptor</span> 
     </span>
     <span class='ocr_line' id='line_1_25' title="bbox 292 3624 1716 3732; baseline 0.001 -31"><span class='ocrx_word' id='word_1_218' title='bbox 292 3643 330 3703; x_wconf 91' lang='lat' dir='ltr'>et</span> <span class='ocrx_word' id='word_1_219' title='bbox 344 3624 405 3702; x_wconf 89' lang='lat' dir='ltr'>alii</span> <span class='ocrx_word' id='word_1_220' title='bbox 415 3643 580 3705; x_wconf 82' lang='lat' dir='ltr'>astantes</span> <span class='ocrx_word' id='word_1_221' title='bbox 595 3626 752 3704; x_wconf 85' lang='lat' dir='ltr'>osculati</span> <span class='ocrx_word' id='word_1_222' title='bbox 768 3626 922 3708; x_wconf 79' lang='lat' dir='ltr'>suerum</span> <span class='ocrx_word' id='word_1_223' title='bbox 940 3655 1005 3704; x_wconf 91' lang='lat' dir='ltr'>eos</span> <span class='ocrx_word' id='word_1_224' title='bbox 1021 3627 1059 3705; x_wconf 87' lang='lat' dir='ltr'>in</span> <span class='ocrx_word' id='word_1_225' title='bbox 1075 3654 1156 3714; x_wconf 86' lang='lat' dir='ltr'>ore,</span> <span class='ocrx_word' id='word_1_226' title='bbox 1174 3641 1211 3702; x_wconf 89' lang='lat' dir='ltr'>et</span> <span class='ocrx_word' id='word_1_227' title='bbox 1226 3624 1400 3706; x_wconf 85' lang='lat' dir='ltr'>instruxit</span> <span class='ocrx_word' id='word_1_228' title='bbox 1416 3653 1482 3704; x_wconf 90' lang='lat' dir='ltr'>eos</span> <span class='ocrx_word' id='word_1_229' title='bbox 1494 3642 1591 3732; x_wconf 86' lang='lat' dir='ltr'>quot</span> <span class='ocrx_word' id='word_1_230' title='bbox 1604 3626 1716 3709; x_wconf 81' lang='lat' dir='ltr'>Pater</span> 
     </span>
     <span class='ocr_line' id='line_1_26' title="bbox 293 3755 1714 3865; baseline 0 -34"><span class='ocrx_word' id='word_1_231' title='bbox 293 3773 407 3834; x_wconf 82' lang='lat' dir='ltr'>noster</span> <span class='ocrx_word' id='word_1_232' title='bbox 424 3757 592 3836; x_wconf 89' lang='lat' dir='ltr'>dicerent</span> <span class='ocrx_word' id='word_1_233' title='bbox 608 3785 676 3865; x_wconf 91' lang='lat' dir='ltr'>pro</span> <span class='ocrx_word' id='word_1_234' title='bbox 693 3759 798 3839; x_wconf 87' lang='lat' dir='ltr'>boris</span> <span class='ocrx_word' id='word_1_235' title='bbox 813 3759 905 3851; x_wconf 88' lang='lat' dir='ltr'>suis,</span> <span class='ocrx_word' id='word_1_236' title='bbox 928 3775 967 3836; x_wconf 93' lang='lat' dir='ltr'>et</span> <span class='ocrx_word' id='word_1_237' title='bbox 985 3756 1148 3865; x_wconf 87' lang='lat' dir='ltr'>qualiter</span> <span class='ocrx_word' id='word_1_238' title='bbox 1162 3772 1336 3863; x_wconf 84' lang='lat' dir='ltr'>regerent</span> <span class='ocrx_word' id='word_1_239' title='bbox 1351 3783 1390 3835; x_wconf 87' lang='lat' dir='ltr'>se</span> <span class='ocrx_word' id='word_1_240' title='bbox 1404 3755 1445 3840; x_wconf 86' lang='lat' dir='ltr'>in</span> <span class='ocrx_word' id='word_1_241' title='bbox 1464 3756 1609 3840; x_wconf 84' lang='lat' dir='ltr'>ordine.</span> <span class='ocrx_word' id='word_1_242' title='bbox 1620 3757 1714 3835; x_wconf 40' lang='lat' dir='ltr'>¹Pnst</span> 
     </span>
     <span class='ocr_line' id='line_1_27' title="bbox 293 3884 1711 3997; baseline -0.002 -33"><span class='ocrx_word' id='word_1_243' title='bbox 293 3916 365 3993; x_wconf 91' lang='lat' dir='ltr'>que</span> <span class='ocrx_word' id='word_1_244' title='bbox 378 3884 484 3965; x_wconf 89' lang='lat' dir='ltr'>allata</span> <span class='ocrx_word' id='word_1_245' title='bbox 499 3888 618 3965; x_wconf 89' lang='lat' dir='ltr'>nescit</span> <span class='ocrx_word' id='word_1_246' title='bbox 628 3918 696 3995; x_wconf 88' lang='lat' dir='ltr'>per</span> <span class='ocrx_word' id='word_1_247' title='bbox 707 3918 822 3995; x_wconf 88' lang='lat' dir='ltr'>quem</span> <span class='ocrx_word' id='word_1_248' title='bbox 833 3891 997 3997; x_wconf 88' lang='lat' dir='ltr'>quadam</span> <span class='ocrx_word' id='word_1_249' title='bbox 1011 3918 1120 3967; x_wconf 84' lang='lat' dir='ltr'>cruce</span> <span class='ocrx_word' id='word_1_250' title='bbox 1132 3887 1341 3974; x_wconf 86' lang='lat' dir='ltr'>metallina,</span> <span class='ocrx_word' id='word_1_251' title='bbox 1357 3887 1479 3993; x_wconf 78' lang='lat' dir='ltr'>inqua</span> <span class='ocrx_word' id='word_1_252' title='bbox 1491 3903 1569 3969; x_wconf 83' lang='lat' dir='ltr'>erat</span> <span class='ocrx_word' id='word_1_253' title='bbox 1579 3912 1711 3991; x_wconf 78' lang='lat' dir='ltr'>ymago</span> 
     </span>
     <span class='ocr_line' id='line_1_28' title="bbox 291 4011 1814 4125; baseline -0.005 -29"><span class='ocrx_word' id='word_1_254' title='bbox 291 4016 486 4107; x_wconf 75' lang='lat' dir='ltr'>crucifixi,</span> <span class='ocrx_word' id='word_1_255' title='bbox 505 4035 700 4098; x_wconf 89' lang='lat' dir='ltr'>etostensa</span> <span class='ocrx_word' id='word_1_256' title='bbox 715 4020 876 4110; x_wconf 88' lang='lat' dir='ltr'>eisdem,</span> <span class='ocrx_word' id='word_1_257' title='bbox 890 4022 984 4099; x_wconf 82' lang='lat' dir='ltr'>dixit</span> <span class='ocrx_word' id='word_1_258' title='bbox 999 4019 1052 4099; x_wconf 91' lang='lat' dir='ltr'>eis</span> <span class='ocrx_word' id='word_1_259' title='bbox 1067 4050 1074 4094; x_wconf 95' lang='lat'><strong>:</strong></span> <span class='ocrx_word' id='word_1_260' title='bbox 1090 4021 1166 4112; x_wconf 80' lang='lat' dir='ltr'>Vos</span> <span class='ocrx_word' id='word_1_261' title='bbox 1179 4017 1403 4125; x_wconf 89' lang='lat' dir='ltr'>promisistis</span> <span class='ocrx_word' id='word_1_262' title='bbox 1419 4011 1716 4119; x_wconf 78' lang='lat' dir='ltr'>etjurastisobe·</span> <span class='ocrx_word' id='word_1_263' title='bbox 1812 4052 1814 4056; x_wconf 95' lang='lat'>·</span> 
     </span>
     <span class='ocr_line' id='line_1_29' title="bbox 294 4141 1713 4254; baseline 0.002 -34"><span class='ocrx_word' id='word_1_264' title='bbox 294 4146 478 4223; x_wconf 90' lang='lat' dir='ltr'>dienciam</span> <span class='ocrx_word' id='word_1_265' title='bbox 508 4150 791 4254; x_wconf 88' lang='lat' dir='ltr'>preceptoribus</span> <span class='ocrx_word' id='word_1_266' title='bbox 812 4151 960 4239; x_wconf 84' lang='lat' dir='ltr'>vestris;</span> <span class='ocrx_word' id='word_1_267' title='bbox 987 4149 1196 4227; x_wconf 89' lang='lat' dir='ltr'>secundum</span> <span class='ocrx_word' id='word_1_268' title='bbox 1223 4161 1361 4251; x_wconf 91' lang='lat' dir='ltr'>puncta</span> <span class='ocrx_word' id='word_1_269' title='bbox 1386 4141 1548 4236; x_wconf 83' lang='lat' dir='ltr'>ordinis,</span> <span class='ocrx_word' id='word_1_270' title='bbox 1576 4143 1713 4228; x_wconf 88' lang='lat' dir='ltr'>debitis</span> 
     </span>
     <span class='ocr_line' id='line_1_30' title="bbox 293 4272 1713 4384; baseline -0.001 -30"><span class='ocrx_word' id='word_1_271' title='bbox 293 4277 477 4382; x_wconf 81' lang='lat' dir='ltr'>abnegare</span> <span class='ocrx_word' id='word_1_272' title='bbox 497 4278 639 4369; x_wconf 89' lang='lat' dir='ltr'>Deum,</span> <span class='ocrx_word' id='word_1_273' title='bbox 661 4280 764 4359; x_wconf 88' lang='lat' dir='ltr'>unde</span> <span class='ocrx_word' id='word_1_274' title='bbox 784 4279 950 4384; x_wconf 89' lang='lat' dir='ltr'>precipio</span> <span class='ocrx_word' id='word_1_275' title='bbox 968 4277 1075 4354; x_wconf 91' lang='lat' dir='ltr'>vobis</span> <span class='ocrx_word' id='word_1_276' title='bbox 1095 4275 1201 4380; x_wconf 89' lang='lat' dir='ltr'>quod</span> <span class='ocrx_word' id='word_1_277' title='bbox 1224 4272 1430 4379; x_wconf 81' lang='lat' dir='ltr'>abnegetis.</span> <span class='ocrx_word' id='word_1_278' title='bbox 1450 4274 1508 4357; x_wconf 81' lang='lat' dir='ltr'>De</span> <span class='ocrx_word' id='word_1_279' title='bbox 1528 4301 1606 4380; x_wconf 81' lang='lat' dir='ltr'>quo</span> <span class='ocrx_word' id='word_1_280' title='bbox 1626 4304 1713 4381; x_wconf 81' lang='lat' dir='ltr'>pre·</span> 
     </span>
     <span class='ocr_line' id='line_1_31' title="bbox 293 4403 1714 4514; baseline 0 -31"><span class='ocrx_word' id='word_1_281' title='bbox 293 4423 401 4512; x_wconf 90' lang='lat' dir='ltr'>cepto</span> <span class='ocrx_word' id='word_1_282' title='bbox 419 4406 498 4512; x_wconf 90' lang='lat' dir='ltr'>ipse</span> <span class='ocrx_word' id='word_1_283' title='bbox 512 4407 617 4484; x_wconf 89' lang='lat' dir='ltr'>testis</span> <span class='ocrx_word' id='word_1_284' title='bbox 630 4425 668 4484; x_wconf 89' lang='lat' dir='ltr'>et</span> <span class='ocrx_word' id='word_1_285' title='bbox 682 4407 745 4484; x_wconf 89' lang='lat' dir='ltr'>alii</span> <span class='ocrx_word' id='word_1_286' title='bbox 760 4406 915 4486; x_wconf 87' lang='lat' dir='ltr'>luerunt</span> <span class='ocrx_word' id='word_1_287' title='bbox 928 4406 1137 4514; x_wconf 86' lang='lat' dir='ltr'>plurimum</span> <span class='ocrx_word' id='word_1_288' title='bbox 1152 4403 1366 4511; x_wconf 87' lang='lat' dir='ltr'>stupefacti,</span> <span class='ocrx_word' id='word_1_289' title='bbox 1384 4421 1422 4487; x_wconf 85' lang='lat' dir='ltr'>et</span> <span class='ocrx_word' id='word_1_290' title='bbox 1433 4404 1714 4511; x_wconf 79' lang='lat' dir='ltr'>responderunt</span> 
     </span>
     <span class='ocr_line' id='line_1_32' title="bbox 292 4534 1714 4644; baseline -0.003 -28"><span class='ocrx_word' id='word_1_291' title='bbox 292 4537 396 4644; x_wconf 90' lang='lat' dir='ltr'>quod</span> <span class='ocrx_word' id='word_1_292' title='bbox 412 4538 485 4615; x_wconf 91' lang='lat' dir='ltr'>hoc</span> <span class='ocrx_word' id='word_1_293' title='bbox 499 4538 606 4617; x_wconf 90' lang='lat' dir='ltr'>nullo</span> <span class='ocrx_word' id='word_1_294' title='bbox 622 4539 737 4618; x_wconf 87' lang='lat' dir='ltr'>modo</span> <span class='ocrx_word' id='word_1_295' title='bbox 752 4538 930 4631; x_wconf 86' lang='lat' dir='ltr'>lacerent,</span> <span class='ocrx_word' id='word_1_296' title='bbox 945 4538 1013 4618; x_wconf 90' lang='lat' dir='ltr'>sed</span> <span class='ocrx_word' id='word_1_297' title='bbox 1026 4535 1190 4617; x_wconf 82' lang='lat' dir='ltr'>finaliter</span> <span class='ocrx_word' id='word_1_298' title='bbox 1203 4564 1336 4616; x_wconf 88' lang='lat' dir='ltr'>omnes</span> <span class='ocrx_word' id='word_1_299' title='bbox 1347 4553 1424 4621; x_wconf 82' lang='lat' dir='ltr'>tres</span> <span class='ocrx_word' id='word_1_300' title='bbox 1436 4534 1714 4644; x_wconf 77' lang='lat' dir='ltr'>abnegaverunt</span> 
     </span>
     <span class='ocr_line' id='line_1_33' title="bbox 293 4665 1714 4772; baseline -0.001 -27"><span class='ocrx_word' id='word_1_301' title='bbox 293 4668 416 4745; x_wconf 91' lang='lat' dir='ltr'>Deum</span> <span class='ocrx_word' id='word_1_302' title='bbox 441 4667 499 4746; x_wconf 90' lang='lat' dir='ltr'>vel</span> <span class='ocrx_word' id='word_1_303' title='bbox 525 4670 681 4749; x_wconf 88' lang='lat' dir='ltr'>Jhesnm</span> <span class='ocrx_word' id='word_1_304' title='bbox 707 4669 919 4761; x_wconf 89' lang='lat' dir='ltr'>Christum,</span> <span class='ocrx_word' id='word_1_305' title='bbox 950 4671 1121 4748; x_wconf 90' lang='lat' dir='ltr'>sednon</span> <span class='ocrx_word' id='word_1_306' title='bbox 1147 4667 1246 4745; x_wconf 89' lang='lat' dir='ltr'>bene</span> <span class='ocrx_word' id='word_1_307' title='bbox 1272 4666 1423 4755; x_wconf 85' lang='lat' dir='ltr'>recolit.</span> <span class='ocrx_word' id='word_1_308' title='bbox 1453 4683 1497 4751; x_wconf 83' lang='lat' dir='ltr'>ut</span> <span class='ocrx_word' id='word_1_309' title='bbox 1516 4665 1714 4772; x_wconf 82' lang='lat' dir='ltr'>respondit</span> 
     </span>
     <span class='ocr_line' id='line_1_34' title="bbox 294 4795 1714 4913; baseline -0.001 -39"><span class='ocrx_word' id='word_1_310' title='bbox 294 4798 555 4913; x_wconf 83' lang='lat' dir='ltr'>interrogatus,</span> <span class='ocrx_word' id='word_1_311' title='bbox 579 4801 673 4909; x_wconf 89' lang='lat' dir='ltr'>quid</span> <span class='ocrx_word' id='word_1_312' title='bbox 693 4829 824 4878; x_wconf 89' lang='lat' dir='ltr'>eornm</span> <span class='ocrx_word' id='word_1_313' title='bbox 849 4801 1016 4909; x_wconf 87' lang='lat' dir='ltr'>precepit</span> <span class='ocrx_word' id='word_1_314' title='bbox 1039 4816 1208 4906; x_wconf 88' lang='lat' dir='ltr'>receptor</span> <span class='ocrx_word' id='word_1_315' title='bbox 1233 4796 1409 4907; x_wconf 73' lang='lat' dir='ltr'>abnegari</span> <span class='ocrx_word' id='word_1_316' title='bbox 1429 4796 1578 4907; x_wconf 81' lang='lat' dir='ltr'>etquid</span> <span class='ocrx_word' id='word_1_317' title='bbox 1599 4795 1714 4879; x_wconf 81' lang='lat' dir='ltr'>abne-</span> 
     </span>
     <span class='ocr_line' id='line_1_35' title="bbox 1577 4955 1607 5017; baseline -0.133 0"><span class='ocrx_word' id='word_1_318' title='bbox 1577 4955 1607 5017; x_wconf 89' lang='grc'>8.</span> 
     </span>
    </p>
   </div>
   <div class='ocr_carea' id='block_1_3' title="bbox 0 0 2121 5956">
    <p class='ocr_par' dir='ltr' id='par_1_3' title="bbox 0 0 2121 5956">
     <span class='ocr_line' id='line_1_36' title="bbox 0 0 2121 5956; baseline 0 0"><span class='ocrx_word' id='word_1_319' title='bbox 0 0 2121 5956; x_wconf 95' lang='lat' dir='ltr'> </span> 
     </span>
    </p>
   </div>
  </div>
 </body>
</html>
