4230 5956
483 489 551 557 ιη
869 463 1061 558 procas
1088 483 1181 554 nas
1206 481 1505 553 rnurmnns.

477 641 572 700 teste
598 651 709 728 supra
739 621 962 710 examinato,
993 620 1230 726 presentibus
1263 608 1439 697 fratribus
1468 619 1618 698 Matheo
1649 618 1697 696 de
1732 619 1896 697 Garucto

481 753 691 857 presbitero
725 769 761 827 et
787 749 993 828 Guillelmo
1027 750 1182 841 Barloti,
1220 748 1383 828 detentis
1412 750 1513 856 apud
1542 751 1718 829 Sanctum
1744 750 1897 828 Maxen-

482 882 581 957 cium
601 880 821 958 Pictavensis
840 879 1146 967 diocesis‚,Petr0
1170 877 1380 957 laboratore
1409 878 1507 955 dicte
1527 879 1663 957 domus
1684 880 1731 955 de
1750 879 1893 968 Auson,

482 1013 636 1087 detento
669 1009 837 1100 Pictavis,
864 1008 1121 1087 servientibus.
1152 1008 1305 1087 Viderat
1334 1009 1452 1085 eciam
1481 1009 1598 1116 recipi
1628 1008 1763 1085 fratres
1788 1008 1896 1086 Guil-

480 1139 637 1215 lelmum
671 1139 812 1217 Garant
838 1157 876 1215 et
895 1139 993 1215 duos
1012 1138 1105 1215 alios
1132 1138 1290 1228 milites,
1312 1166 1477 1244 quorum
1508 1139 1665 1217 nomina
1694 1154 1733 1215 et
1760 1166 1896 1244 cogno-

480 1270 580 1344 mina
607 1271 765 1375 ignorat,
795 1267 948 1345 insimul
976 1285 1014 1345 et
1034 1268 1168 1345 eodem
1190 1267 1323 1357 modo,
1350 1268 1389 1343 in
1413 1267 1553 1374 capella
1576 1268 1674 1344 dicte
1697 1267 1835 1345 domus
1848 1268 1894 1344 de

480 1398 628 1484 Auson,
652 1415 741 1474 sunt
759 1398 904 1474 circiter
924 1423 1033 1478 xxvur
1058 1398 1161 1488 anni,
1189 1425 1257 1502 per
1279 1397 1431 1474 fratrem
1457 1397 1707 1476 Amblardum
1735 1396 1893 1474 militem

479 1529 686 1631 quondam,
699 1546 956 1634 preceptorem
963 1528 1138 1615 Pictavie,
1149 1526 1388 1633 presentibus
1403 1525 1796 1608 fratribusGuillelmo
1811 1530 1894 1605 Ber-

479 1658 600 1733 trandi
625 1674 662 1735 et
686 1657 859 1764 pluribus
882 1657 964 1733 aliis
989 1655 1200 1733 deffunctis.
1224 1657 1334 1743 Item,
1358 1655 1452 1733 dixit
1472 1657 1577 1764 quod
1596 1657 1694 1734 bene
1717 1656 1894 1734 credebat
1929 1698 1945 1728 -,

479 1771 731 1864 ecclesiasticis
751 1786 1004 1876 sacramentis,
1027 1802 1064 1862 et
1083 1785 1204 1863 credit
1222 1785 1328 1892 quod
1346 1785 1408 1861 alii
1428 1784 1560 1863 batres
1583 1786 1726 1864 o'rdinis
1753 1786 1888 1863 eodem

477 1915 592 1993 modo
612 1918 822 2005 crederent,
845 1933 883 1992 et
902 1916 1005 2022 quod
1026 1943 1156 1992 eorum
1175 1915 1385 1994 sacerdotes
1405 1914 1532 1994 debite
1555 1914 1796 1993 celebrarent.
1822 1915 1889 1990 lu-

477 2045 608 2122 rahant
627 2049 799 2124 ordinem
820 2074 896 2123 non
917 2045 1027 2122 exire.
1058 2045 1190 2123 Statim
1220 2072 1290 2150 pro
1312 2043 1487 2151 professis
1506 2044 1752 2122 habebantur.
1779 2044 1890 2122 Clan-

480 2175 623 2249 destine
641 2174 926 2280 recipiebantur,
961 2173 1076 2250 nullis
1095 2174 1334 2277 presentibus
1359 2174 1432 2251 nisi
1458 2173 1634 2252 fratribus
1666 2174 1820 2250 ordinis.
1851 2174 1887 2251 Si

479 2302 542 2404 qui
570 2319 674 2377 erant
701 2301 831 2379 fratres
857 2303 1016 2380 scientes
1040 2302 1186 2408 aliquos
1213 2331 1359 2381 errores
1392 2331 1473 2382 esse
1497 2304 1537 2379 in
1562 2302 1712 2388 ordine,
1737 2300 1890 2379 fuerunt

481 2430 727 2536 negligentes,
744 2432 924 2537 quianon
941 2447 1182 2508 correxerunt
1201 2460 1266 2512 eos
1285 2459 1356 2510 nec
1375 2432 1696 2511 denunciaverunt
1712 2430 1885 2507 Ecclesie.

477 2557 734 2635 Helemosinas
754 2577 792 2636 et
811 2558 1100 2665 hospitalitatem
1119 2561 1212 2638 vidit
1240 2553 1504 2639 convenienter
1531 2561 1615 2639 fieri
1640 2578 1678 2638 et
1696 2561 1829 2637 servari
1849 2561 1887 2637 in

478 2687 655 2766 domibus
681 2689 824 2765 ordinis
854 2690 892 2764 in
922 2689 1063 2795 quibus
1093 2692 1212 2767 extitit
1238 2708 1506 2779 commoratus,
1534 2707 1573 2768 et
1595 2690 1769 2798 capitulia
1794 2689 1888 2767 clam
1992 2777 1996 2780 .

475 2819 612 2904 teneri,
634 2817 747 2894 nullis
766 2818 1002 2923 presentibus
1019 2817 1090 2896 nisi
1110 2817 1287 2897 fratribus
1310 2819 1472 2910 ordinis,
1491 2836 1578 2926 post
1594 2819 1765 2905 missam,
1782 2819 1888 2896 valde

476 2948 710 3050 tempestive,
732 2964 775 3022 ut
792 2964 944 3052 possent
963 2946 1106 3054 absque
1125 2947 1312 3025 caloribus
1328 2947 1508 3054 equitare.
1527 2945 1708 3024 Ordinata
1726 2974 1794 3050 per
1809 2948 1888 3024 Ma-

475 3076 633 3178 gistrum
666 3104 751 3151 cum
781 3094 964 3153 conventu
995 3095 1173 3155 servasset
1209 3095 1313 3155 totus
1351 3077 1462 3166 ordo,
1488 3091 1616 3154 eontra
1640 3103 1755 3183 quem
1786 3104 1887 3153 nunc

476 3203 629 3305 grandia
659 3203 844 3290 scandala,
867 3206 1028 3311 suspicio
1059 3224 1097 3283 et
1116 3206 1267 3284 infamia
1299 3223 1388 3284 sunt
1406 3222 1548 3294 exorta,
1570 3222 1609 3282 et
1625 3221 1753 3297 contra
1772 3233 1886 3311 quem

476 3332 617 3407 audivit
639 3333 711 3408 dici
734 3362 910 3440 magnum
931 3335 1147 3441 Magistrum
1168 3354 1206 3413 et
1234 3336 1326 3416 alios
1345 3335 1471 3442 aliqua
1492 3335 1607 3412 fuisse
1626 3332 1830 3429 confessos;
1852 3354 1888 3412 et

476 3462 577 3537 ssevit
597 3462 759 3538 multum
793 3465 832 3540 in
863 3492 929 3540 sua
958 3464 1214 3569 deposicione,
1242 3483 1280 3543 et
1308 3465 1423 3570 peciit
1444 3465 1551 3571 quod
1577 3480 1675 3540 esset
1702 3463 1799 3541 salva
1817 3465 1886 3542 sibi

475 3594 545 3667 vita
561 3621 643 3682 sua,
662 3611 698 3669 et
716 3594 808 3671 dixit
826 3594 931 3700 quod
951 3594 1021 3670 alia
1041 3593 1163 3672 luerat
1181 3594 1373 3673 consessus
1391 3621 1515 3670 coram
1536 3591 1683 3671 officiali
1700 3594 1885 3697 predicto,

395 3761 399 3768 ·
476 3739 513 3796 et
527 3723 631 3826 quod
651 3722 771 3798 luerat
790 3742 875 3800 ante
894 3740 1026 3801 tortus.

532 3854 744 3958 Requisitus
762 3855 791 3930 si
803 3855 855 3929 sic
867 3854 1092 3959 deposuerat
1106 3884 1233 3961 prece,
1250 3872 1438 3962 precepto,
1453 3856 1607 3944 timore,
1623 3881 1765 3945 amore,
1783 3855 1882 3940 odio,

475 3982 532 4057 vel
552 3981 748 4086 temporali
782 3984 941 4061 comodo
969 3984 1098 4061 habito
1123 3983 1182 4061 vel
1213 3984 1407 4071 habendo,
1433 3984 1629 4089 respondit
1654 3983 1759 4088 quod
1789 4011 1884 4068 non,

476 4113 539 4185 sed
568 4140 635 4214 pro
665 4115 815 4191 veritate
841 4114 1014 4205 dicenda3
1046 4115 1106 4190 cui
1138 4113 1211 4191 luit
1233 4115 1447 4220 injunctum
1475 4112 1582 4220 quod
1602 4091 1678 4189 non
1707 4112 1889 4190 revelaret

476 4241 571 4314 hanc
587 4267 691 4315 suam
702 4243 1002 4346 deposicionem,
1024 4271 1223 4350 quousque
1240 4241 1498 4321 attestaciones
1523 4240 1664 4318 fuerint
1686 4240 1886 4347 publicate.

531 4501 658 4574 Frater
675 4502 804 4576 Petrus
826 4501 873 4576 de
892 4502 1057 4576 Turonis
1082 4502 1262 4588 serviens,
1289 4516 1488 4606 preceptor
1517 4497 1655 4575 domus
1672 4499 1821 4604 Templi
1841 4499 1889 4574 de

476 4629 609 4732 Frotay
625 4630 856 4705 Turonensis
875 4627 1049 4715 diocesis,
1067 4629 1172 4704 testis
1190 4657 1303 4736 supra
1316 4629 1478 4736 juratus,
1500 4626 1732 4703 mantellum·
1748 4625 1890 4703 ordinis

477 4771 514 4828 at
528 4755 682 4831 barbam
704 4758 908 4845 defferens,
936 4756 1251 4861 quadragenarius
1276 4775 1362 4837 octo
1390 4784 1574 4836 annorum
1590 4755 1648 4834 vel
1672 4757 1780 4845 circa,
1800 4781 1886 4831 cum
2020 4826 2026 4838 .
