4230 5956
460 444 534 514 272
842 425 1041 543 saccus
1072 445 1165 516 nus
1196 445 1496 519 rnnrmnns.

460 583 661 661 examinati.
686 601 812 659 contra
841 585 1014 662 ordinem
1041 613 1118 662 non
1148 584 1320 674 fuerunt,
1345 589 1572 695 recepimus,
1596 604 1635 665 et
1655 589 1874 695 juramento

458 715 613 821 prestito
648 742 716 820 per
748 714 901 791 eosdem
938 743 1048 821 supra
1092 714 1257 793 articulis
1294 718 1332 793 in
1365 719 1631 797 commissione
1662 723 1872 808 contentis,

458 872 590 923 omnes
603 844 728 921 'simul
755 845 905 950 quaudo
930 845 1059 923 adesse
1082 846 1292 952 potuimus,
1321 863 1358 923 et
1381 847 1532 954 prelatis
1562 846 1756 927 nobilibus
1784 854 1873 931 Nar-

456 976 614 1053 bonensi
635 977 911 1082 archiepiscopo
935 994 973 1052 et
996 976 1187 1081 Bajocensi
1209 978 1383 1083 episcopo
1411 1002 1481 1085 pro
1500 979 1665 1087 negociis
1679 981 1790 1087 regiis
1803 981 1872 1059 ali-

457 1107 608 1214 quando
639 1133 682 1180 ex
699 1106 925 1183 necessitate
955 1104 1189 1193 absentibus,
1220 1105 1389 1214 legitime
1420 1125 1557 1185 tamen,
1577 1107 1775 1197 excusatis,
1803 1140 1871 1190 nos

456 1236 685 1313 Mimatensis
720 1253 757 1312 et
791 1237 1065 1314 Lemovicensis
1099 1236 1279 1341 episcopi,
1318 1238 1487 1315 notarius
1518 1256 1557 1316 et
1589 1239 1873 1319 archidiaconus

456 1365 701 1442 Tridentinus
722 1365 895 1469 predicti,
915 1365 1202 1441 examinavimus
1221 1365 1440 1473 diligenter,
1463 1368 1633 1474 quinque
1654 1367 1872 1447 tabellioni-

455 1494 527 1571 bus
545 1493 703 1598 publicis
723 1511 760 1569 et
782 1494 972 1570 interdum
995 1492 1168 1599 pluribus
1183 1494 1221 1570 in
1248 1493 1356 1571 dicta
1371 1497 1648 1598 examinacione
1668 1515 1706 1575 et
1725 1499 1764 1576 in
1788 1516 1869 1577 toto

454 1651 629 1729 processu
645 1622 896 1728 presentibus,
918 1652 985 1727 per
1003 1650 1100 1728 quos
1125 1624 1269 1700 dictum
1288 1650 1504 1731 processum
1522 1627 1700 1734 grossari,
1729 1627 1769 1702 in
1790 1627 1867 1705 for-

455 1783 554 1830 mam
569 1752 758 1858 publicam
779 1753 897 1860 redigi
927 1769 964 1829 et
993 1781 1125 1829 eorum
1143 1754 1259 1861 signis
1283 1755 1421 1861 signari
1446 1753 1614 1837 lecimus.
1632 1759 1758 1863 lpsum
1775 1785 1868 1863 quo-

455 1908 528 1984 que
553 1910 766 1989 processum
793 1910 860 1987 per
882 1881 978 1960 duos
1004 1911 1047 1957 cx
1081 1882 1191 1959 dictis
1217 1881 1502 1975 tabellionibus,
1524 1902 1562 1962 et
1584 1913 1660 1990 per·
1678 1914 1799 1965 unum
1825 1887 1865 1963 in

453 2012 602 2117 papiro,
625 2014 696 2090 sub
714 2015 849 2090 eodem
868 2031 999 2106 tenore
1020 2029 1057 2089 et
1084 2012 1287 2091 collacione
1307 2013 1479 2120 diligenti
1496 2014 1645 2102 habita,
1666 2015 1865 2120 scriptum,

453 2143 637 2219 sanctitati
662 2160 782 2219 vestre
810 2145 880 2220 sub
906 2144 1047 2222 nostris¹
1068 2132 1332 2223 interclussnm
1359 2143 1514 2253 sigillis,
1552 2143 1675 2250 sigillo
1697 2145 1774 2221 mei
1796 2147 1866 2222 Ba-

448 2271 610 2376 jocensis
642 2273 805 2378 episcopi
837 2273 904 2378 qui
925 2272 1046 2349 babeo
1074 2273 1122 2350 ad
1147 2301 1270 2350 meam
1301 2273 1426 2363 redire
1445 2273 1662 2361 diocesim,
1695 2291 1862 2378 excepto,

453 2402 628 2480 duximus
648 2431 715 2508 per
742 2403 921 2480 discretos
946 2403 1043 2479 viros
1067 2403 1262 2508 magistros
1277 2403 1521 2482 ¹Chatartlum
1541 2402 1589 2481 de
1613 2404 1738 2481 Penna
1756 2403 1863 2481 Varia

452 2533 669 2609 canonicum
688 2533 812 2611 Sancti
823 2533 973 2609 Juniani
990 2532 1149 2609 diocesis
1164 2533 1456 2621 Lemovicensis,
1468 2549 1506 2609 et
1518 2534 1674 2617 Petrum
1692 2530 1862 2611 deAure-

450 2660 544 2742 liaeo
560 2663 772 2742 licenciatos
783 2664 822 2741 in
835 2663 992 2770 legibus,
1002 2662 1138 2740 latores
1156 2662 1393 2766 presencium
1408 2662 1756 2748 transmittendum
1769 2677 1807 2739 et
1818 2689 1862 2737 ex

450 2793 766 2901 superabundanti
781 2794 945 2884 cautela,
968 2793 1110 2870 dictum
1127 2820 1360 2899 processum,
1383 2820 1586 2898 perunum
1607 2820 1652 2868 ex
1670 2791 1781 2869 dictis
1807 2808 1862 2872 ta-

449 2924 679 3003 bellionibus
699 2928 738 3002 in
754 2925 913 3003 sormam
930 2923 1119 3031 publicam
1141 2923 1355 3011 redactum,
1372 2921 1615 3028 deposuimus
1636 2920 1675 2998 in
1692 2921 1861 2996 Therae

450 3054 546 3129 rario
580 3054 688 3130 beate
725 3057 839 3132 Maria
866 3053 1101 3140 Parisiensis,
1127 3052 1268 3158 absque
1291 3049 1542 3132 ,beatitudinis
1573 3064 1692 3126 vestre
1726 3047 1861 3132 litteris

449 3182 672 3288 specialibus
690 3185 832 3260 nemini
857 3183 1132 3272 exhibendnm3
1154 3198 1191 3258 et
1214 3180 1572 3275 nichilominus-nos
1588 3176 1857 3264 Narbonensis,

448 3312 692 3399 Mimatensis,
723 3313 1009 3399 Lemovicensis‚
1040 3312 1208 3390 notarius
1235 3329 1273 3388 et
1302 3311 1584 3389 archidiaconns
1617 3306 1861 3385 Tridentinus

448 3443 639 3533 antedicti,
656 3441 903 3520 tabellionum
921 3459 1136 3520 nostrorum
1151 3470 1267 3547 penes
1282 3468 1351 3517 nos
1368 3440 1592 3517 retinuimus
1607 3435 1857 3543 prothocolla,

447 3601 522 3650 uua
546 3602 632 3649 curn
656 3574 756 3650 dicto
776 3600 952 3678 processu
977 3572 1163 3679 deposito,
1186 3572 1359 3649 omnium
1377 3587 1593 3648 nostrorum
1615 3566 1738 3642 clausa
1757 3565 1859 3670 sigil-

446 3703 509 3795 lis,
531 3733 579 3781 ne
600 3720 773 3781 contenta
792 3704 831 3779 in
859 3703 959 3778 dicto
987 3731 1162 3808 processu
1189 3718 1274 3778 ante
1293 3700 1497 3778 sanctitatis
1515 3713 1634 3775 vestre
1652 3696 1859 3784 ordinacio—

446 3862 532 3915 nem
565 3835 709 3912 valeant
742 3832 934 3937 publicari.
966 3833 1168 3910 Conservet
1199 3831 1410 3913 Altissimus
1439 3827 1597 3905 leliciter
1631 3842 1668 3903 et
1700 3824 1856 3928 longeve

446 3967 608 4043 Ecclesie
629 3983 752 4041 sancte
782 3993 849 4041 sue
878 3963 1120 4039 clemenciam
1139 3977 1312 4048 vestram,
1330 3987 1403 4066 que
1431 3957 1603 4036 ecclesias
1620 3952 1729 4031 nobis
1755 3980 1857 4028 com-

449 4095 578 4172 missas
598 4114 636 4172 et
659 4125 727 4175 nos
751 4124 837 4174 suos
859 4096 899 4171 in
921 4095 1002 4201 ejus
1024 4095 1200 4201 dignetur
1222 4091 1360 4170 babere
1380 4088 1500 4194 gracia
1518 4084 1739 4192 propensius
1759 4110 1860 4160 com-

451 4225 656 4303 mendatos.
680 4228 823 4332 Scripta
846 4228 885 4303 in
906 4226 1056 4303 abbacia
1081 4223 1196 4330 regali
1223 4250 1338 4328 prope
1371 4218 1620 4295 Pontisseram
1643 4213 1859 4292 Parisiensis

450 4356 623 4446 diocesis,
650 4387 747 4435 anno
772 4359 924 4435 Domini
949 4356 1149 4433 millesimo
1172 4368 1251 4431 ccc⁰
1268 4351 1489 4436 undecimo,
1513 4346 1719 4424 indictione
1738 4371 1855 4428 nona,

451 4487 692 4592 pontificatus
704 4490 814 4566 vestri
832 4515 931 4563 anno
946 4505 1065 4573 serto,
1085 4486 1146 4563 die
1158 4484 1290 4590 quinta
1305 4481 1446 4563 mensis
1460 4479 1574 4557 Junii.

506 4616 596 4693 Acta
625 4616 779 4695 luerunt
804 4616 873 4691 hec
906 4614 966 4689 die
997 4629 1035 4687 et
1060 4613 1143 4689 loco
1174 4610 1367 4717 predictis,
1397 4605 1633 4715 presentibus
1668 4602 1787 4684 nobili
1815 4630 1857 4677 ac

449 4748 593 4850 potenti
611 4748 691 4822 viro
711 4746 868 4824 domino
886 4741 1062 4821 Gnidone
1088 4740 1224 4818 comite
1244 4741 1366 4820 Sancti
1387 4737 1509 4829 Pauli,
1531 4765 1572 4814 ac
1584 4734 1739 4815 domino
1756 4730 1858 4810 Guil-
