4268 5946
358 511 405 585 ss
745 487 944 583 paones
969 508 1064 580 nus
1090 498 1394 582 inuramus

355 652 470 761 recipi
493 652 534 728 in
558 649 712 740 ordine,
738 678 808 727 nec
832 646 1053 765 inyfsnrat
1076 649 1248 757 capitulis
1273 678 1422 743 eorum,
1448 650 1537 757 quia
1560 649 1792 731 intendebat

355 785 407 863 ad
426 781 708 892 agriculturam,
729 781 1040 861 undenesoiebat
1056 781 1306 862 decantantis
1325 782 1366 859 iu
1380 781 1491 860 dictis
1511 781 1692 873 aniculis,
1714 810 1792 863 nec

357 916 535 996 credebat
553 943 625 997 nec
643 889 836 992 audiverat
850 913 923 992 dici
940 914 1009 991 nisi
1025 916 1130 1023 quod
1149 915 1333 1023 sequitur.
1350 897 1453 992 Dixit
1467 914 1569 992 enim
1585 913 1692 1022 quod
1702 915 1790 1023 ipse

357 1064 531 1155 receptus
558 1046 680 1124 fuerat
704 1045 745 1123 in
772 1044 913 1153 capella
940 1046 1078 1125 domus
1097 1046 1249 1153 Templi
1273 1046 1322 1124 de
1348 1045 1453 1123 Bello
1485 1046 1596 1127 Vissu
1625 1045 1792 1129 diocesis

359 1180 604 1269 Sunonensis,
618 1178 806 1257 dominica
817 1195 905 1285 post
920 1180 1062 1257 instans
1076 1179 1216 1258 festum
1230 1180 1469 1257 Pentecostes
1482 1194 1595 1256 crunt
1604 1204 1682 1257 run
1696 1182 1789 1258 anni

358 1311 417 1391 vel
436 1313 546 1405 circa,
566 1340 636 1420 per
654 1311 808 1389 tratrem
830 1311 1043 1390 Johannem
1068 1312 1115 1390 de
1136 1313 1268 1389 Turno
1289 1310 1500 1419 quondam,
1520 1326 1614 1387 tunc
1631 1309 1791 1390 thesau-

358 1444 499 1523 rarium
533 1441 797 1533 Parisiensem,
831 1442 1072 1550 presentibus
1105 1441 1285 1521 iratribus
1317 1441 1483 1519 Roberto
1517 1440 1663 1519 Picardi
1693 1459 1791 1522 tunc

354 1593 576 1691 preceptore
598 1574 646 1651 de
665 1572 812 1666 Furcis,
841 1591 878 1665 et
901 1563 1073 1673 Johanne
1092 1574 1192 1682 Lupi
1214 1573 1406 1650 vineatore
1431 1571 1531 1650 dicte
1553 1571 1690 1651 domus
1713 1602 1798 1652 ser--

356 1707 561 1796 viantibus,
584 1705 803 1798 deffunctis3
823 1733 941 1812 aquo
964 1706 1065 1783 dicto
1084 1721 1278 1812 receptore
1302 1734 1390 1783 cum
1409 1704 1594 1782 instanter
1612 1704 1790 1812 peciisset

356 1865 493 1944 panem
521 1855 560 1915 et
585 1865 737 1945 aquam,
758 1837 976 1917 societatem
999 1854 1037 1915 et
1059 1864 1267 1944 pauperem
1290 1837 1468 1915 vestitum
1492 1833 1654 1924 ordinis,
1685 1852 1723 1913 et
1749 1839 1787 1914 ci

355 1969 611 2078 respondisset
636 1969 741 2076 quod
766 1968 865 2046 bene
890 1969 1136 2058 deliberaret,
1165 1970 1254 2076 quia
1279 1984 1473 2075 oporteret
1492 1960 1581 2046 eum
1601 1967 1786 2047 voluntati

355 2102 490 2209 subjici
508 2102 647 2191 aliene,
669 2118 708 2178 et
726 2099 960 2199 multazdura
980 2118 1019 2179 et
1030 2129 1161 2209 aspera
1178 2101 1382 2189 sustinere,
1405 2099 1569 2178 finaliter
1587 2099 1676 2178 lecit
1694 2128 1787 2179 eum

357 2258 490 2310 vovere
510 2249 548 2312 et
558 2234 684 2342 jurare
706 2233 932 2321 castitatem,
953 2233 1234 2322 obedienciam,
1256 2251 1294 2311 et
1312 2232 1434 2313 vivere
1454 2233 1536 2310 sine
1555 2233 1724 2339 proprio,
1746 2250 1789 2309 et

356 2392 502 2443 servare
523 2363 624 2441 bona
650 2363 810 2455 ordinis3
830 2380 1011 2470 postque
1035 2363 1218 2470 imposuit
1237 2364 1308 2442 sibi
1327 2363 1567 2452 mantellum,
1590 2363 1726 2475 etipse
1746 2381 1789 2440 et

356 2495 490 2574 fratres
503 2512 665 2574 astantes
683 2495 837 2574 luerunt
851 2523 940 2573 eum
961 2493 1117 2574 osculati
1136 2496 1178 2571 in
1196 2524 1275 2573 ore.
1297 2496 1384 2591 Quo
1399 2495 1514 2584 sacto,
1536 2493 1618 2573 aliis
1632 2494 1787 2572 duobus

358 2628 406 2706 de
428 2628 570 2735 capella
588 2628 827 2719 exeuntibus,
850 2627 974 2704 dictus
986 2644 1158 2733 receptor
1171 2628 1341 2734 precepit
1356 2627 1427 2735 ipsi
1444 2628 1531 2705 testi
1549 2625 1656 2734 quod
1669 2626 1787 2703 abne-

355 2777 460 2867 garet
477 2761 602 2839 Deum
627 2786 692 2838 ore
713 2787 792 2836 non
814 2759 944 2848 corde3
969 2775 1007 2835 et
1027 2787 1121 2836 ,cum
1140 2759 1221 2864 ipse
1243 2759 1351 2855 testis
1369 2759 1544 2865 peciisset
1568 2786 1685 2865 quare
1711 2757 1787 2836 hoc

354 2889 509 2979 faceret,
526 2891 620 2968 dixit
634 2889 758 2969 dictus
773 2906 948 2996 receptor
960 2889 1066 2996 quod
1082 2918 1152 2996 pro
1170 2917 1216 2966 eo
1230 2889 1337 2997 quod
1351 2891 1440 2997 quia
1459 2890 1585 2967 eidem
1599 2890 1787 2997 receptori

354 3021 541 3128 placebat,
564 3038 603 3098 et
616 3037 708 3099 tunc
726 3020 807 3127 ipse
819 3021 927 3098 testis
943 3020 1138 3128 abnegavit
1152 3022 1276 3100 Deum
1290 3020 1355 3098 ore
1372 3049 1450 3099 non
1470 3021 1601 3115 corde,
1618 3038 1663 3099 ut
1678 3020 1783 3099 dixit.

355 3150 506 3230 Deinde
516 3152 685 3259 precepit
700 3152 735 3229 ei
750 3153 856 3259 quod
873 3168 1026 3259 spueret
1036 3180 1150 3259 super
1161 3151 1366 3259 quamdam
1377 3180 1527 3229 crucem
1543 3150 1707 3260 ligneam
1714 3197 1726 3239 ,·
1743 3153 1785 3228 in

357 3283 546 3391 quanulla
555 3283 756 3390 apparebat
765 3311 900 3391 ymago
910 3283 1100 3372 Crucifixi,
1116 3283 1355 3390 appodiatum
1361 3283 1467 3391 juxta
1478 3282 1788 3363 cancellosecclc·

357 3415 429 3508 sie,
446 3433 485 3492 et
499 3416 579 3522 ipse
591 3415 714 3505 testis,
737 3415 827 3523 quia
836 3414 1061 3523 promiserat
1073 3412 1351 3502 obedienciam,
1370 3416 1475 3522 spuit
1493 3443 1570 3492 non
1586 3442 1698 3522 super
1716 3415 1785 3492 sed

351 3552 458 3653 juxta
468 3548 607 3626 dictam
618 3577 780 3626 crucem.
792 3549 1040 3626 Postmodum
1050 3548 1221 3654 precepit
1235 3548 1269 3625 ei
1280 3548 1385 3656 quod
1400 3547 1634 3626 oscularetur
1645 3547 1786 3626 eumin

356 3706 445 3765 ano,
467 3680 633 3757 sednon
653 3678 726 3757 fuit
745 3708 835 3759 eum
854 3678 907 3756 ibi
919 3679 1124 3771 osculatus,
1148 3680 1216 3757 scd
1230 3707 1345 3786 super
1356 3679 1536 3759 braccale.
1558 3678 1642 3756 Alia
1655 3678 1788 3756 illicita

356 3836 433 3887 non
458 3808 743 3901 intervenerunt
765 3812 805 3887 in
829 3810 1048 3917 recepcione
1068 3840 1136 3888 sua
1155 3810 1368 3917 supradicta
1388 3841 1458 3889 nec
1471 3830 1572 3920 post,
1594 3840 1667 3890 nec
1680 3811 1787 3889 scivit

357 3969 426 4018 nec
438 3941 581 4019 audivit
594 3941 667 4018 dici
682 3942 785 4048 quod
797 3942 1069 4020 intervenirent
1082 3941 1121 4017 in
1137 3943 1422 4049 recepcionibus
1440 3943 1603 4021 aliorum
1615 3942 1673 4019 vel
1686 3959 1784 4049 post,

358 4099 427 4148 nec
453 4074 521 4150 scit
543 4103 614 4151 nec
638 4074 758 4152 credit
781 4103 896 4181 super
917 4075 990 4151 hoc
1016 4089 1060 4149 ut
1081 4074 1279 4178 respondit
1303 4076 1519 4183 requisitus.
1544 4075 1657 4165 Item,
1691 4073 1787 4151 dixit

358 4204 464 4308 quod
473 4204 513 4279 in
529 4204 590 4280 die
608 4206 765 4283 Veneris
779 4222 905 4283 sancta
923 4203 1159 4282 adhorabaut
1178 4203 1311 4283 devote
1332 4224 1371 4284 et
1388 4222 1603 4284 reverenter
1615 4230 1784 4297 crucem,

357 4350 396 4411 et
428 4334 533 4441 quod
565 4334 645 4441 ipse
673 4335 772 4415 bene
803 4337 982 4416 credebat
1015 4337 1271 4416 ecclesiasticis
1303 4338 1560 4427 sacramentis,
1598 4353 1636 4415 et
1664 4335 1787 4413 credit

354 4465 461 4571 quod
476 4465 552 4542 'alii
580 4465 711 4544 fratres
739 4469 885 4544 ordinis
913 4471 1051 4546 eodem
1070 4469 1187 4547 modo
1209 4470 1423 4560 crederent,
1454 4487 1492 4547 et
1516 4471 1621 4578 quod
1638 4496 1785 4577 eorum

356 4597 567 4674 sacerdotes
581 4597 710 4675 debite
728 4597 973 4675 celebrarent.
996 4600 1038 4676 ln
1054 4601 1276 4705 recepcione
1296 4629 1363 4678 sua
1378 4600 1452 4679 fuit
1467 4601 1502 4678 ei
1519 4601 1663 4679 dictum
1678 4600 1787 4708 quod

356 4724 481 4805 statim
509 4753 578 4830 pro
602 4726 770 4834 professo
795 4726 1017 4806 habebatur.
1050 4729 1295 4809 Clandestine
1319 4733 1610 4839 recipiebantur,
1637 4761 1681 4809 ex
1706 4760 1786 4838 quo
1846 4798 1848 4802 .

358 4853 479 4932 credit
497 4856 604 4964 quod
632 4875 728 4937 esset
752 4860 913 4966 suspicio
936 4880 1064 4939 contra
1088 4891 1162 4942 eos.
1192 4862 1368 4941 Cordulis
1394 4863 1497 4941 unde
1523 4863 1702 4942 volebant
1727 4891 1786 4939 as-
