4230 5956
443 443 516 514 sos
826 417 1020 510 rnocts
1046 436 1141 508 uns
1166 434 1463 509 enuntians.

441 579 520 656 lum
539 578 587 656 ad
606 576 745 654 collum
765 604 886 653 suum.
903 578 949 652 Et
965 576 1054 653 fecit
1067 575 1188 653 dictus
1203 575 1387 682 recipiens
1402 575 1586 683 apportari
1607 575 1645 651 in
1663 579 1857 681 presencia

441 736 507 785 sua
525 707 725 816 quamdam
746 733 894 782 crucem
915 731 1045 782 eneam
1063 706 1102 781 in
1118 733 1192 812 qua
1207 723 1284 793 erat
1296 705 1414 814 figura
1428 705 1607 796 crucifixi,
1630 720 1667 783 et
1682 707 1773 785 dicit
1781 708 1855 815 sibi

442 854 479 915 et
496 837 663 943 precepit
682 834 786 941 quod
806 835 1005 940 abnegaret
1018 835 1208 914 Christum
1223 834 1329 943 cujus
1344 835 1462 943 figura
1477 852 1555 912 erat
1569 835 1634 912 ibi.
1650 836 1743 930 Qui,
1768 837 1855 914 licet

441 968 591 1056 invitus,
610 965 712 1055 lecit3
735 983 772 1041 et
790 982 880 1042 tunc
890 965 1056 1073 precepit
1070 964 1141 1041 sibi
1155 965 1257 1042 idem
1269 965 1453 1071 recipiens
1467 965 1571 1072 quod
1583 984 1733 1071 spueret
1747 995 1855 1073 supra

442 1126 538 1187 eam,
562 1114 600 1173 et
618 1096 717 1202 spuit
735 1094 782 1170 ad
801 1113 949 1173 terram.

495 1229 742 1331 Interrogatus
755 1225 952 1329 quociens,
971 1225 1062 1300 dixit
1075 1253 1144 1331 per
1158 1226 1411 1330 juramentum
1427 1253 1535 1302 suum
1549 1226 1651 1331 quod
1667 1253 1742 1302 non
1759 1228 1859 1331 spuit

441 1357 512 1433 nisi
533 1354 663 1441 semel,
687 1370 725 1429 et
740 1355 786 1429 de
803 1353 876 1430 hoc
889 1354 985 1430 bene
999 1352 1227 1431 recordatur.
1249 1355 1516 1462 Interrogatus,
1537 1382 1623 1431 cum
1639 1355 1737 1432 vovit
1756 1357 1857 1432 casti·

438 1502 570 1574 tatem,
583 1485 623 1560 si
637 1482 708 1560 sibi
720 1482 792 1560 fuit
806 1482 947 1589 aliquid
961 1482 1103 1559 dictum
1122 1481 1226 1589 quod
1240 1483 1496 1561 commisceret
1509 1511 1549 1560 se
1562 1482 1755 1560 carnaliter
1769 1512 1855 1561 cum

439 1614 629 1701 fiinibus,
659 1612 750 1689 dixit
769 1641 835 1718 per
848 1613 1103 1719 juramentum
1123 1641 1233 1691 suum
1253 1613 1356 1720 quod
1375 1641 1468 1700 non,
1487 1599 1733 1719 necunquam
1752 1613 1852 1692 fecit.

439 1746 650 1852 Requisitus
668 1772 737 1849 per
749 1743 1002 1852 juramentum
1023 1772 1132 1819 suum
1153 1761 1277 1820 utrum
1295 1743 1356 1820 elii
1375 1742 1506 1820 fratres
1522 1742 1612 1820 dicti
1628 1743 1770 1820 ordinis
1788 1771 1856 1848 per

439 1875 546 1952 illum
556 1873 712 1951 modum
726 1873 961 1977 recipiantur,
984 1871 1075 1947 dixit
1094 1872 1197 1976 quod
1217 1872 1336 1948 credit
1354 1871 1460 1977 quod
1478 1898 1555 1948 non
1570 1870 1685 1947 luerit
1703 1871 1773 1948 sibi
1791 1872 1856 1948 ali-

440 2004 532 2111 quid
547 2003 686 2080 sactum
704 2001 809 2109 quod
828 2029 904 2078 non
923 2000 987 2076 fiat
1001 2001 1098 2089 aliis;
1115 2018 1241 2077 tamen
1258 2000 1350 2077 dixit
1369 2001 1473 2106 quod
1485 2028 1624 2104 paucos
1638 1999 1737 2077 fecit.
1755 2001 1856 2077 Dixit

438 2153 561 2211 tamen
583 2161 649 2238 per
663 2132 920 2236 juramentum
940 2158 1049 2206 suum
1078 2130 1184 2235 quod
1209 2146 1405 2236 postquam
1421 2146 1622 2238 receperat
1648 2129 1734 2206 illos
1763 2158 1856 2236 quos

439 2263 541 2350 fecit,
559 2260 787 2367 precipiebat
806 2258 1029 2366 quibusdam
1044 2259 1091 2335 de
1111 2259 1315 2337 astantibus
1334 2259 1387 2337 ibi
1407 2259 1512 2364 quod
1533 2260 1711 2338 ducerent
1730 2287 1794 2338 eos
1809 2262 1855 2337 ad

438 2408 596 2499 partem,
619 2408 656 2467 et
675 2390 836 2466 lacerent
856 2391 909 2465 eis
929 2389 969 2464 id
988 2390 1091 2494 quod
1111 2388 1307 2468 debebant.
1327 2391 1471 2465 Tamen
1486 2389 1578 2466 dixit
1591 2416 1660 2496 per
1672 2390 1857 2496 juramen·

438 2540 518 2598 tum
546 2548 656 2598 suum
681 2518 784 2625 quod
804 2518 1025 2594 intencionis
1053 2547 1118 2595 sue
1148 2535 1226 2595 erat
1250 2518 1356 2624 quod
1379 2517 1542 2594 facerent
1567 2536 1604 2595 et
1623 2519 1856 2623 preciperent

438 2650 531 2729 illud
546 2652 600 2728 eis
620 2649 723 2756 quod
743 2648 812 2727 sibi
832 2649 952 2726 fuerat
970 2648 1125 2737 factum,
1147 2665 1185 2725 ct
1204 2675 1272 2755 per
1291 2647 1399 2725 illum
1413 2648 1571 2724 modum
1586 2648 1852 2755 reciperentur.

438 2782 650 2889 Requisitus
671 2797 796 2857 utrum
809 2780 863 2869 vi,
878 2779 935 2856 vel
948 2796 1052 2856 metu
1071 2796 1345 2857 tormentorum
1360 2777 1417 2855 vel
1437 2779 1607 2868 carceris,
1636 2794 1700 2854 aut
1719 2779 1788 2854 alia
1808 2779 1854 2856 de

438 2938 560 3000 causa,
573 2910 734 3017 aliquam
749 2908 944 2986 salsitatem
962 2910 1095 2986 dixerit
1108 2909 1166 2986 vel
1188 2908 1434 2986 immiscuerit
1451 2908 1490 2984 in
1510 2906 1749 3014 deposicione
1770 2936 1851 2996 sua,

437 3058 501 3117 aut
513 3041 669 3117 tacuerit
686 3041 893 3127 veritatem,
917 3039 1008 3115 dixit
1023 3067 1090 3144 per
1104 3041 1359 3146 juramentum
1381 3065 1491 3117 suum
1507 3037 1610 3145 quod
1625 3063 1716 3126 nom
1738 3037 1853 3114 immo

438 3168 529 3245 dixit
547 3196 678 3274 puram
694 3168 885 3243 veritatem
900 3185 1052 3272 propter
1066 3169 1221 3245 salutem
1241 3167 1363 3245 anime
1382 3196 1460 3244 sue.

493 3429 585 3504 Item
605 3453 722 3514 anno,
746 3425 953 3512 indicione,
976 3423 1210 3531 pontificatu,
1238 3455 1352 3516 anno,
1374 3455 1501 3504 mense
1522 3445 1560 3505 et
1579 3428 1640 3504 die
1662 3429 1852 3534 predictis,

438 3558 475 3633 in
502 3558 618 3663 ipsius
645 3555 890 3661 inquisitoris,
917 3572 1086 3632 nostrum
1114 3558 1344 3657 notariorum
1366 3558 1601 3664 publicorum
1623 3576 1660 3635 et
1679 3558 1855 3635 infrascri-

436 3704 585 3792 ptorum
610 3688 799 3792 presencia
831 3687 1053 3763 constitutus
1077 3687 1188 3764 frater
1208 3689 1395 3766 Johannes
1420 3688 1468 3764 de
1497 3688 1601 3796 Cugy
1631 3705 1753 3764 custos
1777 3716 1853 3763 mo-

437 3816 578 3894 lendini
600 3818 776 3908 Parisios,
794 3816 1023 3893 Belvacensis
1046 3818 1219 3906 diocesis,
1241 3846 1317 3897 mm
1337 3845 1535 3906 annorum,
1554 3818 1700 3923 juratus
1716 3817 1851 3893 eodem

437 3945 551 4024 modo
567 3945 690 4023 dicere
716 3945 763 4022 de
780 3975 818 4024 se
840 3963 877 4022 et
894 3947 974 4023 aliis
999 3947 1037 4022 in
1058 3977 1165 4025 causa
1192 3947 1278 4026 fidei
1302 3947 1510 4037 veritatem,
1536 3962 1573 4022 et
1603 3946 1852 4052 interrogatus

437 4075 484 4152 de
503 4091 671 4178 tempore
698 4093 736 4153 et
758 4076 874 4153 modo
899 4105 965 4153 sue
999 4077 1242 4182 recepcionis,
1268 4076 1360 4153 dixit
1379 4103 1446 4181 per
1468 4076 1724 4181 juramentum
1739 4102 1850 4154 suum

436 4203 539 4311 quod
570 4202 642 4280 tuit
669 4223 839 4312 receptus
868 4208 905 4281 in
936 4207 1049 4284 domo
1072 4207 1284 4299 Parisiensi,
1311 4233 1347 4285 rx
1372 4223 1459 4284 sunt
1478 4206 1582 4294 anni,
1609 4234 1677 4312 per
1700 4207 1850 4284 fratrem

436 4335 633 4442 Hugonem
662 4334 709 4411 de
737 4337 922 4424 Paraudo,
944 4353 1117 4442 presente
1140 4338 1251 4415 fratre
1271 4336 1446 4417 Guidone
1476 4356 1693 4443 preceptore
1714 4338 1853 4415 Came·

435 4464 547 4552 tensi,
571 4482 607 4541 ct
624 4466 849 4570 quibusdam
870 4464 949 4542 aliis
965 4466 1012 4543 de
1026 4495 1187 4573 quorum
1209 4468 1428 4547 nominibus
1448 4496 1524 4545 non
1538 4467 1678 4546 recolit.
1700 4469 1747 4544 Et
1762 4467 1851 4543 dixit

437 4595 551 4671 eciam
572 4597 693 4701 quod,
718 4624 763 4672 eo
783 4613 933 4701 recepto
955 4614 992 4673 et
1015 4598 1109 4674 facta
1131 4599 1378 4703 promissione
1405 4599 1452 4675 de
1474 4599 1621 4675 statutis
1644 4615 1681 4674 et
1700 4597 1850 4673 secretis

435 4722 549 4825 ipsius
570 4726 708 4803 ordinis
728 4726 981 4816 observandis,
1004 4726 1127 4806 dictus
1139 4729 1325 4835 recipiens
1337 4729 1464 4833 posuit
1481 4727 1554 4805 sibi
1568 4726 1786 4805 mantellum
1800 4723 1847 4799 ad
