4230 5956
422 462 496 535 ars
812 439 1008 535 procus
1034 437 1131 532 nus
1156 459 1461 533 rennuens.

422 603 564 684 colunt.
585 602 632 679 Et
652 619 743 678 tunc
757 600 861 678 idem
875 600 988 678 buter
1003 600 1160 707 arripuit
1174 629 1262 678 eurn
1276 602 1469 707 adpeetus
1483 621 1695 709 pervertes,
1715 606 1846 687 dicens

422 734 457 813 ei
477 733 581 842 quod
600 734 679 836 ipse
700 748 779 809 erat
797 747 900 810 totus
916 758 1068 822 eorum
1086 759 1173 809 cum
1188 730 1352 839 jurasset
1366 732 1474 837 sede
1495 732 1595 813 dicto
1612 719 1748 816 ordine
1767 769 1846 820 non

423 866 540 954 exire,
561 877 599 942 et
618 863 723 971 quod
741 862 815 939 nisi
835 861 907 940 hoc
925 859 1079 954 laceret,
1098 862 1178 968 ipse
1193 878 1354 968 poneret
1367 890 1457 941 eum
1475 862 1516 942 in
1532 864 1598 942 tali
1616 866 1780 973 prisione
1796 871 1844 949 de

422 1024 496 1103 qua
512 995 650 1072 amodo
665 1021 743 1071 non
763 993 891 1071 exiret.
913 993 960 1070 Et
978 1009 1069 1071 tune
1089 991 1193 1069 idem
1212 992 1324 1072 frater
1344 994 1534 1072 lohannes
1553 994 1718 1104 dirigens
1735 1001 1845 1097 rerba

421 1124 557 1204 sua-ad
577 1125 720 1202 dictum
736 1122 905 1214 fratrem,
928 1122 1021 1200 dixit
1036 1153 1045 1198 r
1058 1158 1074 1191 ι
1087 1124 1191 1231 Nego
1208 1139 1266 1213 te;
1280 1160 1296 1193 ι
1311 1123 1526 1232 intelligens
1541 1125 1589 1204 de
1604 1127 1708 1208 dieto
1721 1129 1844 1210 fratre.

421 1257 499 1335 Sed
517 1257 598 1364 ipse
616 1270 748 1362 postea
760 1270 950 1332 revertens
967 1254 1018 1331 ad
1035 1281 1100 1332 oor
1116 1253 1254 1331 habuit
1271 1253 1584 1337 deliberationem
1596 1275 1636 1336 et
1648 1261 1846 1340 eonsilium

423 1414 510 1465 cnm
525 1386 706 1465 defuneto
726 1385 904 1492 magistro
917 1382 1108 1463 Bonifatio
1123 1384 1357 1473 lombardo,
1377 1386 1571 1494 quondam
1584 1389 1763 1470 advocato
1779 1393 1847 1470 Pa-

421 1517 532 1596 risius
554 1517 790 1624 jurisperito,
812 1543 928 1622 snper
944 1515 1035 1605 boe,
1063 1531 1102 1593 et
1129 1533 1258 1594 utrum
1285 1533 1414 1623 posset
1439 1516 1492 1597 de
1516 1518 1649 1597 ordine
1673 1522 1845 1627 predicto

424 1650 540 1738 exire3
562 1663 602 1726 et
614 1648 703 1726 lieet
720 1647 844 1725 eidem
861 1646 912 1724 ad
929 1646 1088 1752 plenum
1108 1647 1270 1725 nesciret
1287 1647 1502 1739 consulere,
1514 1667 1643 1728 umen
1659 1651 1708 1730 de
1726 1651 1845 1759 ipsius

422 1778 579 1858 oonsilio
594 1780 698 1857 idem
710 1777 1019 1857 liuterJobannes
1037 1776 1127 1855 fecit
1141 1805 1256 1857 unam
1276 1779 1588 1885 protestaoionem
1602 1781 1643 1858 in
1657 1783 1846 1863 curiaoffi.

422 1910 711 1999 cialisParisius,
724 1909 815 1989 sede
826 1925 920 1987 mne
930 1926 1098 1999 vacante,
1115 1908 1220 2016 quod
1235 1908 1359 1989 dietus
1369 1910 1466 1990 ordo
1477 1911 1551 1990 sibi
1566 1934 1644 1991 non
1656 1911 1843 2019 placebat,

423 2058 462 2119 et
472 2041 579 2150 quod
597 2042 759 2121 libenter
778 2040 894 2118 exiret
907 2040 957 2119 de
968 2067 1032 2131 ao,
1045 2045 1077 2120 si
1087 2041 1246 2148 auderet
1257 2040 1319 2120 rel
1332 2059 1485 2148 posset:
1499 2062 1615 2151 super
1628 2071 1707 2150 quo
1721 2061 1847 2122 extant

423 2171 555 2250 liotore
563 2171 688 2281 sigillo
697 2171 857 2279 predicti
865 2170 1036 2250 officialis
1050 2170 1224 2279 sigillato,
1241 2189 1286 2250 ut
1299 2171 1407 2262 dixit3
1425 2190 1464 2251 et
1475 2172 1847 2255 hoealiaseonfessns

423 2303 495 2381 fuit
516 2300 722 2379 reverendo
739 2302 837 2408 patri
863 2302 1020 2381 domino
1040 2303 1216 2410 episeopo
1235 2302 1452 2391 Parisiensi‚
1473 2303 1541 2411 qni
1565 2332 1668 2383 nuno
1686 2323 1759 2394 est,
1779 2307 1846 2413 qui

424 2432 623 2539 episcopus
651 2432 794 2522 eidem,
825 2433 1003 2540 quatinus
1026 2449 1178 2540 poterat*
1192 2451 1233 2512 et
1251 2433 1301 2513 ad
1319 2461 1407 2512 eum
1424 2433 1654 2542 pertinebat,
1680 2435 1847 2545 injuncta

424 2561 498 2641 sibi
515 2562 727 2671 penitencie
744 2561 915 2654 salutari,
936 2562 1167 2643 beneficium
1182 2564 1435 2645 absolucionis
1454 2564 1660 2671 impendit,
1679 2583 1724 2644 ut
1741 2566 1844 2645 dixit.

478 2694 568 2773 Aeta
585 2712 673 2774 sunt
692 2695 764 2773 hee
776 2695 953 2784 Parisios,
973 2694 1016 2771 in
1029 2695 1139 2772 dictis
1157 2694 1337 2774 domibus
1351 2694 1519 2801 Templi,
1540 2695 1581 2772 in
1600 2724 1746 2777 earnem
1759 2697 1847 2775 dicti

423 2823 546 2905 fratris
564 2825 762 2914 Johsnnis,
783 2823 1022 2932 presentibus
1044 2824 1214 2903 discretis
1232 2824 1321 2903 viris
1337 2840 1376 2902 et
1390 2824 1592 2933 religiosis,
1602 2825 1726 2905 tratre
1744 2829 1849 2935 Regi·

424 2958 540 3037 nnldo
558 2959 683 3065 priore
699 2958 747 3034 de
766 2956 944 3047 Pissisco,
963 2955 1151 3067 magistris
1168 2954 1376 3063 Reginaldo
1396 2956 1445 3033 de
1460 2955 1678 3067 Albigniaco
1696 2959 1848 3065 Majoris

425 3089 590 3166 et'Petro
613 3090 756 3176 Barrer,
782 3087 910 3165 Sancti
926 3086 1052 3165 Ursini
1075 3084 1366 3166 Bituricensium
1384 3085 1622 3166 eeclesiarum
1641 3090 1843 3175 canonicis,

427 3234 465 3294 et
482 3216 655 3325 pluribus
667 3216 750 3295 aliis
767 3216 928 3297 testibus
938 3216 992 3294 ad
1012 3219 1082 3296 hee
1100 3217 1239 3297 voeatis
1257 3233 1296 3295 at
1314 3216 1462 3323 rogetis.

481 3478 630 3559 Deinde
660 3507 776 3570 anno,
805 3480 1014 3570 indicione,
1037 3478 1274 3588 pontificatu,
1307 3506 1405 3558 anno
1435 3497 1473 3559 et
1501 3481 1564 3558 die
1589 3480 1782 3587 predictis,
1809 3483 1846 3558 in

426 3613 590 3719 quodam
611 3611 684 3689 alio
704 3612 789 3690 loeo
808 3611 994 3690 dictarum
1012 3613 1232 3702 domorum,
1255 3614 1295 3689 in
1315 3611 1414 3688 dieta
1435 3610 1579 3689 domini
1598 3612 1845 3718 inquisitoris,

426 3761 640 3823 nostrorum
665 3745 898 3822 notariorum
921 3762 959 3821 et
982 3744 1136 3822 testium
1155 3743 1476 3849 infrascriptorum
1501 3742 1691 3851 presencia
1718 3769 1847 3848 perso·

424 3874 558 3954 naliter
572 3875 795 3954 constitutus
808 3873 923 3952 frater
934 3877 1125 3983 Raynerus
1139 3874 1187 3951 de
1201 3874 1403 3963 lambent,
1421 3871 1557 3953 eodem
1573 3872 1688 3950 modo
1697 3864 1846 3978 juratus

426 4005 529 4082 dese
549 4023 587 4083 ot
602 4006 699 4094 eliis,
715 4007 755 4082 in
776 4005 874 4083 dicta
890 4035 997 4084 causa
1017 4007 1123 4099 lidei,
1138 4006 1304 4113 plenam,
1325 4031 1458 4113 puram
1474 4020 1512 4082 et
1522 4004 1703 4112 integram
1722 4002 1847 4080 dicere

424 4135 636 4226 veritatem,
652 4155 691 4214 et
709 4137 959 4246 interrogatus
974 4137 1022 4216 de
1034 4154 1206 4244 tempore
1219 4155 1261 4215 et
1274 4136 1390 4215 modo
1404 4134 1634 4241 recepeionis
1648 4160 1733 4222 sue,
1756 4132 1848 4210 dixit

424 4294 493 4373 per
509 4266 761 4376 juramentum
784 4297 897 4347 suurn
925 4269 1029 4376 quod
1059 4285 1231 4376 receptus
1261 4268 1335 4346 fuit
1358 4265 1461 4373 apud
1485 4264 1633 4343 Bellum
1648 4265 1780 4346 Visum
1808 4265 1847 4340 in

425 4397 634 4477 Gastinesio
658 4400 885 4477 Senonensis
913 4400 1092 4488 diocesis,
1123 4428 1192 4506 par
1224 4399 1376 4477 fratrem
1407 4397 1620 4476 iohannem
1645 4394 1693 4473 de
1719 4398 1848 4473 Turno

424 4530 700 4608 thesaurarium
715 4547 807 4608 tnnc
821 4533 1003 4635 temporis
1020 4531 1169 4639 Templi
1187 4531 1419 4622 Parisiensis,
1439 4529 1569 4637 viginti
1587 4555 1650 4606 ser
1669 4526 1777 4604 annis
1792 4525 1847 4602 rel

426 4659 524 4738 cirus
542 4662 687 4769 elapsis.
709 4663 756 4738 Et
775 4658 967 4740 confessus
982 4661 1054 4739 fuit
1073 4679 1111 4739 et
1119 4662 1217 4740 dixit
1229 4688 1299 4768 per
1312 4662 1571 4769 juramentum
1592 4686 1704 4736 snum
1724 4655 1843 4764 quod,

426 4806 512 4894 post
533 4791 668 4869 multas
692 4791 961 4897 promissiones
978 4790 1090 4870 factus
1116 4793 1164 4870 de
1188 4793 1334 4871 statutis
1357 4809 1396 4871 et
1413 4791 1567 4870 seeretis
1589 4789 1680 4869 dieti
1699 4784 1843 4866 ordinis
