4230 5956
734 460 930 553 procus
954 477 1050 550 ons
1075 476 1375 550 rsurnrnns.
1689 486 1762 557 soa

344 650 431 701 suos
447 638 485 699 et
507 620 751 697 commiscere
771 647 811 696 se
833 648 917 697 cum
934 620 1004 710 eis,
1020 618 1123 724 quod
1144 646 1220 695 non
1236 637 1413 724 negarent
1432 618 1503 694 sibi
1520 619 1676 710 lectum,
1699 626 1765 701 sed

344 779 535 860 nunquam
555 749 659 843 fecit,
682 766 725 827 ut
747 748 850 827 dixit.

400 885 493 960 Item
514 882 606 958 dixit
625 909 694 987 per
707 881 964 988 juramentum
984 868 1093 957 suum
1116 879 1219 985 quod
1242 878 1414 955 dixerunt
1433 878 1502 956 sibi
1524 880 1622 956 inter
1645 899 1765 959 cetera

344 1013 451 1124 quod
465 1039 583 1090 unum
601 1028 679 1089 erat
695 1011 742 1088 de
763 1011 910 1089 statutis
924 1011 1069 1088 ordinis
1089 1012 1273 1117 ipsorum,
1289 1009 1395 1113 quod
1413 1012 1442 1085 si
1463 1008 1597 1115 aliquis
1612 1009 1766 1089 fratrum

345 1143 462 1249 ipsius
482 1140 625 1218 ordinis
645 1140 824 1216 revelaret
843 1139 948 1216 alteri
964 1140 1118 1244 aliquod
1133 1140 1179 1216 de
1195 1139 1355 1244 peccatis
1374 1140 1430 1214 vel
1452 1137 1596 1217 delictis
1612 1140 1768 1248 alicujus

344 1272 465 1349 framis
480 1273 537 1349 sui
553 1271 623 1348 sibi
643 1268 847 1347 revelatum
857 1270 904 1347 ab
918 1299 982 1360 eo,
996 1289 1341 1377 quantumcumque
1357 1297 1464 1375 grave
1481 1289 1592 1359 esset,
1610 1272 1689 1378 ipse
1701 1276 1765 1378 qni

349 1403 540 1509 detegeret
554 1418 745 1506 peccatum
758 1428 826 1478 seu
834 1399 1011 1477 delictum
1026 1399 1243 1506 hujusmodi
1260 1398 1330 1476 sibi
1348 1398 1550 1477 revelatum
1568 1404 1769 1482 sustineret

347 1551 385 1609 et
408 1531 564 1609 baberet
583 1557 717 1637 penam
735 1558 847 1636 quam
869 1528 1090 1636 delinquens
1112 1528 1269 1607 deberet
1285 1558 1353 1635 pro
1375 1529 1474 1607 dicto
1501 1531 1637 1608 delicto
1659 1536 1769 1611 susti·

346 1690 446 1741 nere.

402 1794 495 1869 Item
516 1791 608 1867 dixit
626 1819 694 1896 per
705 1792 961 1897 juramentum
980 1819 1109 1880 suum,
1133 1789 1257 1866 adhuc
1277 1818 1297 1865 a
1318 1790 1418 1866 dicto
1435 1790 1589 1867 domino
1610 1790 1769 1899 inquisi-

347 1941 426 2000 tore
447 1922 647 2029 repetitum
668 1937 706 1997 ct
725 1921 921 2026 prestitum
947 1920 993 1995 ab
1018 1920 1154 1997 eodem
1178 1919 1289 1995 fratre
1311 1917 1535 2007 Guillelmo‚
1557 1920 1661 2025 quod
1688 1923 1766 2026 ipse

346 2052 397 2140 vi,
419 2051 478 2127 vel
498 2068 602 2127 metu
622 2050 776 2126 carceris
796 2066 859 2125 aut
881 2050 1074 2136 tormenti,
1097 2076 1173 2126 non
1195 2047 1286 2124 dixit
1305 2047 1408 2125 aliud
1425 2077 1537 2154 qnam
1558 2052 1765 2142 veritatem,

348 2210 416 2257 nec
427 2181 616 2288 premissis
631 2179 833 2255 immiscuit
844 2178 1005 2286 aliquam
1020 2177 1230 2266 salsitatem,
1249 2179 1313 2256 sed
1329 2208 1459 2283 puram
1471 2181 1659 2258 veritatem
1677 2183 1768 2261 dixit

349 2339 416 2416 pro
436 2310 554 2388 salute
574 2309 695 2386 anime
716 2337 794 2386 sue.

402 2440 535 2517 Actum
556 2438 658 2529 loco,
680 2466 798 2529 anno,
826 2437 1030 2527 indicione,
1058 2434 1294 2543 pontificatu,
1315 2468 1413 2516 anno
1435 2457 1473 2515 et
1492 2441 1552 2516 die
1574 2442 1765 2546 predictis,

347 2568 584 2676 presentibus
603 2569 762 2647 testibus
780 2568 952 2674 proximo
973 2568 1222 2675 infrascriptis.

404 2833 495 2907 Item
517 2829 627 2906 frater
646 2828 891 2936 Hymbaudus
911 2830 958 2904 de
982 2828 1228 2933 Laboyssade,
1252 2829 1356 2904 etatis
1376 2829 1501 2934 viginti
1523 2831 1687 2907 duorum
1705 2861 1769 2909 an-

348 2988 483 3037 norum
511 2960 569 3036 rel
590 2961 701 3047 circa,
728 2958 766 3034 in
792 2958 881 3034 dicti
907 2957 1049 3035 domini
1070 2957 1315 3062 inquisitoris,
1342 2974 1511 3033 nostrum
1537 2962 1767 3037 notariorum

347 3090 585 3196 publicorum
613 3109 651 3167 et
677 3089 830 3167 testium
857 3087 1176 3195 infrascriptorum
1200 3088 1392 3192 presencia
1419 3089 1661 3192 personaliter
1680 3118 1769 3169 con-

348 3224 516 3310 stitutus,
530 3223 675 3329 juratus
690 3219 862 3298 similiter
874 3236 912 3296 et
925 3218 1205 3325 requisitusper
1214 3219 1471 3326 juramentum
1486 3248 1597 3297 sunm
1613 3223 1661 3299 de
1676 3238 1771 3299 t'em'·

348 3380 439 3457 pore
461 3370 498 3430 et
523 3351 637 3429 modo
652 3350 884 3457 recepcionis
903 3378 987 3439 sue,
1016 3378 1057 3426 ac
1079 3348 1126 3426 de
1146 3377 1185 3425 se
1202 3366 1240 3427 et
1263 3349 1344 3425 aliis
1363 3349 1534 3455 ejusdem
1562 3351 1706 3430 ordinis
1731 3354 1769 3429 in

349 3510 453 3559 causa
471 3481 561 3560 [idei
582 3483 706 3560 dicere
726 3481 934 3572 veritatem,
963 3479 1054 3557 dixit
1079 3509 1147 3585 per
1166 3481 1421 3587 juramentum
1451 3509 1562 3556 suum
1587 3483 1692 3586 quod
1710 3511 1769 3558 re·

349 3628 477 3718 ceptus
501 3611 573 3689 fuit
595 3630 670 3690 tres
694 3612 782 3689 anni
809 3628 895 3689 sunt
921 3609 1031 3715 elapsi
1057 3609 1112 3687 vel
1146 3610 1258 3697 circa,
1290 3611 1329 3684 in
1360 3608 1473 3686 domo
1499 3610 1546 3686 de
1571 3610 1770 3716 Bliandays

348 3743 623 3821 Lemoviccnsis
637 3743 811 3828 diocesis,
835 3767 903 3845 per
922 3738 1073 3816 fratrem
1096 3737 1343 3846 Hymbertum
1365 3736 1412 3814 de
1436 3737 1619 3817 Comborz
1645 3768 1771 3846 prece

349 3889 495 3975 ptorem
515 3874 563 3949 de
576 3871 732 3961 Poillac,
756 3868 992 3977 presentibus
1009 3868 1183 3946 fratribus
1204 3866 1408 3946 Guillelmo
1432 3867 1621 3946 Galebrun
1647 3897 1771 3975 prece·

350 4018 454 4106 ptore
481 4029 581 4079 nunc
605 4003 653 4079 de
673 4001 845 4090 Viveriis,
869 3997 1071 4081 Guillclmo
1096 3998 1143 4076 dc
1162 3997 1282 4075 Podio
1297 3998 1429 4076 Vivant
1458 3997 1570 4075 fratre
1588 4002 1770 4079 serviente

351 4128 436 4204 dicti
450 4128 610 4217 ordinis,
629 4147 666 4206 et
680 4127 905 4235 quibusdam
921 4127 1012 4205 aliis.
1027 4128 1076 4204 Et
1087 4127 1180 4203 dixit
1193 4153 1262 4231 per
1269 4125 1528 4231 juramentum
1535 4155 1644 4206 suum
1651 4132 1768 4237 quod,

350 4287 395 4335 eo
418 4274 587 4363 recepto,
617 4257 792 4335 mantello
814 4257 884 4332 sibi
904 4255 1058 4344 tradito,
1081 4273 1119 4331 et
1133 4256 1346 4359 juramento
1363 4254 1408 4330 ab
1431 4285 1475 4333 eo
1491 4259 1646 4362 prestito
1671 4261 1769 4338 inter

350 4405 467 4464 cetera
486 4387 533 4463 de
549 4388 694 4464 statutis
715 4403 753 4463 et
771 4387 923 4463 secretis
942 4384 1086 4463 ordinis
1099 4383 1352 4472 observandis,
1369 4403 1566 4466 acostensa
1577 4389 1648 4466 sibi
1660 4418 1768 4467 cruce

351 4517 495 4623 depicta
510 4545 595 4594 cum
612 4514 733 4622 effigie
753 4514 870 4591 Jhesu
886 4514 1023 4592 Christi
1044 4513 1084 4590 in
1103 4512 1266 4621 quodam
1281 4513 1397 4602 libro,
1415 4517 1598 4622 recipiens
1613 4521 1772 4626 quesivit

349 4647 456 4725 abeo
477 4647 583 4754 cujus
598 4644 773 4723 credebat
794 4643 898 4752 quod
920 4661 1017 4723 esset
1036 4642 1099 4721 illa
1118 4671 1263 4751 ymago.
1284 4645 1331 4721 Et
1350 4644 1429 4752 ipse
1449 4650 1642 4753 respondit
1665 4652 1770 4757 quod

349 4778 501 4857 Domini
521 4778 637 4856 Jhesu
649 4776 798 4855 Christi.
813 4778 859 4853 Et
876 4793 966 4855 tunc
980 4774 1163 4881 recipiens
1179 4774 1271 4852 dixit
1289 4775 1324 4852 ei
1337 4777 1440 4882 quod
1455 4779 1654 4883 oportebat
1666 4781 1770 4888 quod
