4230 5956
453 439 527 509 sis
835 413 1030 507 Phocus
1055 433 1151 507 ons
1176 390 1476 508 ransmissa.

452 576 599 681 mencio
612 600 741 678 supra,
758 571 851 649 dixit
863 600 930 677 per
934 573 1193 678 juramentum
1202 602 1313 651 suum
1323 575 1428 681 quod
1442 575 1557 654 nichil
1565 578 1644 654 scit.
1657 580 1871 686 Requisitus

451 705 638 794 strumii,
655 703 713 780 vel
723 720 828 780 metu
837 703 992 779 carceris
1007 703 1064 780 vel
1079 720 1367 793 tormentorum,
1383 706 1476 783 dixit
1492 705 1656 815 aliquam
1671 708 1868 790 falsitatem

453 835 511 913 vel
524 834 769 913 immiscuerit
782 833 821 909 in
837 833 1077 943 deposicione
1090 862 1170 925 sua,
1186 834 1279 912 dixit
1291 864 1360 941 par
1372 835 1627 943 juramentum
1642 868 1752 917 suum
1765 845 1868 948 quod

452 996 546 1058 non3
568 969 684 1043 immo
701 964 794 1041 dixit
811 964 1015 1041 veritatem.
1142 1000 1153 1009 -

506 1230 600 1305 ltem
624 1228 737 1304 lrater
760 1227 892 1302 Petrus
918 1223 965 1300 de
988 1222 1204 1301 Grumesnil
1223 1201 1453 1303 Belsacensis
1475 1227 1651 1316 diocesis,
1672 1231 1866 1338 presbyter

450 1359 539 1435 dieti
554 1357 713 1443 ordinis,
730 1355 836 1433 etatis
855 1378 949 1432 xxvn
963 1381 1147 1431 annorum
1166 1354 1398 1445 vel-circiter,
1412 1355 1560 1463 juratus
1580 1358 1718 1446 eodem
1733 1361 1865 1448 modo,

451 1505 488 1566 et
507 1489 755 1596 interrogatus
773 1486 822 1564 de
836 1501 1006 1590 tempore
1022 1502 1059 1562 et
1077 1483 1192 1562 modo
1211 1511 1279 1563 sue
1298 1485 1543 1591 recepcionis,
1566 1488 1660 1565 dixit
1677 1517 1745 1595 per
1760 1493 1864 1597 jura·

449 1635 619 1694 mentum
634 1645 745 1697 suum
765 1616 869 1722 quod
882 1614 955 1690 luit
968 1631 1138 1719 receptus
1158 1614 1258 1719 apud
1278 1615 1534 1708 Sommerens‚
1552 1618 1591 1693 in
1606 1618 1754 1713 instanti
1771 1620 1865 1697 sesto

449 1730 629 1825 Ouinium
649 1747 867 1824 Sanctorum
888 1761 998 1821 erunt
1014 1759 1176 1850 quatuor
1190 1744 1274 1821 anni
1288 1745 1346 1822 vel
1360 1745 1470 1834 circa,
1487 1763 1524 1824 et
1533 1745 1603 1824 fuit
1617 1765 1789 1853 receptus
1797 1779 1865 1855 per

448 1879 599 1957 fratrem
609 1877 814 1979 Robertum
826 1876 873 1953 de
887 1876 1022 1953 Sancto
1041 1875 1275 1965 Pantaleone,
1285 1876 1522 1982 presentibus
1533 1877 1863 1956 dominoAuberto

449 2008 539 2091 disti
554 2008 698 2086 ordinis
712 2006 945 2113 presbytero,
961 2022 999 2083 et
1010 2004 1121 2099 fratre
1136 2004 1339 2083 Guillelmo
1358 2006 1406 2083 de
1418 2008 1752 2087 Montemorencio.
1766 2012 1866 2088 Dixit

449 2140 566 2223 eciam
575 2167 643 2244 per
650 2139 1030 2246 jurameutttmsuum
1040 2135 1249 2243 quod,post
1263 2136 1867 2243 multas·promissioues·deobser-

447 2267 578 2345 vandis
589 2268 735 2345 statutis
751 2267 840 2344 dicti
856 2265 997 2344 ordinis
1013 2265 1142 2355 lactas,
1161 2266 1284 2345 dictus
1295 2268 1481 2374 recipiens
1492 2269 1659 2374 precepit
1671 2270 1745 2346 sihi
1764 2274 1867 2378 quod

449 2398 679 2475 oscularetur
698 2397 840 2475 eumin
860 2396 1058 2485 umbilico,
1077 2415 1115 2475 et
1129 2414 1257 2503 postea
1275 2398 1315 2474 in
1333 2425 1411 2476 oro.
1432 2398 1534 2476 Dixit
1553 2399 1670 2476 eciam
1689 2403 1867 2508 perjura-

448 2546 618 2609 mentum
636 2557 750 2607 suum
768 2526 873 2635 quod
888 2527 1009 2605 dictus
1024 2528 1207 2634 recipiens
1226 2528 1390 2606 ostendit
1408 2527 1479 2606 sibi
1499 2530 1699 2635 quamdam
1718 2561 1866 2610 crucem

449 2686 580 2742 eneam
591 2660 716 2768 inqua
730 2676 808 2737 erat
819 2686 952 2767 ymago
966 2658 1083 2736 lhesu
1092 2658 1230 2738 Christi
1243 2657 1424 2748 crucifixi,
1441 2659 1663 2766 etpeciit'ab
1679 2689 1724 2737 eo
1739 2680 1866 2740 utrum

448 2790 617 2869 crederet
630 2792 670 2869 in
684 2818 772 2868 eum
787 2791 894 2898 cujus
905 2817 1038 2897 ymago
1054 2807 1134 2866 erat
1145 2788 1217 2880 ibi,
1232 2789 1299 2896 qui
1315 2789 1509 2895 respondit
1523 2793 1629 2897 quod
1642 2791 1711 2878 sie,
1728 2810 1766 2868 et
1779 2810 1867 2871 tunc

447 2922 525 3028 ipse
547 2921 665 3003 dixit:
684 2921 842 3028 Oportet
861 2921 964 3031 quod
978 2937 1021 2997 tu
1041 2919 1200 3026 abneges
1218 2947 1308 2997 eum
1324 2937 1394 2997 ter.
1409 2920 1457 2995 Et
1470 2937 1561 2996 tunc
1579 2921 1657 3025 ipse
1674 2920 1867 3028 abnegavit

446 3070 515 3140 ter,
532 3070 570 3129 et
589 3053 690 3158 spuit
706 3051 822 3130 semel
837 3081 947 3157 supra
963 3078 1129 3138 crucem,
1147 3067 1185 3127 et
1198 3076 1264 3129 ore
1278 3067 1428 3128 tantum
1444 3050 1576 3138 modo,
1596 3067 1633 3126 et
1646 3078 1721 3128 non
1736 3052 1861 3128 corde.

446 3181 547 3259 Dixit
559 3182 675 3258 eciam
686 3209 753 3287 per
762 3182 1017 3287 juramentum
1032 3209 1144 3257 suum
1160 3180 1263 3288 quod
1278 3180 1400 3258 dictus
1414 3179 1597 3286 recipiens
1611 3183 1777 3286 precepit
1791 3183 1862 3258 sibi

447 3311 551 3416 quod
566 3312 721 3389 omnino
737 3312 938 3388 abstineret
950 3338 970 3386 a
982 3310 1217 3400 mulieribus,
1234 3311 1312 3389 etsi
1325 3309 1459 3416 aliquis
1474 3310 1575 3386 calor
1589 3312 1768 3388 naturalis
1784 3341 1866 3388 mo-

447 3462 661 3538 vereteum,
679 3443 784 3549 quod
801 3442 1057 3520 commisceret
1071 3470 1203 3519 secum
1216 3441 1389 3519 fratribus
1405 3443 1492 3518 suis.
1506 3440 1608 3518 Dixit
1621 3459 1747 3519 tamen
1761 3445 1863 3549 quod

447 3603 637 3681 nunquam
652 3572 755 3661 lecit,
776 3601 844 3650 nec
864 3573 910 3649 ah
930 3601 975 3651 eo
995 3573 1066 3649 suit
1085 3575 1255 3678 petitum.
1272 3572 1372 3652 Dixit
1392 3573 1507 3648 eciam
1523 3601 1590 3677 per
1605 3574 1859 3678 juramentum

446 3733 555 3784 suum
565 3705 670 3812 quod
681 3705 727 3782 de
738 3707 856 3810 capite
871 3704 985 3782 nichil
1002 3707 1080 3782 scit.
1096 3705 1309 3811 Requisitus
1321 3720 1448 3781 utrum
1462 3705 1509 3788 vi,
1525 3704 1582 3780 vel
1592 3720 1696 3779 metu
1710 3704 1862 3779 carceris

446 3833 503 3911 vel
521 3853 809 3924 tormentorum,
833 3835 965 3912 dixerit
989 3835 1149 3942 aliquam
1166 3833 1362 3912 falsitatem
1381 3833 1439 3910 vel
1467 3834 1713 3910 immiscuerit
1737 3833 1775 3907 in
1797 3833 1863 3907 de·

446 3966 634 4066 posicione
648 3996 730 4054 sua,
750 3967 841 4043 dixit
854 3995 922 4071 per
932 3967 1186 4073 juramentum
1205 3993 1316 4042 suum
1332 3965 1437 4070 quod
1453 3992 1545 4052 non,
1558 3964 1674 4040 immo
1690 3963 1782 4038 dixit
1797 3992 1861 4036 ve-

447 4093 605 4173 ritatem.
617 4098 855 4175 Prasentibus
872 4098 1029 4175 domino
1040 4099 1149 4173 Petro
1166 4095 1212 4173 de
1227 4096 1381 4184 Blevon‚
1401 4094 1512 4171 fratre
1532 4094 1707 4171 Amodeo'
1720 4093 1862 4170 ordinis

447 4224 573 4302 Sancti
596 4227 806 4333 Augustini,
832 4228 1041 4306 bachelario
1061 4228 1099 4304 in
1118 4226 1321 4332 theologia,
1356 4227 1483 4330 priore
1515 4225 1637 4305 Sancti
1663 4224 1862 4331 Augustini

445 4356 674 4450 Parisiensis‚
691 4360 864 4467 magistro
882 4361 1049 4437 iohanne
1067 4358 1114 4435 de
1136 4357 1328 4463 Crespeio‚
1346 4357 1387 4433 P.
1409 4358 1455 4432 de
1471 4358 1650 4446 Pruneto‚
1670 4355 1785 4433 fratre
1803 4357 1865 4432 Jo-

446 4487 569 4566 hanne
590 4489 638 4566 de
663 4490 793 4567 Ruella
818 4490 960 4566 ordinis
981 4488 1272 4566 Predicatorum.

459 4793 462 4797 ,
501 4748 594 4824 ltem
615 4747 728 4825 frater
746 4751 913 4826 Thomas
932 4747 978 4825 de
1000 4747 1131 4825 Breele
1157 4745 1350 4852 presbyter
1373 4747 1465 4824 dieti
1486 4745 1645 4834 ordinis,
1669 4747 1774 4822 etatis
1796 4770 1861 4820 xxx
