4230 5956
711 474 906 566 rsocts
937 491 1034 565 ons
1064 491 1374 566 reuellens.
1674 498 1744 570 leo

326 628 526 737 quamdam
548 654 695 705 crucem
715 630 877 737 ligneam
900 632 1060 710 interra
1085 633 1264 737 positam,
1288 630 1405 738 nescit
1430 655 1497 734 per
1520 659 1636 737 quem
1660 635 1746 711 nlla·

325 777 419 848 tam,
441 758 479 833 in
501 786 575 863 qua
594 784 671 833 non
696 779 775 838 erat
800 789 933 868 ymago
961 759 1155 849 Crucifixi‚
1182 778 1220 838 et
1241 761 1320 867 ipse
1342 759 1448 836 testis
1468 758 1590 837 noluit
1611 789 1745 867 spuere

325 916 454 995 supra,
485 887 551 964 sed
578 887 679 994 spuit
704 907 763 967 ter
785 891 889 997 juxta
913 918 1007 971 eam.
1030 892 1118 968 Post
1138 919 1214 997 que
1235 890 1347 967 idem.
1363 907 1533 995 receptor
1560 891 1746 969 osculatus

324 1018 397 1095 fuit
422 1018 547 1124 ipsum
573 1034 707 1095 testem
728 1021 768 1095 in
788 1049 897 1098 carne
917 1022 1022 1099 nude
1042 1022 1080 1096 in
1103 1038 1275 1127 pectore,
1298 1039 1335 1098 et
1361 1020 1455 1096 dixit
1479 1019 1514 1096 ei
1539 1020 1643 1126 quod
1662 1050 1747 1128 pre-

326 1148 422 1224 dicta
439 1165 545 1224 erant
558 1147 607 1224 de
621 1150 771 1254 punctis
787 1151 942 1228 ordinis.
960 1151 1041 1228 Alia
1056 1150 1184 1228 illicita
1198 1179 1276 1227 non
1293 1151 1575 1226 intervenerunt
1590 1150 1629 1225 in
1649 1150 1745 1229 dicta

325 1306 392 1352 sua
410 1277 629 1382 recepcione
650 1307 719 1356 nec
738 1298 841 1387 post,
860 1297 898 1357 et
917 1280 1037 1358 credit
1053 1281 1159 1387 quod
1175 1281 1307 1358 eadem
1327 1279 1426 1356 licita
1451 1296 1490 1355 et
1508 1278 1636 1356 illicita
1656 1309 1746 1359 con·

325 1404 454 1482 lessata
475 1434 543 1513 per
563 1435 650 1483 eum
671 1409 942 1487 intervenirent
961 1410 1213 1487 communitor
1233 1426 1271 1485 et
1289 1409 1433 1515 ubique
1456 1408 1495 1485 in
1519 1411 1751 1516 recepcioni-

325 1535 396 1611 bus
420 1535 581 1613 aliorum
606 1536 764 1615 fratrum
785 1540 929 1618 ordinis
952 1540 1008 1616 vel
1029 1556 1125 1645 post.
1152 1542 1266 1627 ltem,
1293 1539 1386 1616 dixit
1405 1567 1444 1616 se
1467 1540 1620 1635 credere
1640 1541 1745 1646 quod

323 1664 453 1742 fratres
472 1667 562 1744 dicti
580 1668 723 1745 ordinis
734 1669 832 1747 bene
848 1671 1046 1747 crederent
1061 1670 1315 1748 ecclesiasticis
1333 1670 1589 1760 sacramentis,
1606 1669 1745 1776 quibus

325 1796 403 1900 ipse
424 1797 617 1889 credebat,
643 1816 680 1875 et
699 1801 802 1905 quod
828 1829 961 1903 eorum
984 1801 1194 1878 sacerdotes
1216 1800 1345 1877 debite
1369 1797 1613 1875 celebrarent.
1636 1798 1746 1876 Clan-

325 1926 469 2004 destine
489 1928 777 2032 recipiebantur,
793 1930 907 2007 nullis
926 1928 1163 2035 presentibus
1182 1930 1252 2005 nisi
1273 1927 1451 2005 fratribus
1471 1928 1626 2005 ordinis.
1651 1928 1745 2006 Cor-

325 2055 424 2130 dulis
443 2057 545 2132 unde
562 2057 736 2133 volebant
757 2058 955 2163 assumptis
977 2057 1222 2163 cingebantur
1240 2085 1352 2163 super
1372 2056 1539 2134 camisias
1560 2085 1646 2133 cum
1663 2060 1746 2163 qui-

324 2184 395 2260 bus
412 2184 601 2291 jacebant,
631 2212 674 2260 er
700 2201 876 2291 precepto
905 2186 1144 2291 superiorum
1172 2214 1340 2263 suorum.
1368 2185 1583 2292 lnjunctum
1610 2187 1682 2263 fuit
1704 2189 1744 2262 in

323 2314 541 2420 recepcione
562 2342 627 2390 sua
649 2314 754 2420 quod
776 2342 853 2394 non
872 2315 1053 2393 revelaret
1073 2317 1230 2394 modum
1250 2343 1318 2392 sue
1340 2315 1581 2422 recepcionis.
1598 2317 1744 2399 Fratres

324 2444 485 2522 scientes
504 2472 650 2522 errores
669 2444 824 2521 fuerunt
843 2444 1091 2552 negligentes,
1121 2445 1209 2551 quia
1237 2474 1315 2522 non
1335 2463 1575 2529 correxerunt
1592 2474 1656 2524 eos
1675 2472 1743 2521 nec

325 2573 641 2650 denunciaverunt
658 2573 833 2651 Ecclesie.
855 2573 1088 2652 Elemosinas
1114 2592 1152 2651 et
1177 2575 1468 2680 hospitalitatem
1494 2576 1585 2653 vidit
1609 2603 1743 2654 conve-

324 2702 471 2779 nienter
494 2703 578 2780 lieri
604 2721 642 2780 et
668 2703 802 2780 servari
827 2703 866 2778 in
896 2703 1074 2782 domibus
1095 2703 1240 2782 ordinis
1263 2705 1301 2779 in
1323 2704 1463 2809 quibus
1483 2704 1621 2780 exstitit
1642 2732 1744 2781 com-

323 2850 501 2911 moratus.
516 2832 696 2912 Ordinata
710 2862 778 2939 per
790 2834 1010 2940 Magistrum
1024 2862 1110 2910 cnm
1124 2850 1308 2911 conventu
1324 2851 1502 2911 servasset
1516 2851 1617 2911 totus
1632 2833 1739 2921 ordo,

324 2979 365 3038 nt
386 2962 523 3050 credit,
546 2981 674 3040 contra
693 2990 808 3070 quem
831 2989 933 3040 nunc
954 2963 1106 3070 grandia
1126 2962 1315 3052 scandala,
1343 2962 1504 3068 suspicio
1528 2980 1567 3039 et
1590 2963 1742 3039 infamia

322 3112 409 3169 sunt
430 3110 570 3181 exorta,
594 3110 630 3169 et
651 3110 779 3170 contra
804 3119 918 3198 quern
942 3092 1046 3169 idem
1071 3092 1246 3198 Magister
1271 3108 1308 3168 et
1333 3091 1396 3169 alii
1417 3092 1542 3198 aliqua
1565 3091 1742 3169 dicuntur

322 3220 436 3300 luisse
456 3221 634 3312 confessu
656 3224 704 3301 ud
725 3222 830 3328 cujus
851 3223 995 3300 ordinis
1016 3222 1288 3299 deffensionem
1308 3249 1347 3298 se
1368 3247 1445 3298 non
1465 3220 1666 3298 obtulerat.

377 3352 593 3457 Requisitus
605 3353 636 3430 si
649 3354 701 3429 sic
715 3353 942 3458 deposuerat
951 3380 1079 3458 prece,
1096 3369 1291 3456 precepto,
1310 3352 1458 3442 timore,
1476 3378 1621 3441 amore,
1638 3353 1740 3441 odio,

321 3481 379 3558 vel
393 3482 591 3589 temporali
611 3484 772 3561 comodo
791 3482 920 3561 habito
937 3482 995 3559 vel
1013 3482 1205 3569 habendo,
1226 3484 1421 3588 respondit
1437 3482 1543 3588 quod
1559 3510 1653 3570 non,
1674 3481 1743 3558 sed
1861 3484 1868 3496 '

322 3639 390 3715 pro
410 3613 563 3689 veritate
585 3612 761 3703 dicenda3
787 3613 846 3689 cui
873 3613 944 3690 fuit
971 3613 1183 3719 injunctum
1207 3612 1312 3717 quod
1335 3640 1411 3688 non
1440 3612 1621 3688 revelaret
1647 3610 1742 3684 hanc

322 3768 426 3816 suam
447 3741 746 3847 deposicionem,
767 3769 966 3850 quousque
984 3743 1243 3820 attestaciones
1262 3741 1404 3817 luerint
1422 3740 1621 3847 publicato.

375 4004 502 4081 Frater
519 4005 720 4082 Amandus
737 4006 874 4084 Breion
891 4006 939 4082 de
952 4004 1091 4084 Goerta
1102 4005 1286 4091 serviens,
1303 3999 1599 4108 Engolis'mensis
1614 3999 1740 4075 dioce-

322 4133 387 4220 sis,
413 4133 516 4209 testis
540 4162 652 4239 supra
672 4137 841 4241 juratus,
869 4134 1094 4211 mantellum
1118 4133 1263 4210 ordinis
1289 4149 1327 4208 et
1352 4129 1508 4207 barbam
1536 4129 1741 4217 defferens,

322 4261 664 4368 quinquagenarius
688 4264 745 4340 vel
771 4265 887 4351 circa,
915 4292 1001 4339 cum
1026 4289 1103 4367 quo
1129 4259 1351 4365 inquisitum
1379 4260 1518 4348 fuerat,
1544 4260 1740 4338 absolutus

321 4407 360 4466 et
375 4389 635 4467 reconciliatus
656 4418 723 4496 per
747 4390 945 4468 officialem
969 4390 1238 4475 Pictavensem‚
1260 4387 1366 4465 lectis
1386 4406 1424 4466 et
1450 4389 1652 4498 diligenter
1678 4417 1741 4465 ex-

320 4518 451 4624 positis
474 4519 545 4597 sibi
572 4521 808 4598 omnibuset
827 4521 983 4627 singulis
1002 4519 1186 4608 articulis,
1208 4518 1404 4624 respondit
1424 4547 1464 4596 se
1486 4520 1648 4606 nescire,
1670 4545 1740 4595 nec

320 4647 491 4735 credere,
514 4677 582 4726 nec
606 4650 789 4728 audivisse
812 4649 885 4727 dici
909 4650 955 4728 de
970 4649 1154 4728 contentis
1177 4648 1215 4724 in
1241 4648 1294 4724 eis
1319 4647 1389 4727 nisi
1415 4650 1518 4755 quod
1542 4649 1737 4754 sequitur:

320 4779 420 4858 Dixit
439 4808 601 4888 namque
616 4810 656 4858 se
670 4779 784 4859 fuisse
802 4797 1002 4886 receptum.
1010 4782 1048 4858 in
1065 4779 1206 4885 capella
1227 4777 1364 4856 domus
1383 4780 1530 4886 Templi
1552 4781 1600 4857 de
1620 4780 1738 4857 Bonos
