4268 5946
464 438 536 512 aaa
854 417 1051 511 raucas
1078 436 1174 509 uns
1200 436 1500 510 rnnrurnns

517 581 770 656 Predictarum
791 580 904 684 igitur
919 579 1127 656 litterarum
1140 578 1427 684 apostolicarum
1449 596 1486 654 et
1506 577 1745 656 articulorum
1768 581 1880 659 dicto

460 742 543 790 rum
560 715 674 789 series
690 712 737 788 ad
749 712 858 788 vestri
869 712 1096 817 presenciam
1107 727 1238 789 tenore
1253 711 1488 816 presencium
1501 710 1763 816 perducentes,
1776 714 1881 790 vobis

460 847 679 921 mandamus
703 844 877 949 quatinus
897 861 1069 920 contenta
1091 843 1129 918 in
1148 842 1292 919 eisdem
1317 842 1449 919 litteris
1470 840 1681 946 apostolicis
1700 862 1878 949 quantum

461 976 508 1051 ad
527 1004 591 1052 vos
610 975 772 1078 pertinet
792 975 850 1049 in.
871 1035 878 1049 .
899 1035 906 1048 .
936 973 1169 1080 compleatis3
1191 1001 1233 1049 ac
1253 1001 1321 1049 nos
1342 972 1388 1048 de
1409 973 1627 1077 recepcione
1647 976 1878 1078 presencium

461 1126 498 1182 et
517 1107 564 1181 de
583 1123 751 1210 tempore
782 1103 1012 1210 recepcionis
1041 1132 1168 1180 earum
1201 1104 1417 1181 testimonio
1444 1121 1647 1180 vestrarum
1674 1104 1880 1183 litterarum

393 1239 395 1244 ’
459 1236 688 1342 patencium.
710 1297 717 1310 .
738 1295 745 1310 .
776 1235 1012 1340 publicorum
1030 1235 1362 1311 instrumentorum
1381 1262 1449 1339 per
1468 1232 1626 1312 latorem
1643 1239 1880 1339 presencium

460 1366 660 1443 certificare
681 1365 834 1453 curetis3
857 1367 895 1439 in
916 1392 1077 1470 quorum
1096 1365 1266 1441 omnium
1287 1363 1451 1469 sigillum
1475 1382 1646 1440 nostrum
1666 1381 1705 1441 et
1723 1366 1879 1444 subscri-

461 1500 624 1601 ptionem
645 1496 778 1573 notarii
795 1495 936 1600 publici
958 1494 1179 1600 infrascripti
1193 1494 1324 1571 litteris
1339 1494 1572 1600 presentibus
1585 1492 1760 1574 duximus
1772 1526 1880 1603 appo·

460 1629 638 1704 nendum.
654 1627 741 1702 Acta
757 1625 907 1702 luerunt
925 1626 996 1701 bec
1010 1626 1187 1718 Parisius‚
1204 1625 1242 1700 in
1262 1626 1374 1701 domo
1391 1643 1530 1714 nostra,
1548 1652 1643 1701 anno
1654 1654 1674 1700 a
1686 1627 1876 1704 Nativitate

459 1759 612 1834 Domini
627 1772 666 1832 ιιο
679 1773 758 1834 occ⁰
773 1784 890 1844 nono,
913 1784 952 1832 ιιι
971 1783 1088 1832 nonas
1102 1756 1207 1842 maii,
1229 1755 1432 1832 indictione
1448 1754 1621 1859 septima,
1643 1755 1877 1862 pontificatus

459 1887 588 1993 prelati
608 1887 825 1965 sanctissimi
850 1887 963 1992 patris
987 1885 1130 1963 domini
1152 1885 1354 1963 Clementis
1381 1885 1504 1961 divina
1527 1885 1764 1990 providencia
1783 1917 1876 1993 pape

459 2019 581 2123 quinti
602 2047 697 2095 anno
717 2035 865 2124 quarte,
889 2016 1124 2124 presentibus
1150 2014 1351 2093 venerabili
1376 2015 1540 2092 Fulcone
1565 2015 1681 2125 Balati
1700 2020 1877 2095 canonico

459 2149 770 2237 Claromontensi,
790 2166 828 2225 et
848 2148 1015 2225 discretis
1030 2149 1115 2223 viris
1131 2147 1294 2224 dominis
1310 2148 1347 2222 P.
1370 2147 1417 2221 de
1435 2145 1628 2224 Cbadaleu
1646 2147 1693 2222 de
1710 2147 1872 2252 Opiane,

459 2307 501 2354 ac
519 2281 627 2354 Petro
642 2281 813 2383 Bongiaci
835 2281 882 2355 de
896 2277 1029 2355 Vesola
1049 2279 1297 2355 Narbonensis
1312 2277 1486 2366 diocesis,
1505 2276 1745 2354 ecclesiarum
1759 2298 1878 2356 recto-

459 2409 577 2494 ribus,
599 2408 756 2486 testibus
775 2410 823 2484 ad
844 2409 1020 2513 premissa
1040 2409 1176 2484 vocatis
1196 2408 1405 2514 specialiter
1424 2425 1461 2484 et
1477 2409 1624 2514 rogatis.

515 2539 560 2613 Et
581 2566 648 2643 ego
664 2538 890 2616 Guillelmus
911 2536 1095 2641 Radulpbi
1118 2537 1165 2613 de
1188 2539 1322 2615 Sancto
1342 2539 1454 2614 Floro
1476 2538 1876 2617 Claromonteusisdio·

459 2669 551 2746 cesis
570 2670 741 2759 clericus,
764 2684 990 2746 sacrosancte
1009 2669 1177 2745 Romane
1197 2668 1359 2745 Ecclesie
1379 2669 1553 2772 publicus
1573 2671 1790 2748 auctoritate
1808 2698 1876 2746 no·

457 2801 594 2890 tarius,
616 2802 680 2906 qui
698 2800 838 2876 litteras
857 2796 1077 2903 apostolicas
1097 2817 1134 2875 et
1151 2798 1324 2899 articulos
1346 2797 1577 2903 supradictos
1598 2798 1689 2888 vidi,
1716 2801 1818 2877 tenui
1839 2819 1876 2877 et

457 2931 614 3035 palpavi,
633 2930 770 3006 nullam
785 2932 877 3005 inse
898 2930 1166 3033 suspicionem,
1182 2948 1226 3006 ut
1244 2929 1483 3035 premittitur,
1505 2930 1750 3020 continentes,
1767 2946 1875 3007 teno-

458 3089 535 3135 rem
549 3090 679 3136 eorum
694 3061 755 3136 hic
769 3063 815 3135 de
835 3061 948 3136 verbo
964 3061 1011 3135 ad
1029 3062 1184 3138 verbum
1202 3059 1363 3137 fideliter
1382 3060 1451 3135 leci
1472 3060 1600 3150 scribi,
1619 3090 1661 3138 ac
1680 3061 1727 3138 de
1745 3061 1875 3168 hujus-

458 3191 560 3264 modi
581 3206 732 3294 sumpto
753 3191 921 3295 exemplo
940 3190 1145 3297 litterarum
1175 3209 1213 3267 et
1236 3190 1475 3267 articulorum
1495 3191 1764 3297 predictorum,
1786 3220 1871 3266 cum

457 3319 546 3422 ipsis
561 3319 802 3425 originalibus
812 3318 942 3396 litteris
954 3338 992 3396 et
1005 3322 1167 3397 articulis
1177 3320 1394 3427 diligentem
1411 3351 1452 3397 ac
1465 3320 1616 3399 fidelem
1631 3321 1873 3400 collacionem

457 3446 542 3538 leci,
566 3467 601 3524 et
625 3451 712 3555 quia
737 3449 832 3525 illud
853 3479 938 3525 cum
958 3451 1127 3556 originali
1149 3452 1389 3539 concordare,
1413 3451 1466 3526 nil
1486 3451 1614 3528 addito
1634 3453 1690 3527 vel
1706 3452 1872 3528 detracto

457 3580 560 3686 quod
570 3582 794 3657 sentenciam
804 3597 963 3658 mutaret
976 3580 1033 3658 vel
1043 3581 1287 3670 intellectum,
1304 3583 1438 3671 inveni,
1451 3612 1510 3658 me
1522 3582 1645 3659 eidem
1660 3583 1870 3687 subscripsi,

381 3718 385 3723 '
457 3729 494 3786 et
508 3714 654 3816 signum
671 3740 796 3788 meum
813 3713 964 3819 apposui
981 3731 1219 3816 consuetum,
1241 3742 1314 3790 una
1335 3742 1422 3789 cum
1441 3712 1563 3818 sigillo
1579 3711 1710 3818 prelati
1727 3713 1870 3790 domini

456 3843 720 3949 archiepiscopi
735 3843 998 3932 Narbonensis,
1011 3863 1048 3921 et
1062 3845 1108 3921 ad
1123 3863 1334 3951 requestam
1351 3846 1465 3949 ipsius
1481 3844 1528 3919 ad
1543 3845 1614 3920 boc
1629 3861 1776 3921 vocatus
1786 3871 1870 3949 spe-

456 3972 595 4049 cialiter
615 3993 651 4049 et
667 3992 826 4080 rogatus.
850 3977 906 4077 (L.
928 3976 981 4077 S.)

511 4235 649 4310 Verum
669 4264 754 4312 cum
775 4238 986 4314 execucioni
1008 4255 1270 4316 contentorum
1288 4240 1327 4316 in
1350 4240 1440 4345 ipsis
1460 4238 1593 4316 litteris
1613 4267 1731 4345 usque
1755 4265 1870 4323 nuuc,

454 4363 670 4442 infirmitate
690 4369 806 4443 nostri
823 4367 988 4473 corporis
1006 4369 1208 4474 prepediti,
1232 4370 1428 4447 intendere
1448 4370 1728 4476 nequiverimus
1747 4385 1789 4444 ut
1807 4367 1872 4443 de·

454 4496 576 4585 cebet,
603 4526 701 4575 nunc
720 4525 807 4575 vero
827 4499 982 4575 sanitate
1005 4517 1209 4605 resumpta,
1233 4501 1320 4578 licet
1341 4530 1417 4579 non
1442 4502 1567 4608 plena,
1591 4500 1771 4589 volentes,
1792 4514 1873 4574 tan-

453 4655 564 4730 quam
586 4627 653 4704 filii
674 4628 910 4717 obediencie,
931 4646 1104 4707 contenta
1119 4630 1157 4705 in
1178 4631 1232 4707 eis
1252 4632 1464 4709 execucioni
1484 4630 1609 4707 debite
1631 4626 1869 4713 demandare,

454 4758 715 4860 assignavimus
739 4759 839 4835 diem
860 4760 1034 4838 mercurii
1055 4761 1260 4865 proximam
1280 4789 1354 4866 qua
1374 4740 1519 4839 dicetur
1549 4787 1608 4837 ιιι
1627 4758 1799 4838 kalendas
1816 4756 1871 4835 le·
