4230 5956
434 440 510 511 soc
824 412 1020 505 rnocts
1046 431 1143 505 ons
1167 431 1464 505 reuertens.

433 576 601 662 interfui,
624 590 663 650 et
675 574 824 679 signum
842 600 970 650 meum
988 572 1142 650 solitum
1155 600 1240 649 cum
1254 572 1369 680 signis
1386 587 1424 648 et
1437 570 1779 678 subscripcionibus
1799 576 1854 679 ip-

432 733 559 785 sorum
576 701 805 780 notariorum
823 719 973 810 rogatus
990 702 1147 808 apposui
1166 701 1228 779 bic
1249 729 1309 778 me
1328 699 1575 779 subscribens.

486 964 579 1040 ltem
592 962 632 1038 in
645 962 838 1066 presencia
849 960 1012 1067 religiosi
1027 963 1094 1037 viri
1110 961 1232 1039 fratris
1245 961 1439 1040 Laurencii
1457 960 1504 1037 de
1519 962 1694 1038 Nannetis
1709 962 1850 1038 ordinis

430 1091 727 1179 Predicetorum,
750 1091 990 1169 commissarii
1012 1092 1100 1168 dicti
1122 1091 1370 1197 inquisitoris,
1387 1107 1557 1171 nostrum
1568 1091 1799 1168 notariorum
1815 1113 1851 1168 et

430 1221 582 1297 testium
603 1220 936 1326 infrascriptorum,
959 1249 1073 1308 anno,
1095 1220 1302 1309 indicione,
1325 1249 1471 1309 mense,
1495 1221 1556 1298 die
1576 1239 1614 1297 et
1633 1222 1850 1327 pontificatu

430 1350 623 1455 predictis,
644 1348 756 1426 frater
770 1349 972 1427 Ymbertus
992 1350 1040 1426 de
1061 1351 1196 1427 Sancto
1214 1350 1317 1427 torio
1338 1350 1464 1436 miles,
1482 1350 1590 1435 etatis¹
1607 1351 1850 1455 quadraginta

430 1506 631 1569 annorum,
644 1479 791 1582 juretus
811 1479 946 1557 eodem
965 1479 1081 1556 modo
1096 1479 1142 1555 de
1157 1506 1196 1556 se
1215 1496 1254 1555 et
1269 1479 1349 1555 aliis
1364 1480 1404 1554 in
1419 1506 1526 1555 causa
1545 1477 1635 1555 fidei
1652 1479 1776 1556 dicere
1792 1508 1851 1555 ve-

431 1608 596 1695 ritatem,
623 1624 661 1684 et
682 1607 928 1712 interrogatus
947 1607 995 1684 de
1013 1625 1182 1713 tempore
1205 1625 1243 1686 et
1261 1607 1376 1685 modo
1404 1633 1471 1686 sue
1490 1608 1736 1711 recepcionis‚
1756 1608 1848 1684 dixit

429 1767 498 1843 per
511 1741 766 1846 juramentum
791 1765 903 1814 suum
924 1738 1028 1844 quod
1050 1755 1219 1844 receptus
1240 1737 1310 1815 lirit
1334 1737 1436 1843 apud
1455 1739 1593 1815 Novam
1614 1737 1749 1815 Villam
1777 1739 1847 1815 Ca-

428 1866 680 1945 tbalaunensis
695 1867 871 1960 diocesis,
887 1896 1021 1945 novem
1039 1869 1125 1944 anni
1147 1867 1205 1945 vel
1215 1869 1314 1945 circa
1333 1883 1437 1957 sunt,
1453 1895 1523 1973 per
1536 1867 1687 1944 fratrem
1707 1867 1844 1945 loban-

430 2025 517 2075 nem
538 1997 715 2075 Ademari
735 1997 895 2073 militem
913 1992 1003 2073 dicti
1021 1995 1182 2084 ordinis,
1205 1997 1253 2073 de
1273 2011 1449 2102 precepto
1467 1993 1589 2071 fratris
1610 1997 1778 2102 Hugonis
1800 1998 1845 2073 de

429 2128 614 2215 Paraudo,
632 2126 867 2232 presentibus
889 2126 999 2202 fratre
1019 2126 1198 2203 Ymberto
1219 2125 1266 2201 de
1286 2126 1458 2212 Crimen,
1476 2142 1520 2200 ut
1530 2124 1678 2201 videtur
1698 2127 1786 2216 sibi,
1810 2145 1847 2205 et

430 2255 653 2362 quibusdam
672 2255 754 2332 aliis
779 2256 826 2332 de
846 2283 1009 2360 quorum
1034 2253 1249 2332 nominibus
1269 2282 1345 2331 non
1365 2252 1591 2331 recordatur.
1610 2254 1712 2330 Dixit
1732 2258 1846 2332 eciam

428 2414 497 2490 per
503 2388 760 2493 juramentum
780 2412 890 2461 suum
910 2384 1032 2489 quod,
1053 2400 1137 2489 post
1156 2384 1292 2465 multas
1304 2382 1569 2488 promissiones
1589 2382 1637 2459 de
1648 2386 1790 2462 statutis
1809 2405 1847 2462 et

430 2515 677 2621 observanciis
700 2513 788 2590 dicti
812 2510 956 2589 ordinis
977 2513 1215 2591 observandis
1241 2513 1353 2589 lamas
1370 2512 1417 2589 ab
1438 2539 1502 2599 eo,
1524 2528 1562 2587 et
1580 2512 1756 2591 mantello
1775 2514 1845 2591 sibi

430 2643 478 2719 ad
496 2644 635 2722 collum
648 2644 791 2750 posito,
812 2644 935 2721 dictus
952 2644 1135 2748 recipiens
1148 2643 1313 2721 ostendit
1328 2643 1401 2721 sibi
1415 2672 1565 2722 crucem
1576 2673 1663 2722 cum
1675 2644 1846 2751 ymagine

430 2772 586 2865 Christi,
607 2788 644 2850 et
669 2774 780 2880 peciit
800 2773 847 2850 ab
872 2802 919 2850 eo
946 2791 1075 2851 utrum
1099 2773 1269 2851 crederet
1291 2775 1330 2850 in
1355 2801 1465 2862 eum,
1494 2791 1532 2851 et
1558 2774 1636 2879 ipse
1656 2773 1847 2880 respondit

429 2901 532 3005 quod
551 2902 624 2992 sic,
651 2918 688 2978 et
706 2902 899 3006 tunc‘ipse
924 2902 1017 2980 dixit
1033 2901 1137 3008 quod
1157 2902 1205 2980 de
1229 2918 1354 2981 cetero
1378 2929 1455 2979 non
1479 2903 1664 2991 crederet,
1688 2919 1726 2979 et
1744 2902 1847 3008 quod

428 3047 581 3135 spueret
597 3060 709 3137 supra
728 3060 876 3109 crucem
894 3051 932 3109 et
948 3033 1170 3139 imaginem,
1190 3032 1294 3140 quod
1310 3033 1389 3139 ipse
1408 3030 1512 3124 fecit,
1533 3049 1576 3108 ut
1589 3032 1701 3123 dixit;
1720 3050 1844 3109 tamen

428 3159 585 3236 advertit
607 3161 678 3237 sibi
703 3161 808 3266 quod
830 3188 907 3238 non
929 3178 1080 3266 spueret
1109 3190 1221 3268 supra
1252 3190 1412 3241 crucem.
1444 3163 1690 3267 Interrogatus
1715 3162 1761 3239 de
1786 3189 1844 3239 os·

429 3285 533 3373 culo,
562 3287 655 3364 dixit
677 3318 744 3394 per
757 3290 1014 3394 juramentum
1038 3319 1149 3367 suum
1175 3291 1280 3397 quod
1306 3290 1427 3366 dictus
1456 3291 1637 3396 recipiens
1661 3292 1843 3366 osculatus

428 3414 500 3491 fuit
514 3442 601 3491 eum
621 3417 660 3491 in
679 3415 753 3493 fine
775 3418 880 3522 spine
899 3419 999 3496 dorsi
1018 3436 1056 3495 et
1074 3420 1114 3495 in
1131 3447 1206 3496 ore.
1227 3421 1474 3526 Interrogatus
1492 3436 1621 3496 utrum
1641 3418 1786 3495 videtur
1806 3438 1843 3494 ot

429 3545 548 3621 credit
564 3547 668 3649 quod
691 3546 752 3622 alii
772 3547 836 3623 tali
858 3549 973 3625 modo
992 3548 1233 3654 recipiantur,
1258 3550 1350 3626 dixit
1368 3578 1436 3655 per
1455 3550 1710 3655 juramentum
1729 3577 1840 3625 suum

428 3675 533 3778 quod
551 3674 671 3751 credit
690 3676 794 3781 quod
814 3705 943 3755 omues
963 3678 1023 3755 alii
1044 3677 1173 3755 fratres
1192 3679 1418 3785 recipiantur
1438 3678 1572 3756 eodem
1593 3678 1718 3755 modo.

483 3806 697 3911 Requisitus
712 3823 837 3883 utrum
857 3809 907 3899 vi,
927 3809 983 3884 vel
1002 3827 1106 3887 metu
1126 3809 1280 3887 carceris
1295 3839 1362 3886 seu
1378 3826 1669 3895 tormentorum,
1690 3824 1753 3881 aut
1768 3805 1840 3881 alia

428 3935 475 4011 de
495 3964 618 4023 causa,
639 3937 801 4042 aliquam
828 3937 1022 4015 falsitatem
1043 3940 1177 4018 dixerit
1200 3958 1264 4016 aut
1287 3940 1530 4016 immiscuerit
1542 3940 1582 4015 in
1602 3938 1839 4044 deposicione

427 4091 507 4151 sua,
530 4082 593 4141 aut
613 4068 768 4143 tacuerit
791 4069 999 4158 veritatem,
1023 4069 1115 4146 dixit
1133 4099 1201 4175 per
1213 4071 1470 4177 juramentum
1490 4098 1601 4147 suum
1617 4070 1721 4175 quod
1744 4097 1837 4156 non,

428 4219 495 4267 nec
511 4194 631 4299 aliqua
643 4196 823 4273 violencia
837 4197 906 4276 sibi
920 4197 990 4276 fuit
1004 4197 1115 4286 sacta,
1138 4199 1203 4275 sed
1218 4228 1349 4307 puram
1367 4200 1559 4276 veritatem
1574 4201 1725 4276 dixerat.

481 4455 574 4532 ltem
595 4454 708 4532 frater
723 4455 911 4533 lohannes
928 4459 975 4534 de
991 4457 1160 4535 Anisiaco
1181 4475 1377 4565 preceptor
1394 4459 1441 4535 de
1455 4459 1600 4545 Veleia,
1624 4459 1729 4535 etatis
1749 4487 1838 4564 qua·

426 4583 591 4690 draginta
611 4586 778 4692 quinque
799 4613 997 4675 annorum,
1013 4587 1162 4692 juratus
1193 4591 1329 4666 eodem
1355 4589 1468 4667 modo
1498 4591 1545 4667 de
1571 4618 1608 4665 se
1632 4605 1670 4664 et
1694 4588 1774 4663 aliis
1801 4587 1840 4660 in

425 4739 533 4789 causa
557 4715 644 4792 fidei
674 4716 796 4792 dicere
822 4716 1035 4806 veritatem,
1063 4734 1101 4791 et
1123 4718 1370 4825 interrogatus
1394 4719 1441 4795 de
1467 4736 1635 4823 tempore
1664 4735 1700 4794 et
1725 4716 1837 4794 modo
