4230 5956
670 450 865 580 crocus
891 471 987 542 ons
1012 468 1310 541 Tauranus.
1623 468 1695 543 aar

334 612 391 689 Ad
412 629 566 689 xvt-et
585 636 644 686 arx
663 610 840 689 articulos
859 610 1038 688 inclusive
1055 609 1255 716 diligenter
1276 610 1526 715 interrogatus
1546 638 1699 716 respon·
1753 690 1756 695 ,

278 742 369 817 dens
381 741 570 847 sigillatim
589 741 886 850 supersingulis,
908 739 1055 846 negavit
1074 740 1175 845 ipsos
1192 738 1367 816 articulos
1379 755 1418 815 et
1430 739 1557 815 omnia
1573 741 1699 818 etsin·

276 871 363 978 gula
378 889 549 948 contenta
569 871 608 946 in
626 870 696 959 eis,
717 870 883 948 adiciens
897 870 1002 977 quod
1023 871 1052 945 si
1077 898 1235 977 magnus
1253 869 1428 976 Magister
1447 868 1537 945 dicti
1557 870 1698 948 ordinis

211 1004 214 1009 ’
276 1001 441 1107 predicta
461 1001 518 1078 vel
542 1001 668 1107 aliqua
695 1001 742 1077 de
767 1001 946 1107 predictis
970 1001 1161 1078 consessus
1188 1018 1244 1077 est
1269 1000 1316 1075 de
1342 1028 1382 1077 se
1409 1001 1491 1105 ipso
1514 997 1695 1106 dixitque,

276 1132 454 1208 mentitus
470 1147 526 1207 est
545 1129 638 1207 falso
658 1131 791 1222 modo,
812 1148 855 1207 ut
872 1129 1002 1227 credit.

332 1260 390 1337 Ad
410 1287 642 1338 xxx-xxxin
660 1260 838 1339 articulos
857 1259 1037 1337 inclusive
1057 1260 1256 1365 diligenter
1275 1261 1523 1366 interrogatus
1542 1288 1698 1366 respon-

276 1391 370 1467 dens
383 1390 568 1496 sigillatim
585 1418 698 1497 super
712 1391 887 1499 singulis,
908 1392 1055 1497 negavit
1074 1392 1174 1495 ipsos
1189 1391 1366 1469 articulos
1378 1407 1416 1468 et
1433 1391 1558 1468 omnia
1576 1409 1614 1468 et
1625 1392 1699 1468 sin-

274 1521 360 1626 gula
380 1537 554 1597 contenta
573 1521 611 1596 in
632 1521 701 1609 eis,
725 1539 878 1626 excepto
894 1521 1000 1627 quod
1019 1520 1209 1597 confessus
1230 1523 1405 1628 estquod
1425 1522 1463 1597 in
1479 1523 1697 1627 recepcione

274 1649 429 1725 lratrum
441 1648 530 1725 dicti
545 1647 709 1741 ordinis,
720 1650 904 1756 recipiens
917 1668 1138 1757 etreceptus
1151 1649 1418 1728 deosculantur
1429 1680 1467 1728 se
1484 1652 1523 1727 in
1537 1679 1602 1728 ore
1618 1668 1698 1727 tan·

273 1797 371 1869 tum,
391 1796 429 1856 et
448 1781 487 1856 in
505 1779 607 1857 nulla
626 1780 694 1857 alia
709 1799 814 1887 parte
834 1784 1011 1886 corporis.

328 1910 387 1986 Ad
402 1936 688 1987 amur-xxxix
698 1912 874 1988 articulos
885 1912 1065 1989 inclusive
1076 1913 1310 2017 respondens
1322 1912 1572 2018 interrogatus
1584 1938 1697 2018 super

273 2038 430 2145 singulis
450 2039 655 2144 sigillatim,
674 2039 1024 2117 dixit-etconlessus
1040 2059 1096 2116 est
1115 2039 1237 2147 quod,
1250 2039 1355 2145 juxta
1374 2056 1510 2117 statuta
1527 2041 1616 2118 dicti
1637 2068 1697 2119 or·

275 2169 389 2257 dinis,
415 2168 624 2276 injungitur
646 2170 735 2274 ipsis
755 2168 931 2247 fratribus
954 2171 1116 2276 receptis
1135 2170 1289 2256 noviter,
1316 2170 1353 2245 in
1372 2198 1437 2246 sua
1457 2173 1693 2275 recepcione,

273 2328 341 2405 per
360 2329 380 2375 a
400 2328 439 2377 se
459 2300 658 2406 prestitum
679 2317 969 2386 sacramentum,
996 2300 1101 2406 quod
1127 2301 1248 2406 ipsum
1271 2300 1443 2377 ordinem
1467 2329 1544 2376 non
1567 2321 1696 2378 exeant

273 2456 341 2505 nec
359 2429 572 2537 relinquant
590 2457 659 2536 pro
680 2430 829 2537 majori,
848 2431 905 2507 vel
926 2429 1090 2518 fortiori,
1111 2430 1167 2507 vel
1187 2430 1343 2521 minori,
1360 2429 1418 2507 vel
1438 2429 1614 2508 debiliori
1634 2461 1696 2509 or-

274 2560 376 2649 dine,
397 2563 476 2637 sine
496 2561 651 2638 licencia
671 2563 753 2668 ejus
773 2563 837 2668 qui
860 2563 949 2639 dare
973 2577 1098 2667 potest
1119 2563 1172 2638 eis
1192 2561 1383 2638 licenciam
1405 2563 1579 2639 exeundi.
1600 2563 1694 2641 Item

273 2689 463 2767 confessus
483 2709 539 2768 est
564 2692 667 2797 quod
692 2689 823 2768 fratres
849 2691 1097 2768 incontinenti
1116 2707 1200 2796 post
1225 2692 1482 2796 recepcionem
1502 2718 1608 2767 suam
1629 2693 1694 2767 ha-

273 2817 411 2896 bentur
430 2848 498 2925 pro
517 2820 705 2926 professis.
727 2823 819 2898 ltem
840 2820 1030 2899 confessus
1046 2838 1102 2897 est
1115 2821 1218 2925 quod
1239 2821 1278 2895 in
1298 2821 1518 2924 recepcione
1538 2847 1693 2899 suorum
1721 2834 1724 2840 ’

272 2948 429 3026 fratrum
449 2950 543 3027 nulli
557 2968 644 3027 sunt
663 2951 733 3029 nisi
753 2949 886 3028 fratres
904 2950 992 3027 dicti
1013 2950 1172 3039 ordinis,
1190 2966 1228 3026 et
1247 2950 1352 3054 quod
1371 2976 1502 3025 eorum
1525 2952 1693 3055 recepcio

272 3108 346 3157 non
364 3081 406 3156 lit
426 3081 497 3159 nisi
517 3082 555 3157 in
575 3081 737 3187 capitulo
758 3098 797 3158 et
815 3082 853 3157 in
871 3081 1064 3187 presencia
1084 3078 1241 3156 fratrum
1262 3078 1334 3156 loci
1356 3079 1395 3153 in
1413 3107 1490 3185 quo
1510 3080 1696 3185 recipiun-

272 3228 345 3298 tur,
363 3227 400 3286 et
414 3210 547 3288 clausis
553 3211 678 3318 januis
694 3212 862 3318 ejusdem
878 3211 962 3288 loci.
980 3210 1112 3289 Cetera
1124 3226 1299 3286 contenta
1315 3209 1485 3287 universa
1502 3211 1693 3316 etsingula

273 3341 310 3415 in
329 3341 417 3445 ipsis
438 3341 601 3418 articulis
622 3342 772 3447 negavit.
788 3370 867 3419 esse
887 3370 983 3418 vera.

329 3469 385 3545 Ad
404 3470 556 3550 al--xlv
569 3472 741 3549 articulos
756 3471 931 3548 inclusive
949 3472 1195 3576 interrogatus
1210 3470 1441 3574 singulariter
1456 3487 1492 3545 et
1508 3469 1694 3573 sigillatim

272 3628 383 3705 super
402 3602 491 3706 ipsis
505 3601 684 3689 articulis,
706 3601 969 3706 negarit-ipsos
986 3599 1161 3675 articulos
1181 3616 1218 3673 et
1242 3600 1367 3675 omnia
1387 3616 1425 3674 et
1443 3597 1586 3702 singula
1606 3627 1693 3674 con-

272 3746 370 3819 tenta
392 3731 429 3804 in
450 3731 503 3805 eis
521 3758 604 3805 vera
624 3758 715 3805 esse.
1128 3832 1137 3838 -

328 3858 386 3936 Ad
405 3859 571 3938 xlvi-et
586 3859 686 3937 lanu
705 3858 878 3935 articulos
898 3857 1072 3934 inclusive
1093 3854 1291 3964 diligenter
1309 3857 1551 3962 interrogatus
1570 3858 1694 3962 singu-

272 3988 396 4065 lariter
405 3989 588 4095 sigillatim
600 4018 711 4096 super
730 3988 901 4096 singulis,
923 3990 1068 4096 negavit
1083 3989 1181 4096 ipsos
1200 4006 1239 4065 et
1254 3989 1378 4065 omnia
1398 4005 1436 4064 et
1450 3986 1592 4093 singula
1607 4016 1693 4065 con-

272 4136 371 4196 tenta
401 4120 440 4196 in
460 4121 514 4197 eis
544 4149 627 4198 vera
657 4150 754 4208 esse,
786 4120 884 4198 salvo
910 4138 947 4199 et
975 4137 1127 4227 excepto
1156 4120 1261 4225 quod
1291 4117 1479 4196 confessus
1507 4120 1693 4226 estquod

273 4250 476 4356 injungitur
501 4251 589 4357 ipsis
608 4250 781 4328 lrauibua
809 4252 847 4327 in
874 4280 939 4328 sua
963 4251 1179 4357 recepcione
1210 4249 1313 4355 quod
1339 4265 1521 4356 perpetuo
1545 4266 1693 4355 portent

274 4382 497 4457 incessanter
518 4381 663 4487 cingula
685 4382 759 4457 sive
780 4381 949 4458 cordulas
978 4381 1094 4457 lineas
1120 4380 1195 4457 sive
1223 4379 1346 4459 laneas
1367 4409 1480 4487 super
1502 4379 1690 4456 camisiam

273 4510 319 4585 ad
347 4510 616 4616 designandum
637 4511 851 4589 castitatem.
874 4512 1024 4617 Negavit
1048 4528 1172 4588 tamen
1200 4510 1303 4617 quod
1323 4510 1370 4587 de
1399 4511 1507 4587 dictis
1531 4508 1692 4587 cordulis

273 4670 339 4718 seu
359 4641 515 4748 cingulis
533 4670 609 4719 non
637 4643 919 4750 cingtmturseu
941 4659 1143 4749 tanguntur
1171 4642 1287 4749 capita
1306 4641 1503 4749 ydolorum
1521 4669 1590 4717 nec
1608 4668 1692 4746 pars

271 4772 391 4878 aliqua
412 4773 647 4851 eorumdem.
670 4776 761 4849 ltem
785 4771 971 4850 confessus
990 4772 1169 4879 estquod
1188 4773 1391 4880 injungitur
1410 4772 1499 4878 ipsis
1517 4769 1692 4847 fratribus
