4230 5956
671 475 866 568 procus
893 496 989 567 nus
1016 496 1317 568 TEMPLIERS.
1632 499 1703 572 1227

284 636 479 743 gordiano,
502 648 540 711 et
559 628 765 712 Guillelmo
793 636 971 712 Brandini
997 636 1141 712 ordinis
1159 634 1315 712 fratrum
1338 636 1526 712 Minorum
1548 666 1707 717 conven-

285 786 391 842 tuum
413 764 500 842 ville
519 765 729 870 Perpiniani
749 783 876 843 nostre
901 765 1073 843 Elnensis
1100 767 1277 855 diocesis,
1312 793 1424 872 super
1456 771 1641 845 contentis
1666 772 1705 846 in

284 897 392 976 dictis
401 896 599 1003 papalibus
609 896 743 973 litteris
758 914 796 973 et
807 896 973 975 articulis
987 897 1135 973 insertis
1146 898 1185 972 in
1197 898 1250 974 eis
1260 896 1505 1004 perhibituri,
1519 896 1653 974 dicturi
1667 918 1706 977 et
1834 927 1837 933 ’

285 1027 499 1136 responsuri
518 1055 660 1104 meram
674 1045 712 1104 et
726 1052 857 1134 puram
870 1056 982 1134 quam
999 1028 1169 1105 noverint
1183 1028 1389 1105 veritatem.
1403 1028 1459 1103 De
1475 1020 1572 1105 dicta
1588 1029 1704 1105 eciam

286 1159 463 1236 citacione
478 1158 654 1235 canonice
665 1157 848 1246 facienda,
871 1186 957 1235 cum
971 1185 1038 1265 per
1051 1187 1116 1235 vos
1131 1157 1225 1236 facta
1241 1158 1371 1245 luerit,
1387 1156 1527 1234 faciatis
1543 1157 1624 1235 lieri
1639 1187 1706 1263 pu-

285 1287 429 1364 blicum
450 1289 752 1365 instrumentum.
773 1291 912 1365 Datum
931 1289 1030 1394 apud
1044 1305 1204 1365 castmm
1222 1289 1271 1364 de
1285 1289 1452 1379 Trulars,
1468 1315 1527 1365 xrx
1537 1287 1706 1364 kalendis

286 1417 478 1504 februarii,
500 1445 598 1494 anno
617 1417 769 1494 Domini
791 1416 991 1496 millesimo
1012 1433 1092 1495 ccc⁰
1110 1445 1222 1495 nono.

341 1676 398 1749 De
413 1702 486 1779 qua
497 1675 654 1780 quidem
668 1677 848 1752 citacione
864 1675 957 1752 lacta
972 1704 1040 1783 per
1054 1677 1198 1753 dictum
1210 1675 1407 1753 officialem
1419 1676 1523 1753 idem
1538 1674 1705 1752 officialis

285 1805 372 1881 fecit
387 1803 470 1880 fieri
489 1804 683 1909 publicum
703 1807 995 1884 instrumentum
1014 1806 1083 1883 sub
1103 1825 1236 1884 tenore
1255 1808 1321 1912 qui
1341 1806 1526 1911 sequiturt

341 1935 519 2012 Noverint
531 1936 694 2012 universi
714 1936 818 2041 quod
831 1938 984 2014 veniens
994 1938 1177 2014 discretus
1191 1938 1245 2012 vir
1255 1935 1417 2013 lacobus
1431 1936 1614 2014 Martinus
1629 1936 1707 2012 olli-

203 2116 206 2123 -
287 2066 389 2141 cialis
409 2065 598 2156 Elnensis,
614 2067 662 2143 ad
679 2067 835 2144 domum
856 2067 975 2144 Mansi
989 2068 1059 2144 Dei
1081 2067 1220 2144 milicie
1233 2066 1384 2174 Templi
1402 2067 1560 2145 diocesis
1575 2068 1707 2145 Elaen-

285 2197 350 2284 sis‚
372 2214 408 2273 et
423 2197 462 2271 in
483 2196 614 2273 eadem
637 2197 754 2275 domo·
772 2198 946 2289 existens,
967 2199 1090 2275 vocari
1108 2197 1197 2276 lecit
1211 2198 1258 2274 ad
1278 2227 1316 2274 se
1334 2224 1466 2274 omnes
1484 2215 1522 2274 et
1540 2198 1706 2305 singulos

284 2324 415 2403 fratres
432 2326 470 2401 in
486 2326 618 2404 eadem
630 2327 746 2405 domo
760 2345 899 2434 captos,
919 2344 958 2404 et
969 2329 1142 2406 detentos
1152 2330 1192 2405 in
1206 2327 1360 2405 ecclesia
1375 2356 1441 2404 seu
1458 2328 1596 2434 capella
1607 2330 1706 2435 ejus-

286 2457 373 2532 dem
390 2456 537 2533 domus.
558 2458 605 2533 Et
624 2456 732 2535 dictis
750 2456 928 2536 fratribus
946 2457 1040 2537 inibi
1057 2459 1301 2566 congregatis,
1317 2458 1610 2536 idemdominus
1622 2457 1706 2535 olli-

286 2586 387 2662 cialis
407 2587 460 2661 eis
478 2586 551 2694 legi
570 2586 673 2675 fecit,
695 2616 762 2693 per
781 2617 842 2665 me
863 2590 1050 2666 notarium
1071 2588 1363 2694 infrascriptum,
1389 2589 1589 2694 quamdam
1612 2589 1707 2664 litte-

284 2744 363 2791 ram
377 2717 570 2793 reverendi
585 2718 625 2792 in
644 2718 796 2797 Christo
813 2718 928 2825 patris
942 2718 1091 2795 domini
1105 2720 1314 2826 Raymundi
1324 2719 1395 2796 Dei
1406 2718 1525 2825 gracia
1535 2718 1707 2794 Elnensis

287 2846 468 2952 episcopi,
491 2846 613 2954 sigillo
634 2847 804 2953 ejusdem
819 2849 859 2924 in
880 2847 996 2926 dorso
1018 2848 1231 2955 sigillatam,
1255 2849 1362 2955 cujus
1379 2846 1500 2923 forma
1519 2846 1604 2922 talis
1624 2864 1703 2924 est:

287 2974 557 3082 «Raymunclus
587 2978 829 3055 miseracione
860 2978 984 3055 divina
1012 2978 1184 3055 Elnensis
1213 2979 1428 3084 episcopus,
1457 2993 1633 3053 executor
1659 2978 1706 3051 ad

285 3104 513 3211 infrascripta
529 3107 662 3184 aSede
681 3107 881 3214 apostolica
897 3109 1111 3215 deputatus,
1131 3107 1293 3184 discreto
1306 3109 1385 3184 viro
1401 3106 1539 3184 lacobo
1555 3106 1704 3183 Martini

286 3234 433 3310 officiali
449 3253 578 3314 nostro
598 3239 749 3316 lllnensi
768 3238 928 3316 salutem
946 3240 986 3315 in
1003 3240 1169 3315 Domino
1186 3239 1470 3345 sempiternam,
1493 3254 1580 3327 etc,
1598 3252 1635 3313 ut
1648 3266 1706 3312 su-

283 3393 360 3466 pro.
377 3401 389 3431 n
406 3365 634 3444 Auctoritate
650 3370 756 3476 cujus
769 3364 892 3447 littere
907 3370 1011 3446 idem
1024 3367 1193 3446 officialis
1210 3369 1337 3445 citavit
1348 3396 1478 3446 omncs
1491 3385 1529 3444 et
1539 3367 1707 3474 singulos

286 3511 444 3572 astantes
458 3496 551 3572 inibi
569 3515 606 3572 et
619 3517 827 3603 presentes,
847 3500 942 3576 sicut
957 3516 994 3576 et
1007 3528 1122 3605 super
1135 3501 1210 3576 hiis
1224 3526 1299 3603 quc
1314 3498 1462 3574 indicta
1478 3497 1603 3573 littera
1618 3526 1708 3573 con-

286 3625 462 3701 tinentur.
478 3627 535 3703 De
550 3627 689 3732 quibus
701 3628 848 3734 [quidem
860 3629 1054 3735 citocalone
1069 3645 1107 3705 et
1124 3628 1301 3705 omnibus
1318 3628 1399 3704 aliis
1417 3644 1457 3704 et
1475 3624 1631 3730 singulis
1645 3653 1708 3701 su-

286 3755 477 3857 pradictis,
496 3755 598 3835 idem
609 3756 980 3835 officialis-mandavit
989 3787 1058 3864 per
1068 3788 1128 3834 me
1139 3758 1325 3835 notarium
1338 3756 1613 3860 infrascriptum
1625 3753 1707 3829 lieri

287 3883 480 3985 publicum
501 3882 815 3979 instrumentum,
825 3887 931 3992 quod
949 3886 1022 3964 fuit
1038 3886 1176 3964 lactum
1199 3886 1237 3962 in
1256 3886 1364 3964 dictis
1383 3884 1524 3991 capella
1537 3900 1576 3960 et
1591 3884 1707 3961 domo

287 4012 407 4088 Mansi
422 4013 510 4100 Dei,
527 4040 585 4090 xix
600 4015 775 4095 kalendas
790 4015 984 4106 februarii,
1000 4046 1099 4095 anno
1114 4018 1269 4094 Domini
1284 4016 1487 4094 millesimo
1498 4018 1579 4092 ccc⁰
1590 4042 1705 4093 nono.

265 4132 329 4216 'ln
349 4138 575 4248 [presenciol]
605 4161 644 4220 et
666 4147 883 4224 testimonio
903 4149 1085 4224 lobannis
1111 4148 1159 4224 de
1182 4146 1392 4237 llillaclare,
1414 4146 1624 4252 Rayrmmdi
1645 4146 1708 4222 Sa-

221 4268 226 4275 ’
288 4270 371 4346 vine
391 4288 429 4346 et
445 4273 655 4378 Raymundi
675 4276 804 4382 Troyn
824 4277 870 4353 de
890 4276 1129 4382 Perpiniano,
1150 4272 1282 4353 et'mci
1302 4276 1401 4375 Petri
1422 4274 1607 4382 &plaudi
1626 4273 1710 4381 [cle-

289 4399 390 4506 n'ci?]
417 4403 552 4477 notarii
577 4403 718 4509 publici
744 4406 834 4482 dicti
850 4407 1006 4483 demini
1042 4403 1222 4512 episcopi,
1245 4408 1312 4511 qui
1335 4402 1513 4513 predictis
1530 4404 1709 4483 omnibus

288 4530 459 4619 interfui,
474 4523 562 4611 etca
578 4537 705 4611 omnia
725 4538 870 4643 scripsi,
891 4538 981 4614 etin
993 4536 1152 4615 formam
1168 4536 1356 4644 publicam
1377 4535 1523 4645 redegi,
1544 4552 1582 4611 et
1601 4536 1708 4643 signo

291 4658 375 4765 [mco
395 4662 578 4770 siqaaoi?]‚
