4230 5956
724 468 917 559 Procas
942 485 1039 559 nas
1064 485 1366 559 rnurmnns.
1678 494 1752 567 aas

337 630 394 708 vel
408 646 700 717 tormentorum,
718 627 880 732 aliquam
895 627 1029 703 dixerit
1044 627 1237 704 salsitatem
1247 627 1302 702 rel
1314 626 1755 737 immiscueritindeposi-

337 763 534 847 cionesua,
547 758 638 836 dixit
647 786 714 864 per
718 758 970 865 juramentum
977 786 1088 834 suum
1098 758 1201 864 quod
1216 784 1308 845 non3
1325 757 1441 832 immo
1452 756 1753 837 dixitveritatem.

392 1022 484 1096 ltem
508 1020 619 1096 frater
641 1020 850 1124 Stephanus
880 1018 927 1095 de
957 1018 1123 1095 Domont
1153 1018 1241 1095 dicti
1262 1017 1419 1105 ordinis,
1447 1018 1554 1094 etatis
1573 1019 1756 1125 quinqua-

336 1150 435 1256 ginta
456 1177 658 1237 annmum,
689 1150 835 1254 juratus
861 1150 996 1226 eodem
1020 1148 1135 1225 modo
1159 1166 1196 1223 et
1222 1148 1423 1253 requisitus
1452 1147 1499 1225 de
1524 1166 1693 1253 tempore
1720 1167 1756 1226 et

337 1280 450 1357 modo
464 1307 529 1355 sue
543 1278 784 1384 recepcionis‚
808 1280 899 1356 dixit
913 1306 982 1384 per
991 1278 1246 1384 juramentum
1267 1306 1377 1355 suum
1397 1277 1500 1383 quod
1519 1278 1598 1384 ipse
1614 1278 1685 1357 tuit
1698 1308 1757 1356 re·

338 1427 465 1515 ceptus
480 1408 580 1515 apud
593 1408 772 1486 Castelier
784 1410 823 1484 in
834 1407 1087 1497 Viromandis,
1105 1409 1233 1515 viginti
1249 1409 1333 1484 anni
1348 1424 1432 1484 sunt
1444 1407 1556 1513 elapsi
1572 1408 1753 1498 velcirca,

336 1565 403 1643 per
421 1537 572 1614 fratrem
601 1538 810 1615 lohannem
838 1538 885 1615 de
917 1536 1146 1616 Maimbressi
1173 1537 1329 1613 militem
1357 1536 1444 1614 dicti
1474 1539 1628 1615 ordinis.
1656 1539 1758 1616 Dixit

338 1670 452 1746 eciam
467 1695 535 1774 per
543 1668 800 1774 juramentum
810 1654 919 1746 suum
934 1668 1055 1773 quod,
1067 1685 1152 1773 post
1166 1667 1300 1744 multas
1313 1668 1580 1773 promissiones
1595 1668 1684 1745 dicti
1696 1697 1757 1745 or-

337 1798 454 1887 dinis,
473 1798 593 1876 dietus
613 1799 795 1903 recipiens
806 1800 972 1904 precepit
987 1797 1057 1875 sibi
1080 1815 1117 1874 et
1136 1798 1294 1902 injunxit
1309 1797 1413 1902 quod
1430 1799 1584 1873 omnino
1603 1797 1758 1875 abstine

338 1948 394 2005 ret
417 1958 456 2006 se
476 1957 497 2004 a
515 1928 753 2016 mulieribus,
781 1946 819 2005 et
838 1929 953 2034 quod,
980 1929 1010 2003 si
1039 1927 1138 2003 calor
1157 1926 1333 2003 naturalis
1352 1942 1516 2001 moveret
1536 1954 1638 2015 eum,
1656 1955 1757 2004 com·

338 2058 509 2134 misceret
528 2085 567 2133 se
588 2086 673 2133 cum
694 2056 869 2133 fratribus
894 2056 980 2134 suis.
1008 2056 1110 2132 Dixit
1144 2055 1260 2131 eciam
1284 2083 1352 2160 per
1372 2056 1627 2162 juramentum
1647 2085 1756 2135 suum

338 2186 442 2294 quod
461 2187 582 2264 dictus
594 2187 777 2292 recipiens
793 2184 955 2263 ostendit
973 2185 1043 2262 sibi
1057 2184 1258 2291 quamdam
1279 2192 1425 2261 crucem
1441 2186 1479 2260 in
1494 2186 1658 2291 quodam
1676 2188 1760 2264 mis-

339 2318 403 2393 sali
424 2319 462 2393 in
482 2346 554 2423 qua
575 2334 652 2393 erat
665 2345 798 2424 ymago
815 2316 930 2393 lhesu
947 2315 1101 2404 Christi,
1120 2334 1157 2392 et
1170 2317 1258 2394 fecit
1277 2344 1363 2392 eum
1382 2335 1439 2392 ter
1453 2345 1585 2422 negare
1603 2318 1757 2395 Jhesum

338 2447 543 2536 Christum,
557 2465 594 2523 et
605 2474 738 2553 spuere
751 2465 809 2524 ter
819 2474 929 2551 supra
941 2446 1163 2552 ymaginem.
1179 2449 1428 2552 Interrogatus
1445 2446 1491 2523 de
1506 2447 1649 2555 osculo,
1667 2448 1760 2524 dixit

339 2604 405 2681 per
418 2578 672 2684 juramentum
701 2604 809 2653 suum
835 2573 938 2681 quod
957 2575 1142 2652 osculatus
1169 2575 1241 2653 tuit
1258 2603 1346 2652 eum
1377 2577 1417 2652 in
1436 2575 1510 2653 fine
1530 2576 1636 2682 spine
1657 2576 1758 2653 dorsi

339 2724 376 2782 et
395 2707 433 2782 in
453 2706 645 2784 umbilico.
664 2707 766 2783 Dixit
785 2707 903 2783 eciam
924 2734 992 2810 per
1005 2706 1260 2811 juramentum
1279 2734 1390 2783 sunm
1411 2706 1514 2812 quod
1532 2705 1625 2781 vidit
1643 2707 1758 2810 recipi

339 2837 539 2941 quemdam
549 2836 698 2913 fratrem
711 2853 881 2914 vocatum
890 2834 1115 2924 Robertum,
1131 2852 1305 2940 nepotem
1317 2833 1437 2911 fratris
1449 2835 1576 2913 Garini
1586 2834 1633 2912 de
1647 2834 1761 2913 Gran·

340 2966 511 3055 divillari,
540 2984 576 3043 et
597 2966 688 3044 dixit
711 2996 778 3072 per
792 2968 1048 3073 juramentum
1068 2994 1178 3041 suum
1196 2967 1301 3071 quod
1321 2966 1456 3043 eodem
1475 2946 1590 3043 modo
1611 2966 1681 3042 fuit
1699 2994 1759 3042 re-

339 3113 467 3201 ceptus
488 3124 556 3200 per
574 3096 793 3172 avunculum
817 3095 1030 3202 predictum
1054 3095 1205 3171 fratrem
1225 3095 1417 3173 Garinum.
1439 3095 1653 3201 Requisitus
1669 3108 1760 3201 qua-

339 3225 425 3301 liter
449 3225 518 3301 scit
544 3225 647 3331 quod
672 3227 721 3301 ita
748 3225 819 3302 luit
837 3242 1024 3331 receptus,
1057 3225 1148 3301 dixit
1174 3226 1276 3330 quod
1304 3204 1568 3329 presenserat,
1600 3243 1637 3300 et
1654 3224 1757 3301 vidit.

341 3355 551 3459 Requisitus
580 3372 706 3431 utrum
724 3356 775 3444 vi,
806 3353 865 3432 vel
895 3372 999 3432 metu
1023 3355 1179 3432 carceris
1201 3355 1259 3430 vel
1278 3370 1567 3441 tormentorum,
1598 3353 1759 3461 aliquam

277 3462 280 3466 Δ
340 3485 473 3560 dixerit
491 3485 683 3562 falsitatem
704 3485 761 3563 vel
780 3485 1026 3563 immiscuerit
1046 3487 1084 3561 in
1105 3486 1342 3590 deposicione
1363 3514 1444 3574 sua,
1468 3485 1558 3560 dixit
1575 3512 1643 3589 per
1655 3485 1760 3590 jura-

341 3631 507 3691 mentum
528 3644 636 3691 suum
652 3615 758 3720 quod
772 3643 870 3704 non3
887 3617 1004 3692 immo
1025 3616 1117 3691 dixit
1129 3617 1333 3692 veritatem.

396 3878 488 3951 ltem
513 3873 626 3950 frater
644 3874 853 3952 Bemardus
878 3875 925 3951 de
956 3875 1114 3951 Parisius
1139 3873 1331 3980 presbyter
1357 3874 1449 3951 dicti
1471 3873 1627 3963 ordinis,
1655 3875 1760 3950 etatis

341 4004 606 4110 quinquaginta
625 4032 823 4092 annorum,
842 4003 990 4110 juratus
1017 4003 1151 4080 eodem
1173 4003 1286 4080 modo
1312 4021 1349 4079 et
1374 4003 1576 4108 requisitus
1596 4001 1643 4079 de
1665 4020 1761 4081 tem-

340 4156 432 4233 pore
452 4149 489 4208 et
508 4131 623 4208 modo
637 4160 704 4208 sue
725 4133 968 4239 recepcionis,
988 4133 1078 4208 dixit
1092 4160 1160 4236 per
1168 4134 1424 4239 juramentum
1440 4161 1549 4210 suum
1567 4134 1670 4240 quod
1689 4135 1761 4212 luit

341 4277 512 4366 receptus
531 4263 629 4366 apud
645 4262 896 4368 Latigniacum
916 4263 1081 4350 Siccum,
1101 4289 1170 4367 per
1186 4261 1337 4337 fratrem
1355 4261 1593 4368 Radulphum
1614 4264 1660 4340 de
1681 4263 1760 4343 Gisi

343 4390 431 4465 dicti
461 4390 620 4478 ordinis,
641 4408 871 4497 receptorem
891 4392 1107 4497 Campania,
1129 4392 1167 4466 in
1187 4392 1390 4497 septimana
1410 4411 1494 4499 post
1516 4394 1670 4471 Cineres
1694 4394 1762 4470 erit

342 4545 475 4606 annus,
490 4521 723 4626 presentibus
737 4520 849 4598 fratre
858 4523 970 4599 Petro
982 4521 1029 4598 de
1040 4522 1142 4599 Sivre
1155 4521 1271 4599 milite
1283 4522 1372 4600 dicti
1384 4525 1538 4614 ordinis,
1552 4542 1588 4601 et
1598 4526 1761 4631 quodam

343 4649 531 4755 capellano
544 4668 671 4729 vocato
690 4651 800 4728 fratre
818 4653 937 4729 Petro.
954 4652 1058 4731 Dixit
1069 4653 1186 4728 eciam
1196 4681 1263 4757 per
1272 4654 1526 4759 juramentum
1538 4683 1648 4731 suum
1659 4654 1761 4762 quod

344 4781 582 4886 recipientem
604 4782 789 4859 osculatus
810 4781 880 4858 suit
904 4783 942 4857 in
963 4782 1156 4872 umbilico;
1179 4802 1216 4860 et
1235 4802 1360 4889 postea
1383 4786 1474 4862 dixit
1492 4816 1560 4893 per
1573 4786 1762 4893 juramen-

1526 4938 1576 5001 tr.
