4230 5956
347 503 395 575 aa
739 454 1051 579 rnoctsnes
1078 506 1376 580 renarrans.

345 647 468 724 luerat
496 644 780 752 recepcionibus
809 648 970 725 aliorum
1000 674 1070 722 nec
1107 647 1278 753 capitulis
1310 674 1460 737 eorum,
1496 647 1599 723 unde
1632 651 1774 726 nescie-

344 777 428 866 bat,
453 807 524 854 nec
543 775 736 866 credebat,
756 805 826 855 nec
843 778 1033 855 audiverat
1052 778 1127 854 dici
1145 778 1193 856 de
1211 779 1397 856 contentis
1419 779 1458 855 in
1481 778 1590 856 dictis
1606 780 1773 874 articulis

346 909 417 987 nisi
444 910 549 1015 quod
577 907 758 1014 sequitur.
790 908 895 986 Dixit
922 909 1024 984 enim
1050 909 1155 1014 quod
1182 908 1298 986 frater
1327 908 1514 987 bobertus
1541 909 1589 984 de
1616 910 1771 989 Belvaco

345 1040 764 1146 quondam‚preccptor
774 1054 866 1118 tunc
876 1037 1028 1153 ballivig
1039 1039 1086 1116 de
1096 1040 1472 1146 Pontivo,rccepcrat
1480 1041 1605 1145 ipsum
1616 1057 1769 1130 testem,

345 1171 407 1248 die
437 1171 564 1264 Martis
591 1188 676 1248 ante
704 1169 842 1248 festum
874 1170 1060 1249 Omnimtr
1090 1172 1316 1249 Sanctorum
1344 1171 1515 1280 proximo
1545 1173 1768 1278 preteritum

344 1303 499 1378 fuerunt
517 1329 580 1378 sex
594 1301 760 1391 anni,·in
775 1299 917 1409 capella
935 1301 1073 1378 domus
1090 1302 1241 1409 Templi
1258 1303 1305 1381 de
1320 1303 1526 1380 Somorens
1539 1302 1772 1380 Belvacensis
1852 1339 1856 1345 ·

344 1432 525 1537 diocesis,
557 1431 798 1541 presentibus
828 1431 1005 1509 iratribus
1036 1431 1192 1510 Alberto
1225 1433 1272 1509 de
1305 1433 1506 1513 Grumenil
1536 1432 1769 1538 presbitero,

343 1563 527 1641 avunculo
545 1563 664 1668 ipsius
681 1563 807 1653 testis,
824 1562 1030 1642 Guillelmo
1046 1563 1148 1641 dicto
1168 1562 1334 1670 Anganz,
1357 1581 1394 1641 et
1412 1564 1550 1641 Jacobo
1565 1565 1769 1673 Burgondo

343 1694 609 1787 servientibus,
636 1693 857 1786 dellunctis,
879 1694 918 1771 in
935 1694 1048 1771 'hunc
1067 1694 1250 1772 modum:
1270 1724 1358 1771 nam
1373 1719 1477 1782 cum,
1499 1695 1703 1772 instructus
1723 1696 1770 1772 ab

341 1827 440 1914 aliis,
461 1826 635 1932 peciisset
653 1852 790 1932 panem
808 1842 845 1902 et
865 1853 1001 1931 aquam
1021 1825 1166 1903 ordinis
1185 1827 1380 1917 instanter,
1401 1844 1440 1934 et
1454 1822 1619 1903 finaliter
1631 1827 1664 1902 ei
1682 1856 1768 1904 con-

340 1956 524 2045 cessisset,
542 1955 699 2062 prestito
717 1957 764 2033 ab
785 1983 830 2032 eo
850 1984 919 2062 per
933 1956 1191 2063 juramentum
1205 1959 1318 2065 'quod
1338 1985 1415 2036 non
1432 1976 1511 2034 erat
1525 1957 1666 2034 servilis
1683 1986 1770 2035 con-

342 2087 515 2174 dicionis,
544 2115 615 2163 uec
640 2085 747 2163 alteri
776 2085 951 2193 religioni
979 2114 1049 2164 nec
1078 2088 1216 2175 debitis
1241 2090 1347 2196 quod
1366 2090 1509 2168 solvere
1540 2118 1616 2165 non
1643 2108 1770 2195 posset

323 2202 546 2326 obligatus,
577 2245 648 2294 nec
672 2216 838 2295 babebat
863 2217 1020 2324 aliquod
1040 2220 1374 2324 impedimentum,
1405 2222 1494 2296 lecit
1518 2249 1607 2296 eum
1636 2248 1768 2297 vovere

342 2367 379 2427 et
396 2352 525 2457 jurare
547 2377 659 2454 super
682 2347 888 2455 quemdam
918 2347 1059 2424 librum
1088 2349 1312 2439 castitatem,
1340 2348 1618 2436 obedienciam,
1646 2351 1769 2427 vivere

341 2482 420 2558 sine
436 2481 608 2588 proprio,
632 2498 668 2558 et
684 2480 790 2588 quod
801 2479 948 2586 juvaret
963 2506 1032 2584 pro
1050 2505 1158 2583 posse
1175 2505 1243 2554 suo
1260 2478 1308 2554 ad
1326 2476 1596 2583 acquirendum
1611 2478 1767 2553 Terram

341 2615 528 2692 Sanctam.
543 2613 631 2707 Post
644 2641 717 2719 que
730 2609 912 2718 imposuit
927 2608 962 2685 ei
975 2607 1219 2698 mantellum,
1242 2608 1371 2715 etipse
1386 2624 1424 2685 et
1437 2624 1598 2684 astantes
1612 2608 1767 2685 osculati

340 2744 495 2823 luenmt
506 2746 748 2843 ¹eum'inoro.
770 2741 920 2821 Deinde
939 2739 1053 2817 traxit'
1071 2740 1195 2845 ipsum
1216 2757 1353 2817 testem
1372 2767 1501 2817 versus
1518 2738 1649 2830 altare,
1661 2740 1769 2846 juxta

340 2879 445 2981 quod
466 2856 728 2980 erat-quedam
745 2902 835 2952 crux
854 2857 993 2960 erecta,
1016 2871 1127 2947 certis
1146 2869 1327 2949 iratribus
1347 2868 1680 2949 deambulantibus
1698 2901 1768 2977 per

268 3090 271 3095 ,
342 3006 539 3111 capellam,
567 3022 605 3083 et
623 3006 792 3111 precepit
813 3005 847 3081 ei
871 3003 980 3109 quod
1005 3002 1207 3109 abnegaret
1226 3000 1336 3081 illum
1358 3004 1423 3109 qui
1440 3002 1768 3108 representabatur

340 3164 408 3241 per
423 3135 869 3243 imaginem-existentem
892 3134 932 3211 in
957 3135 1198 3223 dictacmce3
1220 3151 1364 3211 etcum
1387 3116 1467 3241 ipse
1490 3133 1596 3243 testis
1620 3161 1768 3239 respon-

342 3266 457 3346 disset
477 3267 583 3374 quod
603 3266 681 3347 boc
701 3265 810 3343 nullo
836 3264 952 3343 modo
979 3263 1132 3354 laceret,
1164 3264 1258 3343 dixit
1281 3265 1316 3341 ei
1343 3264 1448 3371 quod
1473 3262 1547 3347 hoc
1570 3264 1768 3368 oportebat
1879 3347 1891 3356 ,

341 3424 429 3475 eum
441 3399 580 3485 facere,
591 3398 679 3506 quia
697 3413 777 3476 erat
791 3397 839 3475 de
855 3397 1007 3503 punctis
1021 3396 1182 3485 ordinis,
1198 3397 1279 3473 etsi
1296 3424 1375 3472 non
1391 3393 1546 3481 laceret,
1562 3412 1768 3500 poneretur

340 3529 381 3604 in
398 3526 466 3607 tali
485 3529 571 3607 loco
591 3531 695 3636 quod
707 3529 891 3636 gauderet
905 3529 979 3606 boc
994 3527 1115 3607 lacere
1135 3545 1338 3634 antequam
1354 3526 1448 3609 ,inde
1470 3527 1600 3614 exiret,
1621 3542 1659 3601 et
1675 3543 1767 3602 tunc

340 3661 419 3765 ipse
432 3662 538 3751 testis
552 3659 873 3769 abnegavit—illum
888 3659 955 3765 qui
969 3659 1297 3765 representabatur
1310 3686 1379 3765 per
1393 3657 1531 3735 dictam
1545 3658 1765 3763 imaginem,

247 3817 249 3820 ·
282 3769 285 3772 ’
339 3819 496 3870 ore-uon
509 3792 640 3881 corde,
659 3808 703 3870 ut
718 3791 822 3870 dixit.
839 3793 971 3872 Postea
985 3792 1154 3898 precepit
1166 3792 1201 3868 ei
1217 3789 1323 3898 qnod
1335 3806 1489 3895 spueret
1503 3817 1616 3893 supra
1630 3788 1767 3866 dictam

339 3953 505 4015 crucem,
535 3925 675 4030 etipse
701 3923 804 4030 spuit
828 3950 905 4001 non
931 3949 1044 4028 supra
1069 3924 1139 4000 sed
1159 3924 1276 4031 juxta.
1300 3920 1447 4000 Deinde
1472 3920 1639 4026 precepit
1662 3921 1767 4023 quod

339 4056 572 4139 oscularetur
596 4083 686 4133 eum
708 4055 749 4133 in
769 4081 858 4143 ano,
891 4070 929 4129 et
948 4082 1036 4131 cum
1055 4054 1134 4161 ipse
1158 4054 1265 4131 testis
1289 4051 1409 4129 nollet
1429 4050 1502 4127 boc
1520 4048 1658 4139 lacere,
1682 4077 1768 4154 pre-

339 4186 436 4290 cepit
452 4185 556 4290 quod
573 4184 805 4262 oscularetur
819 4213 909 4261 eum
925 4184 1055 4262 saltem
1070 4186 1109 4262 in
1119 4184 1303 4263 umbilico
1316 4210 1429 4289 super
1441 4210 1590 4258 carnem
1605 4181 1764 4271 nudam,

338 4332 376 4393 et
401 4313 475 4392 luit
494 4344 582 4392 eum
606 4315 659 4394 ibi
683 4315 891 4404 osculatum
921 4316 1091 4423 precepit
1111 4317 1229 4395 eciam
1250 4315 1284 4392 ei
1309 4312 1414 4420 quod
1435 4311 1603 4420 predicta
1623 4312 1766 4388 nemini

337 4448 529 4526 revelaret.
556 4443 660 4541 Dixit
686 4447 805 4523 eciam
828 4448 863 4523 ei
895 4449 1001 4550 quod
1026 4447 1222 4559 carnaliter
1248 4463 1396 4553 poterat
1422 4444 1657 4523 commisceri
1686 4443 1767 4520 aliis

337 4575 514 4654 iratribus
538 4575 702 4663 ordinis3
728 4575 803 4650 hoc
828 4591 958 4649 tamen
991 4603 1069 4651 non
1096 4575 1199 4664 lecit,
1226 4606 1297 4653 nec
1324 4575 1444 4652 credit
1471 4576 1576 4681 quod
1598 4573 1767 4681 predicta

338 4702 468 4782 illicita
486 4706 546 4781 vel
566 4705 636 4782 alia
656 4705 854 4783 inhonesta
874 4720 1049 4780 contenta
1068 4706 1108 4781 in
1124 4707 1289 4784 articrdis
1304 4705 1576 4783 intervenirent
1592 4707 1631 4782 in
1645 4731 1768 4811 recep

340 4835 511 4914 cionibus
537 4835 699 4913 aliorum
727 4862 796 4912 nec
821 4852 928 4940 post,
964 4835 1052 4942 quia
1081 4865 1278 4943 nunquam
1308 4836 1418 4927 vidit,
1449 4866 1519 4915 nec
1545 4837 1671 4930 scivit,
1697 4864 1766 4913 nec
