4268 5946
641 466 837 558 ruocns
864 485 961 559 nus
988 485 1291 558 rnurnrnns.
1621 414 1674 561 ir

252 626 488 733 tempestive,
506 642 662 732 propter
674 626 831 733 negocia
850 627 1105 719 occurrencia,
1123 643 1161 705 et
1175 624 1295 703 credit
1308 625 1414 734 quod
1429 626 1599 705 ordinata
1612 658 1681 736 per

253 757 472 865 Magistrum
485 786 573 834 cum
585 776 773 836 conventu
783 757 943 836 luissent
952 774 1093 836 servata
1105 758 1142 834 in
1157 774 1238 835 toto
1255 756 1407 849 ordine,
1428 772 1680 864 contraquem

252 918 354 967 nunc
376 888 532 995 grandia
555 888 750 978 scandala,
778 889 941 998 suspicio
967 908 1005 967 et
1031 888 1183 967 infamia
1210 904 1299 967 sunt
1323 904 1465 978 exorta,
1491 904 1530 964 et
1553 905 1681 965 contra

253 1049 368 1127 quem
385 1020 529 1097 audivit
544 1015 617 1097 dici
633 1050 812 1131 magnum
824 1022 1045 1130 Magistrum
1061 1040 1099 1101 et
1111 1021 1205 1100 alios
1217 1020 1343 1129 aliqua
1355 1020 1471 1100 luisse
1478 1019 1678 1100 confessos.

309 1151 528 1256 Requisitus
559 1152 590 1229 si
620 1152 673 1229 sic
701 1153 928 1259 deposuerat
955 1183 1089 1261 prece,
1116 1148 1312 1260 precepto,
1342 1152 1499 1241 timore,
1528 1180 1677 1242 amore,

119 1356 122 1363 .
254 1283 358 1373 odio,
374 1282 430 1359 vel
446 1282 609 1360 comodo
621 1283 822 1389 temporali
835 1284 965 1363 habito
978 1285 1037 1363 vel
1050 1285 1245 1373 habendo,
1258 1284 1455 1390 respondit
1466 1283 1574 1391 quod
1583 1312 1677 1375 non,

253 1415 321 1491 sed
348 1444 416 1522 pro
446 1415 614 1525 veritate¹
632 1414 815 1504 dicenda;
845 1416 906 1492 cui
933 1415 1006 1492 fuit
1032 1416 1246 1523 injunctum
1271 1414 1377 1522 quod
1401 1444 1479 1492 non
1498 1414 1680 1495 revelaret

1701 304 1706 311 ·
1775 266 1814 337 ..l

1789 350 1842 391 θ’.
1886 376 1898 393 ι

254 1547 350 1625 hanc
369 1575 477 1625 suam
499 1545 782 1651 deposicionem
803 1575 1002 1653 quousque
1022 1547 1286 1625 attestaciones
1304 1545 1447 1625 suerint
1465 1546 1677 1654 publicate;
1698 1567 1700 1571 ‘
1789 1591 1795 1602 ·

255 1677 479 1755 deffensioni
500 1676 644 1756 ordinis
665 1706 704 1755 sc
725 1706 803 1756 non
822 1677 1037 1757 obtulerat.'

308 1809 399 1887 Acta
432 1806 588 1886 luerunt
616 1809 687 1885 hec
724 1809 786 1886 die
817 1825 855 1885 et
884 1807 968 1887 loco
998 1808 1195 1915 predictis,
1229 1807 1471 1917 presentibus
1502 1809 1679 1915 magistro

253 1939 413 2027 Amisio,
445 1967 505 2016 me
532 1938 789 2015 Floriamonte
814 1937 1036 2026 Dondedei,
1063 1939 1255 2015 Bernardo
1284 1936 1445 2027 Filholi,
1471 1936 1679 2017 Guillelmo

255 2069 462 2173 Radulphi,
482 2068 675 2145 Bernardo
696 2066 902 2145 Humbaldi
924 2084 962 2144 et
980 2068 1088 2175 Hugo
1109 2067 1249 2145 Nicolai
1270 2066 1424 2146 notariis
1442 2067 1649 2147 antedictis.

311 2334 400 2409 Post
426 2332 518 2419 hec,
549 2331 611 2406 die
641 2331 769 2408 Sabati
799 2332 991 2436 sequenti,
1023 2359 1097 2438 que
1123 2330 1196 2408 luit
1222 2356 1287 2409 xm
1311 2329 1402 2408 dicti
1422 2330 1562 2409 mensis
1584 2332 1681 2411 Mar-

256 2461 319 2547 cii,
349 2460 422 2537 suit
448 2459 634 2538 adductus
664 2460 713 2538 ad
739 2462 971 2568 presenciam
998 2460 1188 2542 dictorum
1216 2461 1460 2539 dominorum
1484 2452 1680 2541 Mimaten·

253 2591 304 2668 sis
324 2607 362 2667 et
387 2591 665 2671 Lemovicensis
684 2592 967 2701 episcoporum,
995 2610 1033 2671 ot
1053 2593 1305 2671 archidiaconi
1337 2592 1569 2682 Tridentini,
1598 2593 1680 2681 altis

254 2724 452 2814 excusatis,
484 2723 522 2800 in
553 2723 669 2801 domo
701 2724 869 2830 predicta
902 2724 1062 2802 fratrum
1097 2725 1309 2811 Minorum‚
1345 2722 1458 2799 frater
1494 2722 1680 2803 Robertus

253 2854 289 2932 le
316 2853 467 2933 Verrier
496 2855 661 2932 serviens
692 2856 1005 2961 Rothomagensis
1036 2855 1213 2945 diocesis,
1243 2856 1348 2933 testis
1378 2881 1492 2960 supra
1513 2853 1677 2961 juratus,

254 3003 297 3062 ut
317 2986 525 3091 deponeret
539 2985 683 3063 dictum
704 3015 833 3075 suum,
856 3014 933 3064 non
955 2987 1143 3065 defferens
1162 2984 1387 3065 mantellum
1408 2984 1568 3072 ordinis,
1590 2983 1680 3090 quia

254 3145 364 3194 suasu
395 3115 610 3222 aliquorum
643 3117 765 3224 ipsum
802 3116 996 3195 dimiserat
1034 3118 1073 3195 in
1107 3116 1268 3195 concilio
1297 3116 1484 3195 Remensi.
1511 3116 1681 3195 Postmo-
1721 3218 1728 3229 .

254 3247 347 3326 dum
372 3246 452 3323 radi
481 3244 619 3325 fecerat
645 3248 715 3325 sibi
742 3248 914 3339 barbam,
945 3277 1053 3329 xxxvi
1078 3277 1265 3328 annorum
1291 3247 1351 3326 vel
1378 3248 1489 3337 circa3
1515 3246 1581 3353 qui
1608 3246 1680 3325 luit

253 3398 481 3485 protestatus
515 3380 620 3487 quod
652 3409 729 3458 non
757 3381 923 3459 intendit
952 3381 1130 3461 recedere
1162 3410 1183 3457 a
1214 3378 1457 3487 deposicione
1487 3406 1556 3486 per
1590 3407 1679 3455 eum

252 3510 347 3588 facta
367 3542 492 3590 coram
513 3511 614 3589 dicto
637 3512 793 3591 domino
814 3512 1057 3590 Ambianensi
1079 3512 1257 3619 episcopo
1276 3511 1341 3619 qui
1362 3538 1464 3589 nunc
1479 3528 1586 3598 est,a
1603 3539 1680 3616 quo

253 3642 448 3721 absolutus
469 3661 506 3721 et
526 3643 790 3723 reconciliatus
811 3645 1013 3724 exstiterat.
1031 3644 1152 3724 Lectis
1165 3661 1292 3721 autem
1306 3659 1345 3722 et
1360 3640 1561 3750 diligenter
1576 3669 1681 3748 expo

253 3775 333 3852 sitis
363 3775 432 3852 sibi
465 3776 642 3861 omnibus
673 3795 711 3854 et
740 3776 898 3887 singulis
927 3775 1111 3865 articulis,
1139 3775 1337 3882 respondit
1357 3774 1464 3882 quod
1483 3800 1678 3878 nunquam

251 3906 394 3985 viderat
414 3907 580 4015 aliquem
602 3908 718 3986 alium
738 3910 853 4016 recipi
875 3909 914 3985 in
935 3908 1086 3997 ordine,
1107 3935 1177 3985 noe
1193 3907 1414 3985 interfuerat
1431 3931 1564 3981 eorum
1581 3900 1680 4007 capi·

251 4038 342 4114 tulis
369 4040 609 4145 generalibus
634 4069 703 4118 nec
732 4041 883 4118 aliis-in
911 4038 1053 4147 quibus
1084 4038 1209 4144 aliqua
1239 4054 1380 4115 secreta
1408 4048 1675 4122 tractarentur;

251 4168 354 4243 unde
385 4170 591 4258 nesciebat,
624 4200 694 4247 nec
721 4170 914 4248 audiverat
945 4169 1040 4255 dici,
1071 4197 1140 4243 nec
1168 4163 1346 4241 credebat
1364 4164 1413 4243 de
1432 4164 1618 4242 contentis
1637 4163 1678 4240 in

253 4297 342 4402 ipsis
369 4298 535 4373 articulis
560 4299 630 4375 nisi
656 4301 762 4404 quod
789 4299 971 4404 sequitur.
999 4297 1102 4373 Dixit
1127 4325 1263 4402 nempe
1284 4323 1323 4373 se
1343 4296 1457 4375 luisse
1482 4313 1677 4403 receptum

253 4429 291 4503 in
323 4426 463 4534 capella
495 4427 632 4505 domus
661 4428 810 4535 Templi
842 4428 889 4504 de
919 4426 1093 4515 Belvaco,
1115 4454 1192 4535 'per
1220 4425 1374 4504 fratrem
1399 4425 1609 4507 Robertum
1630 4426 1678 4505 dc

252 4575 379 4635 sancto
408 4558 633 4635 Pantaleone
665 4575 925 4666 preceptorem
957 4558 1057 4636 dicte
1089 4558 1228 4639 domus
1253 4575 1292 4635 et
1313 4556 1478 4635 baillivie
1507 4557 1555 4635 da
1580 4556 1678 4634 Pon·

252 4692 343 4779 tivo,
368 4692 464 4768 circa
486 4692 626 4770 instans
641 4691 780 4770 festum
795 4690 1055 4799 apostolorum
1071 4692 1171 4771 Petri
1188 4708 1226 4769 et
1240 4689 1346 4770 Pauli
1362 4707 1475 4769 erunt
1490 4705 1574 4768 octo
1589 4689 1678 4766 anni

254 4821 310 4896 vel
331 4825 440 4914 circa,
463 4823 705 4928 presentibus
725 4822 902 4901 iratribus
921 4822 1077 4901 Alberto
1092 4822 1323 4929 presbitero,
1341 4841 1469 4901 curato
1486 4821 1534 4899 de
1550 4820 1678 4899 Somo

339 4958 445 5020 esocis
467 4980 520 5022 nes
541 4978 709 5024 rnurunns.
726 4983 809 5022 -ιιΙ
1528 4960 1546 5021 6
