4230 5956
336 508 384 575 ro
728 479 921 572 enoots
946 497 1041 569 ons
1058 496 1366 568 ·'mu1>n1nas.

337 630 503 720 hannem
528 640 668 719 Mathei
690 641 938 728 servientem,
966 639 1005 713 in
1030 635 1170 741 capella
1201 639 1338 715 domus
1361 634 1513 740 Templi
1544 636 1591 710 de
1613 636 1760 712 Votone

336 772 631 881 Engolismensis
662 771 821 848 diocesis
843 796 902 880 'xx
931 767 1017 844 anni
1045 782 1134 843 sunt
1166 765 1225 842 vel
1250 768 1360 854 cirea,
1387 794 1455 871 per
1483 764 1636 842 fratrem
1671 768 1764 874 Ray-

218 920 222 928 '
339 906 528 980 mundum
561 903 608 979 de
637 901 794 981 Marolio
822 900 982 976 militem
1010 897 1221 1004 quondam,
1253 914 1513 1004 preceptorem
1542 914 1634 973 tunc
1660 890 1762 975 ¹diote

341 1036 478 1113 domus
498 1033 546 1110 de
565 1035 729 1133 Votone,
751 1029 994 1136 presentibus
1021 1026 1199 1104 [ratribus
1224 1030 1335 1105 Petro
1364 1028 1505 1105 Mathei
1531 1027 1761 1134 presbitero,

341 1184 378 1242 et
401 1165 568 1244 Gerardo
600 1163 636 1239 la
663 1161 815 1242 Veruha
844 1160 1045 1248 serviente,
1076 1175 1168 1235 tunc
1199 1176 1419 1264 preceptore
1450 1161 1760 1267 Petragoricensi,

341 1295 553 1382 deffunoto,
574 1310 613 1372 et
631 1291 858 1398 quibusdam
879 1289 962 1367 aliis
980 1288 1027 1365 de
1053 1289 1192 1395 quibus
1210 1317 1286 1366 non
1304 1289 1543 1378 recordatur;
1565 1307 1604 1366 et
1616 1291 1763 1368 >eisdem

340 1427 403 1508 tie
424 1443 461 1502 et
480 1424 584 1512 loco,
608 1440 729 1531 et'per
750 1421 947 1508 eumdem,
971 1438 1008 1498 et
1029 1421 1173 1497 eisdem
1188 1420 1428 1527 presentibus
1442 1436 1480 1497 et
1495 1422 1631 1498 eodem
1649 1423 1764 1498 modo

339 1557 493 1635 luerunt
519 1550 660 1663 recepti
691 1585 780 1633 cum
806 1555 908 1631 dicto
937 1551 1049 1629 fratre
1076 1552 1245 1629 Johanne
1265 1552 1405 1630 Mathei
1426 1550 1559 1629 [ratres
1580 1553 1765 1633 Geraldus

340 1689 457 1779 luiza,
486 1705 524 1765 et
542 1691 674 1766 Petrus
694 1686 881 1794 Sapientis
905 1684 1126 1772 servientes,
1142 1683 1342 1760 <deffuncti
1365 1683 1470 1762 Vidit
1487 1685 1600 1782 etiam
1615 1685 1766 1792 aliquos

341 1819 434 1899 alios
461 1819 594 1926 recipi,
623 1820 671 1895 de
696 1816 836 1924 quibus
860 1843 937 1892 non
963 1814 1202 1903 recordatur,
1224 1814 1265 1888 in
1290 1842 1455 1919 quorum
1481 1816 1766 1922 recepcionibus

323 2045 324 2048 Ἴ
340 1950 434 2027 vidit
451 1948 535 2030 fieri
557 1939 595 2028 et
615 1949 751 2026 servari
772 1948 931 2024 modum
952 1975 1019 2051 per
1038 1973 1153 2050 quem
1171 1946 1347 2051 deposuit
1366 1973 1404 2022 se
1422 1945 1536 2024 fuisse
1552 1965 1764 2052 receptum,

343 2090 380 2157 et
400 2080 504 2169 nulla
523 2079 653 2157 illicita
669 2079 729 2157 vel
747 2079 948 2156 inhonesta
964 2078 1248 2154 intervenerunt
1262 2077 1303 2152 in
1320 2078 1683 2183 eorumrecepcione
1698 2106 1766 2155 nec

343 2226 428 2315 post
439 2209 575 2315 ,quod
593 2209 672 2314 ipse
691 2208 840 2304 sciverit
857 2207 918 2283 vel
936 2207 1132 2284 audiverit.
1148 2207 1281 2285 Credit
1295 2209 1768 2319 sacramentisecclesiasti-

344 2341 411 2427 cis,
434 2357 472 2417 et
496 2339 617 2417 credit
634 2339 740 2444 quod
761 2337 824 2422 alii
845 2336 978 2413 fratres
1003 2337 1202 2414 crederent
1222 2355 1261 2414 et
1280 2340 1386 2443 quod
1405 2344 1536 2417 eor'um
1557 2341 1767 2417 sacerdotes

347 2472 474 2549 debite
496 2469 739 2549 celebrarent:
758 2467 963 2546 Dicebatur
979 2468 1032 2550 eis
1047 2470 1153 2574 quod
1169 2469 1294 2545 statim
1305 2499 1375 2576 pro
1388 2469 1562 2577 professis
1576 2470 1768 2548 habeban-

347 2620 428 2690 tur,
452 2620 490 2679 et
517 2603 622 2709 quod
646 2603 820 2688 ordinem
848 2600 946 2677 exire
971 2571 1047 2677 non
1073 2617 1246 2706 poterant
1265 2603 1407 2708 absque
1427 2603 1582 2679 licencia
1601 2604 1769 2708 superio-

346 2763 443 2825 rum.
466 2734 707 2811 Clandestine
736 2731 1015 2839 recipiebantur
1040 2749 1077 2807 et
1103 2761 1234 2843 eorum
1260 2733 1436 2841 capitulia
1450 2733 1704 2822 tenebantur,
1728 2763 1771 2811 ex

346 2895 423 2972 quo
443 2867 564 2943 credit
588 2867 693 2972 quod
714 2882 811 2974 esset
836 2863 999 2968 suspicio
1025 2880 1152 2939 contra
1176 2892 1251 2940 eos.
1273 2863 1450 2940 Cordulis
1475 2865 1578 2941 unde
1597 2864 1770 2942 volebant

348 2995 548 3102 assumptis
569 2994 816 3101 cingebantur
839 3023 951 3100 supra
971 2994 1152 3070 camisias·
1165 3024 1252 3072 cum
1272 2994 1414 3101 quibus
1434 2964 1633 3101 jacebant:-
1646 2996 1771 3103 Injun-

349 3126 506 3234 gebatur
526 3127 581 3218 eis
599 3126 705 3233 quod
721 3154 798 3203 non
817 3124 1024 3202 revelarent
1044 3144 1185 3203 secreta
1204 3125 1457 3232 capitulorum
1477 3144 1516 3204 et
1534 3155 1577 3204 ea
1594 3156 1668 3234 que
1688 3157 1772 3235 age-

326 3236 487 3337 'bantur
514 3259 554 3334 in
583 3258 672 3363 ipsis
698 3257 885 3364 capitulis,
907 3257 978 3333 nisi
1006 3274 1130 3334 essent
1150 3259 1376 3351 communia,
1405 3257 1480 3335 illis
1503 3257 1682 3336 fratribus
1706 3261 1769 3366 qui

351 3418 427 3469 non
447 3389 655 3467 adfuissent
673 3385 713 3466 in
733 3389 804 3478 eis,
828 3390 915 3467 etsi
935 3388 1179 3476 revelassent,
1203 3389 1346 3466 audivit
1366 3389 1440 3467 dici
1461 3392 1565 3496 quod
1586 3391 1772 3495 perdidis-

351 3537 434 3599 sent
453 3521 623 3598 domum.
651 3519 919 3627 Injungebatur
946 3520 1000 3597 eis
1023 3522 1149 3627 quod,
1172 3521 1353 3627 quamdiu
1377 3539 1530 3627 possent
1553 3520 1691 3598 habere
1716 3551 1774 3597 sa*

352 3652 523 3733 cerdotes
545 3652 703 3741 ordinis,
731 3679 809 3730 non
823 3673 827 3697 ¹
841 3651 1110 3728 confiterentur
1136 3651 1229 3729 aliis.
1258 3629 1389 3730 Credit
1409 3652 1522 3758 quod>
1538 3653 1774 3730 uniformiter

350 3783 608 3890 reciperentur
618 3783 658 3859 in
673 3783 819 3873 ordine,
832 3783 928 3860 sicut
946 3784 1122 3890 deposuit
1138 3813 1177 3861 se
1194 3783 1308 3861 luisse
1324 3799 1529 3889 receptum.
1548 3785 1589 3860 In
1602 3784 1774 3890 capitulis

350 3914 493 3992 audivit
513 3915 655 4021 precipi
673 3915 778 4021 quod
794 3914 1022 3996 eleemosine
1035 3915 1173 3992 debito
1194 3915 1310 3993 modo
1335 3915 1489 4002 fierent,
1512 3935 1549 3993 et
1566 3944 1627 3992 eas
1648 3943 1689 3990 ac
1707 3917 1775 3991 ho-

229 4071 232 4078 ’
352 4045 588 4151 spitalitatem
604 4045 699 4123 vidit
718 4047 982 4125 convenienter
1002 4044 1083 4121 fieri
1101 4063 1139 4123 et
1158 4046 1299 4133 servari,
1313 4047 1358 4122 in.
1374 4047 1551 4125 domibus
1571 4044 1714 4122 ordinis
1733 4045 1772 4118 in

227 4194 233 4239 ἕ
352 4174 490 4279 quibus
515 4174 588 4252 suit
610 4195 874 4257 commoratus.
900 4176 1182 4284 Precipiebatur
1209 4178 1262 4254 eis
1289 4179 1395 4284 quod
1420 4177 1549 4256 debito
1575 4176 1690 4252 modo
1716 4206 1775 4252 ac-

285 4285 288 4292 *
351 4305 544 4410 quirerent
564 4308 700 4386 ordini,
719 4310 848 4387 Januis
868 4309 1017 4399 clausis,
1041 4309 1155 4388 nullis
1169 4310 1409 4417 presentibus
1427 4310 1498 4386 nisi
1518 4308 1695 4386 fratribus
1716 4337 1776 4384 or-

352 4435 468 4530 dinis,
498 4468 630 4516 eorum
662 4441 838 4546 capitulis
862 4440 1109 4532 tenebantur,
1136 4441 1283 4546 proviso
1309 4443 1414 4548 quod
1444 4470 1521 4518 non
1553 4442 1775 4518 audirentur

352 4567 513 4645 exterius
540 4597 615 4675 que
641 4568 786 4646 fiebant
811 4584 860 4644 et·
875 4566 1100 4646 dicebantur
1121 4571 1295 4648 interius.
1309 4573 1444 4655 ,Totus
1475 4572 1569 4650 ordo
1597 4587 1776 4649 servasset

351 4698 455 4802 quod
475 4727 631 4805 magnus
650 4699 826 4808 Magister
846 4727 935 4775 cum
954 4717 1139 4777 conventu
1159 4701 1360 4778 statuisset.
1377 4703 1484 4783 Nunc
1499 4702 1654 4809 grandia
1674 4729 1777 4777 scan-

352 4827 451 4916 dala,
474 4830 635 4935 suspicio
657 4848 695 4907 et
715 4828 865 4913 infamia
885 4848 975 4908 sunt
993 4849 1120 4909 exorta
1141 4832 1267 4910 contra
1289 4833 1483 4922 ordinem,
1505 4852 1633 4912 contra
1659 4860 1775 4940 quem
