4230 5956
822 470 1017 565 rnoots
1042 491 1138 564 nus
1164 491 1467 564 renonibus,
1812 494 1861 567 so

432 634 592 742 sumptis
608 632 858 741 cingebantur
877 661 990 743 supra
1004 632 1172 711 camisias
1187 661 1275 710 cum
1289 631 1430 742 quibus
1444 630 1631 740 jacebant·
1647 631 1862 740 lnjuncmm

430 767 503 849 fuir
518 767 556 845 ei
583 793 654 873 per
668 780 906 873 receptorem
925 764 1034 872 quod
1054 793 1133 842 non
1150 762 1333 842 revelaret
1352 779 1494 842 secreta
1515 762 1767 870 capitulorum
1794 793 1864 844 nec

431 898 592 1004 modum
611 897 847 1004 recepeionis
866 925 951 985 sue,
980 914 1019 975 et
1040 894 1160 975 credit
1179 896 1283 1004 quod
1303 894 1529 1003 perdidisset
1553 895 1777 973 mantellum
1797 900 1864 1006 qui

430 1003 642 1121 revelasset.
677 1028 968 1116 confitebantur
998 1030 1139 1138 quibus
1164 1029 1352 1115 volebant
1386 1028 1608 1137 Superiores
1638 1029 1801 1118 ordinis,
1832 1030 1864 1108 si

431 1164 603 1243 sciebant
627 1190 790 1253 errores,
813 1162 970 1242 fuerunt
989 1162 1224 1273 negligentes
1241 1164 1330 1271 quia
1349 1190 1426 1241 non
1447 1178 1691 1240 correxerunt
1710 1188 1775 1240 eos
1793 1189 1864 1240 nec

432 1295 761 1373 denunciaverunt
778 1293 956 1372 Ecclesie.
972 1293 1230 1372 Eleemosinas
1244 1310 1283 1372 et
1297 1292 1591 1401 hospitalitatem
1610 1293 1706 1370 vidit
1729 1320 1864 1370 conve·
1930 1396 1934 1404 ι

431 1427 582 1507 nienter
607 1426 690 1504 fieri
711 1443 750 1504 et
773 1426 915 1505 servari-
932 1426 971 1503 in
997 1425 1177 1504 domibus
1202 1425 1347 1505 ordinis
1367 1426 1413 1502 in
1433 1424 1575 1536 quibus
1598 1424 1739 1502 exstitit
1763 1450 1882 1524 com-¹

430 1573 612 1636 moratus.
632 1559 682 1635 Et
698 1583 834 1635 omnes
852 1557 1082 1634 curialitates
1097 1573 1137 1634 et
1150 1558 1317 1636 honores
1332 1574 1438 1634 erant
1452 1556 1507 1634 eis
1527 1556 1710 1648 concessi,
1723 1573 1770 1642 et
1782 1573 1866 1634 tur·

430 1686 625 1795 pitudines
642 1686 831 1778 inhibito,
858 1706 897 1766 et
917 1686 1196 1797 precipiebatur
1217 1689 1272 1766 eis
1289 1690 1397 1795 quod
1413 1688 1537 1784 bonos
1560 1715 1651 1766 usus
1676 1704 1866 1765 servarent

432 1836 470 1896 et
487 1819 609 1898 malos
633 1847 702 1927 pro
723 1841 842 1925 posse·
863 1848 935 1898 suo
960 1818 1222 1927 reprobarent.
1249 1820 1366 1915 Quod
1391 1848 1549 1928 magnus
1566 1818 1754 1926 ‘Magister
1776 1846 1864 1896 eum

431 1968 617 2030 conventu
646 1979 718 2029 suo
746 1951 959 2029 ordinasset
988 1968 1168 2029 servasset
1195 1968 1301 2029 totus
1325 1951 1436 2041 ordo,
1467 1967 1596 2027 eontra
1622 1977 1736 2056 quem
1761 1977 1864 2027 nunc

429 2080 585 2187 grandia
608 2079 797 2172 scandala,
824 2081 987 2188 suspicio
1014 2098 1053 2157 et
1076 2079 1230 2157 infamia
1254 2096 1343 2156 sunt
1361 2074 1505 2169 exorta,
1531 2095 1570 2156 et
1595 2064 1724 2157 contra
1747 2107 1862 2188 quem

432 2209 575 2288 audivit
595 2211 668 2288 diei
690 2210 1108 2319 magnuszagistrnm
1125 2228 1164 2287 et
1180 2210 1273 2287 alios
1292 2209 1416 2316 aliqua
1430 2208 1545 2287 fuisse
1562 2208 1763 2289 confessos.

486 2340 702 2449 Requisitus
731 2340 761 2416 si
792 2341 849 2451 sic
877 2340 1110 2446 deposuerat.
1131 2365 1262 2444 prece,
1293 2355 1491 2446 precepto,
1524 2339 1687 2429 timore,
1713 2369 1860 2431 amore,

431 2470 536 2560 odio,
550 2469 611 2548 vel
620 2469 822 2577 temporali
838 2469 1001 2570 comodo
1013 2467 1146 2547 habito
1159 2469 1218 2547 vcl
1228 2469 1426 2558 habendo,
1439 2471 1636 2577 respondit
1647 2473 1752 2580 quod
1764 2502 1859 2568 non,

430 2602 497 2681 sed
510 2628 581 2709 pro
593 2601 747 2679 veritate
765 2600 943 2693 dicendag
960 2599 1020 2679 cui
1033 2597 1109 2677 fuit
1119 2600 1336 2709 injunctum
1354 2583 1459 2708 quod
1476 2630 1555 2678 non
1569 2603 1751 2682 revelaret
1765 2603 1862 2683 hane

430 2761 536 2867 suam
551 2732 831 2841 deposicionem
839 2760 1046 2840 Quosque
1063 2733 1325 2813 attestationes
1338 2732 1480 2813 luerint
1493 2734 1703 2841 publicate;
1718 2735 1863 2814 deffen-

431 2865 527 2943 sioni
548 2864 695 2943 ordinis
712 2892 752 2942 se
772 2891 851 2942 non
869 2862 1070 2942 obtulerat.

486 3132 619 3209 Frater
632 3128 794 3208 lacobus
813 3126 862 3205 de
881 3126 979 3207 Villa
992 3127 1131 3206 Parisia
1148 3127 1313 3206 serviens
1330 3126 1547 3206 Parisiensis
1562 3128 1736 3225 diocesis,
1752 3135 1860 3212 testis

429 3289 543 3369 supra
555 3261 724 3371 juratus,
746 3287 825 3338 non
840 3258 1038 3338 defferens·
1048 3258 1273 3337 mantellum
1292 3260 1453 3350 ordinis,
1474 3257 1564 3368 quia
1587 3261 1713 3370 ipsum
1726 3264 1861 3344 voluu-

427 3392 521 3471 tarie
546 3392 740 3471 dimiserat
760 3409 944 3471 vetustate
965 3408 1251 3499 consumptum,
1276 3408 1315 3471 et
1331 3392 1414 3471 radi
1436 3390 1573 3471 fecerat
1592 3394 1664 3472 sibi
1684 3395 1858 3490 barbam,

430 3508 563 3604 xxxvin
586 3550 774 3602 annorum
791 3522 851 3600 vel
869 3522 982 3616 circa,
1004 3522 1071 3630 qui
1092 3521 1304 3600 Aurelianis
1323 3521 1520 3602 absolutus
1544 3542 1582 3603 et
1599 3522 1861 3607 reconciliatus

428 3652 648 3762 fircrat'per
674 3654 875 3733 domimuu
899 3655 1119 3762 episcopum
1142 3653 1453 3734 Aurelianensem
1475 3656 1657 3764 inquisito
1681 3688 1769 3736 cunr
1794 3687 1857 3749 eo,

361 3886 365 3891 Ι
430 3784 536 3902 lectis
560 3803 598 3864 et
619 3787 825 3896 diligenter.
841 3786 1017 3893 expositis
1036 3785 1110 3864 sibi
1130 3788 1315 3867 omnibus
1334 3806 1372 3866 et
1395 3790 1554 3898 singulis
1572 3791 1757 3882 articulis,
1782 3818 1861 3868 res·

429 3917 566 4023 pondit
583 3946 623 3996 se
643 3947 840 4026 nunquam
855 3917 1068 3997 interfuisse
1086 3921 1300 4026 recepcioni
1320 3920 1479 4029 alicujus
1499 3893 1652 3998 alterius
1672 3947 1742 3996 nec
1762 3920 1861 4029 capi-
1928 3991 1932 3998 .

391 4119 392 4123 ,
428 4047 519 4127 tulis
539 4077 691 4140 eorum,
720 4078 790 4127 nee
814 4065 968 4128 steterat
987 4050 1028 4127 in
1049 4049 1185 4128 ordine
1202 4026 1275 4130 nisi
1294 4080 1362 4158 per
1382 4052 1584 4129 dimidium
1607 4078 1767 4142 annum,
1791 4079 1860 4131 seu

293 4275 296 4280 ,
428 4179 535 4283 quasi
557 4196 642 4256 ante
662 4181 880 4287 capciouem
901 4207 1052 4272 eorum,
1075 4181 1180 4258 unde
1200 4180 1392 4258 nesciebat
1413 4181 1462 4257 de
1484 4183 1670 4262 contentis
1688 4183 1728 4261 in
1750 4184 1861 4262 dictis

428 4307 610 4399 articulis,
632 4337 703 4386 nec
726 4309 911 4394 credebat
925 4338 998 4386 nec
1020 4309 1215 4387 audiverat
1230 4310 1302 4386 dici
1330 4311 1403 4388 nisi
1421 4313 1525 4421 quod
1548 4314 1729 4420 sequitur.
1757 4316 1861 4396 Dixit

429 4439 532 4519 enim
547 4440 717 4521 sciuisse
736 4458 932 4548 receptum
954 4441 995 4518 in
1015 4441 1157 4565 capella
1175 4441 1313 4520 domus
1328 4443 1478 4552 Templi
1497 4445 1546 4524 de
1565 4447 1708 4553 Campo
1724 4447 1859 4526 bubali

429 4571 659 4651 Senonensis
687 4571 864 4662 diocesis,
892 4600 961 4680 por
988 4571 1147 4650 fratrem-
1167 4573 1380 4652 iohannem
1403 4575 1451 4653 de
1477 4578 1573 4654 Tara
1598 4595 1859 4686 preceptorem

430 4703 529 4782 dicte
547 4703 704 4795 domus,
720 4719 861 4808 testem
879 4733 995 4812 supra·
1007 4703 1279 4797 examinatum,
1300 4707 1341 4783 in
1357 4707 1672 4818 Quadragessima
1689 4712 1859 4817 proxima

428 4852 514 4915 aute
544 4837 762 4945 capcionem
790 4865 943 4927 eorum,
970 4836 1210 4945 presentibus
1235 4838 1415 4919 fratribus
1441 4841 1599 4923 Daniele
1625 4843 1674 4921 de
1697 4845 1859 4923 Parisius
