4230 5956
478 457 553 527 auo
632 499 633 503 κ
856 434 1054 523 enocas
1085 449 1182 522 nas
1213 449 1520 543 rennuens

478 621 559 680 suo,
578 609 615 668 et
630 589 837 669 Guillelmo
852 589 1016 696 Bergerii
1038 587 1231 695 quondam
1261 587 1521 676 servientibus,
1543 589 1583 664 in
1598 589 1701 669 bunc
1715 596 1875 673 modurn
1890 632 1897 674 :

459 752 563 831 'narn
584 750 671 798 curn
692 722 896 798 instructus
916 720 1088 826 peciisset
1107 736 1166 795 ter
1187 747 1274 795 cum
1295 720 1475 796 instancia
1495 719 1565 797 sibi
1585 725 1741 800 concedi
1761 756 1897 832 panern

477 870 514 930 et
536 880 690 958 aquam,
707 849 921 926 societatem
943 867 980 926 et
999 850 1175 925 vestitum
1196 847 1356 938 ordinis,
1374 866 1413 925 et
1432 849 1554 927 dictus
1572 870 1743 957 receptor
1756 858 1790 931 ei
1808 887 1898 934 con·

476 957 658 1071 cessisset,
680 980 770 1057 lecit
791 1008 878 1054 eum
900 1007 1030 1056 vovere
1052 996 1090 1055 et
1107 980 1235 1084 jurare
1260 1007 1372 1083 super
1397 981 1601 1085 quemdam
1628 981 1768 1061 librum
1793 1015 1898 1093 aper-

476 1133 556 1190 tum
579 1113 801 1197 castitatem,
822 1109 1103 1198 obedienciam,
1117 1110 1238 1186 vivere
1259 1110 1339 1185 sine
1355 1110 1521 1216 proprio,
1544 1129 1581 1188 et
1600 1114 1706 1219 quod
1725 1114 1898 1194 obediret
1960 1215 1964 1226 „

476 1243 654 1322 omnibus
676 1239 960 1346 preceptoribus
984 1239 1050 1344 qui
1077 1256 1380 1344 proponerentur
1404 1241 1548 1331 eidem,
1576 1258 1620 1318 et·
1640 1271 1786 1322 servare
1814 1276 1898 1351 pre-

475 1392 581 1479 cepta
604 1401 736 1450 eorum
756 1397 996 1476 quecumque
1015 1385 1155 1456 essent3
1174 1385 1215 1444 et
1233 1368 1411 1474 imposito
1429 1369 1499 1446 sibi
1518 1372 1716 1464 mantello,
1737 1375 1816 1480 ipse
1840 1406 1897 1453 re-

476 1522 605 1610 ceptor
625 1521 663 1580 et
681 1517 841 1580 astantes
867 1498 1021 1576 luerunt
1040 1527 1128 1576 eum
1148 1498 1303 1575 osculati
1329 1500 1369 1575 in
1395 1526 1480 1590 ore,
1504 1517 1545 1577 et
1571 1529 1617 1578 eo
1642 1502 1823 1596 instructo
1849 1506 1896 1583 de

351 1664 352 1670 ¹
464 1632 713 1734 observancia
735 1630 971 1738 jejuniorum
1003 1629 1148 1705 ordinis
1173 1645 1210 1705 et
1240 1627 1287 1705 de
1313 1628 1395 1712 aliis
1420 1628 1548 1721 licitis,
1578 1631 1702 1709 dictus
1726 1653 1897 1741 receptor

477 1763 569 1839 dixit
579 1763 614 1839 ei
630 1793 665 1841 ει
679 1765 739 1838 Tu
745 1761 878 1868 jurasti
896 1760 1051 1837 obedire
1068 1758 1245 1836 omnibus
1261 1759 1546 1865 preceptoribus
1565 1762 1641 1839 tuis
1658 1780 1696 1839 et
1714 1767 1896 1869 preceptis

476 1922 550 2000 que
575 1893 644 1971 tibi
670 1893 823 1981 fierent,
850 1919 920 1997 ego
942 1889 1029 1967 volo
1054 1889 1213 1995 probare
1237 1889 1268 1965 si
1297 1889 1459 1967 servabis
1482 1891 1588 1999 quod
1608 1892 1739 1998 jurasti
1762 1923 1770 1966 :
1793 1894 1894 1970 unde

475 2024 640 2130 precipio
655 2023 725 2100 tibi
741 2021 845 2128 quod
864 2007 1025 2128 abneges
1040 2020 1178 2097 Deum.
1195 2021 1372 2096 »Etcum
1394 2020 1472 2128 ipse
1492 2021 1599 2099 testis
1617 2039 1714 2099 esset
1731 2024 1896 2130 stupefa-

476 2169 558 2229 ctus
577 2153 626 2229 de
642 2153 743 2229 dicto
757 2169 951 2257 precepto,
974 2166 1012 2225 et
1029 2150 1229 2255 respiceret
1248 2150 1547 2242 circumstantes,
1563 2151 1685 2229 dietus
1698 2152 1895 2231 Amandus

475 2282 674 2360 subridens
690 2282 783 2363 dixit
795 2281 846 2357 ei:
861 2281 1003 2369 «Vade,
1023 2279 1133 2357 facias
1145 2281 1218 2357 hoc
1236 2308 1378 2358 secure.
1395 2318 1408 2350 ι
1423 2282 1470 2358 Et
1483 2298 1574 2358 tunc
1589 2282 1690 2360 dicto
1705 2302 1894 2390 receptore

476 2413 623 2490 dicente
644 2412 751 2519 quod
772 2409 891 2487 multa
912 2411 1090 2488 dicuntur
1109 2438 1174 2488 ore
1194 2410 1334 2517 quibus
1353 2439 1431 2489 non
1451 2415 1686 2492 consentitur
1707 2415 1835 2505 corde,
1858 2432 1895 2490 et

475 2545 579 2650 quod
599 2544 819 2650 abnegaret,
841 2543 920 2647 ipse
938 2542 1043 2619 testis
1058 2541 1251 2649 abnegavit
1271 2543 1395 2620 Deum
1415 2542 1567 2634 dolens,
1586 2573 1650 2622 ore
1670 2573 1746 2621 non
1766 2545 1891 2631 corde,

474 2693 518 2752 ut
534 2654 638 2752 disit.
661 2677 748 2752 Post
767 2702 841 2781 que
858 2671 1073 2749 immediate
1094 2671 1183 2749 lecit
1203 2699 1291 2749 eum
1307 2672 1437 2779 jurare
1459 2701 1572 2780 super
1591 2675 1733 2752 dictum
1754 2674 1893 2751 librum

476 2807 581 2914 quod
595 2806 806 2913 acquireret
821 2803 947 2880 ordini
961 2803 1266 2910 quibuscumque
1281 2803 1406 2882 modis
1418 2822 1557 2910 posset,
1574 2832 1653 2882 non
1669 2804 1893 2882 declarando

476 2937 586 3014 licitis
606 2937 663 3015 vel
687 2935 838 3011 illicitis.
864 2933 944 3010 Alia
973 2933 1102 3010 illicita
1122 2961 1197 3010 non
1219 2933 1500 3011 intervenerunt
1518 2933 1557 3009 in
1577 2933 1674 3011 dicta
1699 2963 1763 3011 sua
1794 2965 1895 3013 rece-

475 3068 608 3172 pcione
626 3065 683 3142 vel
702 3083 797 3172 post.
816 3064 917 3141 Dixit
926 3082 1052 3142 tamen
1069 3064 1174 3171 quod
1191 3064 1384 3169 predictus
1398 3063 1718 3142 fraterdrnaudus
1735 3065 1827 3142 dixit
1839 3066 1890 3155 ei,
1944 3049 1947 3053 ⁸

475 3212 561 3300 post
582 3196 787 3302 predictam
810 3195 1070 3300 recepcionem
1093 3223 1216 3285 suam,
1241 3195 1347 3301 quod
1370 3196 1512 3272 amicos
1532 3194 1716 3272 habuerat
1735 3195 1774 3271 in
1796 3197 1892 3272 dicta

477 3354 543 3402 sua
567 3326 800 3432 recepcione‚
829 3325 916 3430 quia
943 3326 1062 3402 multa
1086 3325 1157 3400 alia
1181 3325 1469 3402 intervenissent
1493 3326 1533 3401 in
1559 3324 1656 3402 dicta
1674 3326 1892 3431 recepcione

475 3487 559 3545 sua,
579 3457 683 3565 quod
702 3485 778 3533 non
794 3455 957 3533 audebat
971 3456 1073 3532 idem
1088 3456 1202 3532 frater
1215 3454 1414 3533 Arnuadus
1431 3456 1595 3534 revelare
1608 3457 1698 3548 sibi,
1721 3458 1789 3534 nisi
1811 3486 1894 3563 pre·

475 3588 594 3665 dictos
609 3589 747 3664 amicos
767 3587 819 3662 ibi
841 3586 1049 3679 habuisset,
1074 3586 1267 3692 exquibus
1287 3585 1442 3692 quidem
1462 3586 1584 3664 verbis
1604 3605 1643 3665 et
1658 3605 1810 3693 propter
1829 3588 1893 3663 ab·

474 3722 714 3828 negacionem
735 3718 958 3824 predictam,
982 3719 1103 3794 dictus
1121 3718 1244 3806 testis,
1266 3716 1439 3794 turbatus
1457 3734 1495 3794 et
1512 3717 1735 3824 religionem
1751 3717 1893 3794 habens
1996 3774 1999 3778 -

474 3869 698 3956 suspectam,
721 3848 863 3926 dimisit
884 3847 1075 3937 habitum,
1094 3866 1132 3926 et
1152 3846 1247 3923 infra
1267 3876 1409 3925 annum
1430 3877 1450 3924 a
1468 3849 1687 3955 receptione
1703 3878 1768 3925 sua
1784 3849 1892 3924 exivit

476 3979 616 4057 dictum
634 3981 825 4067 ordinem,
847 3978 914 4054 sed
930 3979 968 4053 in
987 3979 1191 4055 crastinum
1209 3976 1284 4054 luit
1298 3993 1442 4082 captus,
1466 3995 1503 4054 et
1517 3979 1565 4055 ad
1581 3978 1794 4056 suasionem
1817 3976 1890 4052 lra-

472 4109 540 4184 tris
559 4112 656 4186 Petri
673 4108 885 4188 Theobaldi
911 4111 1140 4216 preceptoris
1158 4125 1251 4185 tunc
1267 4107 1316 4184 de
1336 4107 1465 4185 Castro
1485 4106 1684 4199 Bernardi,
1702 4109 1767 4214 qui
1793 4107 1891 4185 lece-

472 4256 529 4317 rat
549 4267 636 4316 eum
656 4242 751 4346 capi,
769 4258 807 4317 et
821 4238 944 4317 fratris
964 4240 1063 4317 Petri
1083 4240 1128 4317 de
1146 4242 1265 4316 Banes
1284 4236 1482 4345 presbiteri
1513 4237 1726 4345 quondam,
1743 4239 1808 4344 qui
1827 4239 1892 4315 ab·

471 4371 580 4449 solvit
600 4400 705 4462 eum,
728 4373 908 4449 remansit
927 4373 967 4447 in
988 4372 1090 4450 dicto
1106 4371 1259 4459 ordine,
1280 4370 1368 4475 quia
1387 4370 1607 4475 permiserat
1625 4369 1698 4448 sibi
1714 4370 1837 4476 quod,
1860 4369 1890 4444 si

470 4502 619 4579 volebat
642 4529 836 4579 remanere
858 4500 896 4575 in
919 4501 1019 4576 dicto
1040 4501 1172 4578 ordine
1193 4517 1232 4577 et
1250 4499 1348 4577 bene
1371 4497 1507 4589 lacere,
1534 4527 1611 4576 non
1633 4497 1814 4575 revelaret
1832 4524 1891 4575 re-

472 4662 617 4711 cessum
642 4662 753 4710 suum
779 4630 1006 4737 predictum.
1035 4630 1248 4734 Requisitus
1267 4628 1296 4705 si
1313 4628 1397 4717 scit,
1415 4628 1550 4714 credit,
1572 4627 1630 4706 vel
1651 4626 1791 4706 audivit
1815 4624 1888 4700 dici

472 4763 575 4865 quod
601 4763 700 4840 dicta
726 4760 926 4868 abnegacio
948 4756 1152 4835 consessata
1170 4787 1239 4864 per
1267 4786 1355 4835 eum
1377 4759 1620 4836 interveniret
1639 4754 1890 4837 communiter
