4230 5956
457 498 509 570 ss
845 469 1040 566 raonis
1065 489 1161 564 nas
1186 486 1485 564 rnurnrnas.

456 637 557 715 stine
570 630 859 740 recipiebantur,
881 629 997 709 nullis
1015 629 1252 737 presentibus
1265 631 1337 709 nisi
1353 629 1530 708 tmebcs
1547 627 1705 709 ordinis.
1723 631 1874 712 Corda-

457 767 508 846 lis
526 765 628 844 unde
641 761 1033 869 volebantassnmptis
1051 760 1298 867 cingebantur
1315 789 1429 868 snper
1447 760 1615 838 camisias
1630 790 1719 839 maan
1733 763 1874 871 qtiibus

455 897 639 1006 jacebant.
657 892 990 1003 lnjrmgebatureis
1003 919 1052 970 ne
1069 889 1223 997 illisqui
1238 920 1320 969 non
1328 909 1441 969 erant
1452 892 1501 969 de
1516 890 1650 972 ordine
1666 893 1876 974 revelarent

456 1044 601 1106 secreta
619 1023 871 1133 capitulorum
890 1052 961 1101 noc
979 1021 1138 1100 modurn
1164 1022 1393 1128 recepcicnis
1419 1050 1568 1113 comm,
1599 1039 1639 1099 et
1664 1025 1784 1102 curati
1809 1053 1875 1104 eo·

458 1184 544 1234 rum
564 1155 741 1234 dicebant
759 1154 865 1262 quod
882 1181 961 1232 non
980 1167 1155 1258 poterant
1170 1150 1256 1229 aliis
1273 1152 1415 1258 abque
1435 1179 1569 1229 comm
1588 1150 1747 1230 licencia
1765 1152 1875 1232 consa

305 1286 316 1294 ’
457 1285 549 1376 teri3
578 1284 653 1362 hoc
676 1269 804 1361 tamen
829 1312 907 1361 non
931 1281 1136 1361 servabant.
1163 1281 1275 1372 Item,
1300 1279 1395 1369 dixit
1420 1281 1470 1358 de
1494 1280 1635 1360 illicitis
1659 1272 1888 1362 consessatis¹

459 1442 529 1520 por
552 1441 641 1492 eum
668 1411 790 1491 inerat
817 1411 1007 1491 walcerus
1029 1411 1130 1490 dicto
1154 1409 1261 1489 iratri
1278 1409 1520 1488 lieberto-de
1545 1410 1683 1489 Sancto
1706 1411 1812 1490 lusto
1837 1432 1876 1491 et

460 1542 544 1623 aliis
558 1542 825 1622 sacerdotibus
845 1540 990 1622 ordinis
1013 1558 1053 1621 et
1070 1540 1266 1619 absolutus
1289 1539 1337 1617 ab
1364 1539 1450 1618 biis.
1470 1541 1875 1620 Fratrcsscienteser·

459 1698 564 1753 mres
581 1671 737 1750 suerunt
755 1671 987 1780 negligentes
1010 1671 1103 1778 qnia
1126 1697 1205 1748 non
1231 1687 1473 1748 correxerunt
1489 1699 1556 1748 eos
1583 1699 1654 1752 nec
1673 1671 1876 1750 denuncia-

461 1818 595 1880 verunt
611 1801 790 1881 Ecclesie.
800 1801 1035 1881 Elemosinas
1048 1817 1087 1879 et
1097 1798 1391 1906 hospitalitatem
1404 1801 1500 1878 vidit
1513 1802 1780 1881 convenienter
1793 1800 1874 1881 lieri

457 1948 499 2011 et
515 1931 653 2011 servari
671 1932 712 2008 in
732 1931 911 2010 domibus
925 1929 1073 2010 ordinis
1086 1930 1126 2007 in
1138 1929 1279 2036 quibus
1291 1930 1412 2007 extitit
1424 1949 1678 2011 commoratus
1694 1948 1781 2010 ante
1793 1933 1874 2041 ejus

463 2061 722 2165 recspoioncm
748 2076 904 2166 etpost,
931 2076 970 2136 et
993 2060 1066 2139 hoc
1086 2060 1140 2137 eis
1158 2059 1437 2166 precipiebatur
1454 2089 1525 2166 per
1543 2062 1754 2168 superiores
1773 2090 1871 2142 suos.

462 2189 642 2268 ordinata
660 2213 729 2294 per
747 2189 967 2296 Magistrum
986 2218 1073 2267 enm
1094 2206 1280 2268 conventu
1299 2207 1479 2267 semme
1494 2207 1599 2269 mnu
1617 2192 1732 2282 ordo,
1748 2209 1876 2270 eoam

462 2344 577 2425 quem
602 2347 704 2396 nunc
725 2319 881 2426 grandia
908 2318 1096 2410 scandala,
1121 2320 1287 2425 suspicio
1306 2334 1345 2398 ct
1362 2319 1516 2398 infamia
1533 2338 1689 2427 pmpter
1711 2321 1876 2426 predicta

461 2465 552 2526 sunt
575 2464 712 2527 exorta.
737 2448 869 2527 Credit
892 2449 997 2555 quod
1021 2448 1225 2528 confessata
1247 2478 1316 2555 per
1336 2478 1424 2528 eum
1443 2466 1570 2530 essent
1590 2467 1680 2530 nota
1698 2449 1874 2556 pluribus

461 2575 640 2656 fcauibus
658 2577 819 2669 ordinis,
839 2577 890 2655 ad
908 2579 1015 2686 cujus
1037 2578 1310 2658 deffensionem
1329 2580 1612 2687 cumpluribus
1634 2580 1718 2658 aliis
1740 2607 1781 2657 se
1805 2580 1874 2658 ob·

462 2702 611 2785 tulerat
1086 2743 1088 2747 ·
1655 2754 1660 2759 -

478 2876 480 2883 ·
514 2834 732 2942 Requisitus
745 2837 842 2917 sisic
852 2837 1078 2945 deposuerat
1091 2865 1217 2946 prece,
1234 2839 1870 2945 precepto,timore,amore,odio,

459 2965 518 3044 vel
535 2966 733 3072 temporali
757 2967 920 3046 comodo
945 2968 1077 3048 habito
1107 2968 1165 3047 vel
1192 2967 1390 3058 babendo,
1413 2969 1619 3077 :respondit
1646 2969 1753 3077 qnod
1779 2995 1873 3060 non,

459 3093 528 3173 sed
545 3123 615 3200 pro
633 3098 786 3174 veritate
810 3096 993 3188 dicenda;
1021 3100 1082 3176 cui
1110 3097 1182 3176 luit
1209 3099 1423 3206 injunctum
1450 3101 1558 3206 quod
1583 3127 1665 3177 non
1692 3099 1877 3176 revelaret

462 3225 559 3303 banc
576 3253 685 3303 suam
694 3226 993 3333 deposicionem,
1020 3256 1218 3335 quousque
1238 3231 1498 3308 attestaciones
1514 3230 1657 3309 fuerint
1674 3230 1875 3337 publicete.

517 3355 607 3433 Acta
620 3353 775 3433 luerunt
792 3357 863 3436 hec
882 3358 944 3435 die
964 3374 1002 3436 et
1019 3356 1104 3436 loco
1124 3359 1316 3464 predictis,
1332 3359 1570 3465 presentibus
1584 3362 1762 3470 magistro
1777 3359 1877 3438 Ami

463 3483 535 3572 sio,
561 3512 623 3562 me
643 3484 900 3565 Floriamonte
920 3485 1207 3577 .Dondcdei,.ct
1234 3488 1316 3567 aliis
1342 3491 1498 3567 nonnis
1523 3518 1640 3597 supra·
1653 3490 1791 3568 ulfiam
1808 3516 1877 3567 no-

464 3631 625 3692 minatas.
704 3666 709 3675 κ

517 3877 608 3955 Post
634 3876 737 3964 bec,
754 3875 817 3953 die
843 3876 944 3956 lovis
970 3879 1160 3984 sequenti,
1190 3908 1264 3987 que
1290 3854 1363 3958 iuit
1391 3904 1480 3960 avua
1509 3881 1590 3958 dies
1619 3879 1707 3959 dicti
1739 3879 1878 3956 mensis

463 4005 610 4097 Marcii,
635 4005 709 4085 luit
733 4006 919 4088 adductus
944 4010 993 4089 ad
1015 4012 1245 4115 presenciam
1266 4011 1488 4090 eorumdem
1508 4010 1749 4089 domincmm
1773 4034 1878 4086 com-

463 4133 734 4229 missariorum,
755 4139 795 4215 in
813 4139 913 4218 diota
933 4141 1049 4221 domo
1067 4139 1227 4220 frenum
1251 4143 1461 4230 Minorem,
1482 4139 1597 4221 frater
1613 4137 1810 4246 Philippus
1827 4138 1878 4215 de

463 4265 591 4345 Manui
603 4264 781 4361 serviens,
803 4270 1027 4353 Morinensis
1045 4271 1221 4362 dirceus,
1234 4273 1342 4351 testis
1353 4299 1465 4377 snpra
1473 4270 1639 4377 juratos,
1655 4285 1701 4346 nt
1713 4267 1880 4374 depone·

461 4411 520 4483 rol
538 4393 683 4475 dictum
703 4425 834 4491 sunm,
854 4402 1007 4509 triginta
1026 4430 1213 4482 annonam
1228 4403 1289 4481 vel
1314 4402 1428 4492 circa,
1454 4400 1521 4507 qui
1538 4399 1749 4480 voluntarie
1775 4424 1879 4475 man·

463 4524 597 4605 tellum
617 4526 812 4608 dimiserat
831 4545 869 4605 et
887 4530 968 4607 radi
987 4529 1125 4609 iecerat
1142 4533 1214 4610 sibi
1233 4531 1410 4619 barbam,
1437 4559 1525 4608 cum
1549 4558 1627 4638 quo
1655 4527 1877 4637 inquisitum

462 4651 602 4742 inerat,
622 4657 819 4738 absolutus
838 4675 877 4737 et
894 4659 1158 4767 reconciliatam
1172 4689 1242 4767 per
1261 4661 1461 4740 dominum
1477 4640 1800 4767 archiepiscopum
1814 4657 1880 4734 lla·

461 4808 630 4865 mensem
649 4787 690 4873 in
711 4788 873 4868 romilio
892 4791 1079 4868 Remensi.
1107 4790 1231 4870 Lectis
1251 4810 1382 4869 antem
1409 4810 1449 4908 et
1476 4792 1678 4902 diligenter
1698 4787 1877 4898 expositis
