4230 5956
627 450 822 538 paones
848 463 943 535 oss
968 461 1271 536 venemens.
1587 473 1658 541 127

242 612 373 689 lessata
400 635 467 714 per
494 636 580 683 eum
615 606 773 683 fuissent
805 605 1032 680 incarcerati.
1068 601 1339 710 Injungebatur
1370 603 1422 678 eis
1455 632 1521 710 per
1541 635 1659 684 sacra·

242 757 413 818 mentum
445 767 493 816 ne
520 737 729 814 revelarent
755 751 896 813 secreta
916 734 1185 840 capitulorum,
1209 734 1255 810 de
1281 734 1398 810 modo
1426 738 1659 841 recepcionis

241 871 390 979 speciali
415 899 491 948 non
513 869 640 947 habita
673 869 893 957 mencione;
924 866 988 970 qui
1018 865 1245 943 revelassent
1274 864 1446 941 habitum
1476 867 1659 972 perdidis

241 1020 340 1091 sent,
360 1029 428 1078 seu
447 999 537 1077 alias
553 1000 712 1107 graviter
731 997 855 1104 puniti
871 995 1041 1073 luissent.
1066 999 1212 1073 Fratres
1232 995 1391 1072 scientes
1412 1024 1557 1074 errores
1575 998 1657 1073 sue·

239 1149 329 1209 runt
359 1130 592 1237 negligentes
623 1130 711 1235 quia
748 1156 825 1205 non
866 1145 1106 1204 correxerunt
1134 1154 1198 1204 eos
1231 1155 1301 1202 noc
1337 1125 1658 1205 denunciaverunt

239 1262 416 1339 Ecclesie.
446 1259 678 1336 Eleinosinas
706 1277 746 1336 et
767 1257 1079 1363 hospitalitatem,
1111 1275 1149 1335 et
1169 1258 1368 1334 luminaria
1397 1257 1655 1348 ecclesiarum,

236 1382 279 1468 ‘et
293 1391 437 1498 jejunia
469 1407 647 1467 consueta
665 1390 758 1467 vidit
788 1387 1053 1467 convenienter
1082 1388 1164 1465 fieri
1185 1405 1223 1464 et
1246 1389 1380 1465 servari
1409 1389 1449 1463 in
1479 1389 1656 1466 domibus

239 1521 381 1599 ordinis
414 1521 450 1595 in
487 1520 626 1625 quibus
660 1521 797 1598 exstitit
833 1536 1095 1597 commoratus.
1134 1517 1314 1596 Ordinata
1343 1547 1411 1625 per
1436 1520 1653 1626 Magistrum

240 1679 323 1727 cnm
357 1666 542 1727 conventu
574 1666 752 1727 servasset
783 1665 885 1724 totus
914 1648 1026 1735 ordo,
1059 1664 1187 1724 contra
1215 1676 1329 1754 quem
1366 1676 1467 1726 nunc
1503 1651 1667 1756 grandia¹

240 1779 426 1870 scandala,
454 1778 615 1883 suspicio
647 1794 684 1856 et
715 1778 868 1854 infamia
895 1794 982 1853 sunt
1016 1795 1161 1865 exorta3
1192 1776 1298 1883 cnjus
1328 1776 1506 1855 fratribus
1537 1779 1657 1855 credit

240 1912 344 2017 quod
364 1927 488 1987 essent
507 1926 594 1985 nota
615 1908 818 1986 confessam
846 1936 914 2013 per
939 1935 1044 1998 eum,
1065 1924 1102 1983 et
1122 1906 1263 1984 audivit
1282 1904 1355 1982 dici
1379 1935 1557 2013 magnum
1580 1909 1657 1984 Ma·

240 2041 396 2144 gistrum
417 2055 456 2114 et
475 2038 568 2114 alios
587 2038 721 2114 eadem
740 2037 851 2113 fuisse
877 2034 1078 2113 confessos.

296 2167 510 2272 Requisitus
540 2167 569 2243 si
598 2166 650 2242 sic
681 2167 904 2270 deposuerat
932 2192 1058 2270 prece,
1092 2182 1284 2271 precepto,
1319 2166 1475 2253 timore,
1509 2196 1652 2255 amore,

241 2297 343 2385 odio,
359 2296 416 2371 vel
436 2294 633 2400 temporali
643 2294 808 2372 comodo
819 2294 947 2371 babito
964 2294 1022 2371 vel
1031 2294 1221 2382 habendo,
1234 2295 1429 2400 respondit
1442 2297 1545 2400 quod.
1560 2325 1652 2383 non,

240 2427 307 2504 sed
332 2453 401 2531 pro
426 2426 581 2502 veritate
616 2423 790 2515 dicenda3
819 2424 878 2500 cui
906 2422 979 2500 fuit
1004 2423 1215 2529 injunctum
1236 2425 1347 2529 quod
1374 2452 1450 2501 non
1475 2427 1656 2502 revelaret

240 2558 335 2633 banc
355 2584 458 2632 suam
486 2554 780 2660 deposicionem,
802 2580 1001 2659 quousque
1019 2553 1277 2629 attestaciones
1295 2552 1435 2630 suerint
1449 2554 1658 2659 publicate,

243 2702 280 2761 et
294 2712 371 2762 non
389 2684 577 2761 obtulerat
593 2711 632 2760 se
648 2684 695 2760 ad
713 2683 984 2760 deffensionem
1000 2684 1154 2761 ordinis.

296 2947 423 3019 Frater
455 2943 582 3021 Guido
616 2945 664 3020 de
695 2943 731 3020 la
757 2942 991 3021 Chastaneda
1020 2943 1144 3032 miles,
1172 2942 1445 3020 lemovicensis
1478 2943 1651 3035 diocesis,

239 3076 344 3151 testis
366 3102 476 3180 supra
497 3075 662 3181 juratus,
693 3072 913 3151 mantellum
946 3073 1090 3151 ordinis
1118 3091 1156 3151 et
1172 3073 1327 3151 barbam
1349 3074 1561 3160 defferens,
1589 3077 1654 3152 tri·

239 3204 340 3311 ginta
359 3231 543 3281 annorum
562 3203 621 3280 vel
640 3203 757 3295 circa,
781 3231 869 3280 cum
896 3231 974 3308 quo
995 3202 1215 3310 inquisitum
1246 3205 1382 3296 suerat,
1406 3205 1600 3282 absolutus
1617 3224 1654 3280 et

240 3333 498 3413 reconciliatus
525 3361 593 3438 per
612 3333 810 3410 dominum
840 3333 1057 3439 episcopum
1084 3333 1447 3423 Claramonteusem,
1478 3335 1585 3411 lectis
1617 3352 1654 3411 et

241 3461 439 3571 diligenter
462 3463 639 3568 expositis
656 3464 728 3541 sibi
750 3462 926 3540 omnibus
950 3481 988 3540 et
1007 3463 1163 3570 singulis
1188 3465 1368 3554 articulis,
1387 3466 1582 3571 respondit
1612 3494 1652 3541 se

239 3593 400 3683 nescire,
427 3621 495 3668 nec
523 3591 693 3682 credere,
722 3621 793 3670 nec
818 3592 1000 3670 audivisse
1039 3593 1111 3670 dici
1142 3595 1189 3670 de
1222 3595 1407 3672 contentis
1434 3595 1473 3670 in
1498 3597 1552 3672 eis
1580 3596 1651 3671 uisi

240 3723 344 3829 quod
362 3724 530 3830 sequitur
548 3754 558 3800 a
573 3722 748 3802 videlicet
772 3724 876 3829 qnod
903 3720 982 3828 ipse
1014 3742 1185 3831 receptus
1202 3724 1324 3802 firerat
1346 3725 1386 3801 in
1414 3725 1553 3830 capella
1583 3725 1652 3799 do-

239 3879 324 3928 mus
348 3852 497 3959 Templi
519 3852 565 3930 de
590 3852 773 3930 Panlbaco
793 3853 1069 3931 Lemovicensis
1094 3854 1268 3940 diocesis,
1289 3854 1329 3930 in
1347 3854 1497 3929 instanti
1524 3880 1651 3929 mense

239 3982 477 4088 septembris,
500 4000 611 4059 erunt
624 3983 790 4089 quinque
806 3983 909 4074 anni,
921 4000 965 4060 ut
984 3984 1055 4061 sibi
1066 3982 1226 4074 videtur,
1248 3981 1478 4088 periratrem
1498 3980 1653 4058 Ymber-

237 4126 320 4186 tum
341 4110 390 4186 de
410 4111 641 4188 Comborino
671 4111 831 4188 militem
858 4114 1072 4218 quondam,
1092 4129 1352 4216 preceptorem
1378 4109 1476 4187 dicte
1496 4111 1649 4202 domus,

239 4237 476 4342 presentibus
495 4238 669 4316 fratribus
682 4240 876 4344 Stephano
896 4240 951 4318 las
970 4239 1162 4325 Gorsolas,
1183 4256 1277 4317 teste
1298 4267 1409 4347 supra
1421 4242 1647 4332 examinato,

239 4365 414 4445 Guidone
431 4369 481 4444 ‘de
498 4368 597 4444 Malo
620 4369 749 4445 Monte
771 4368 916 4460 milite,
941 4385 979 4445 et
996 4367 1171 4446 Guidone
1192 4369 1343 4446 Brurata
1366 4370 1563 4461 serviente,
1585 4374 1650 4478 qui

239 4496 429 4573 detinetur
446 4496 485 4572 in
500 4496 755 4574 lemovicinio
773 4514 814 4575 et
835 4498 1025 4602 quondam
1041 4497 1268 4603 presbitero,
1284 4528 1327 4577 ac
1343 4500 1426 4578 aliis
1446 4500 1650 4608 dequibus

239 4654 314 4702 non
333 4626 482 4716 recolit,
513 4656 629 4732 aquo
657 4643 849 4732 receptore
878 4629 994 4734 petita
1020 4629 1197 4707 societate
1226 4630 1369 4709 ordinis
1393 4649 1436 4707 et
1466 4631 1537 4711 sibi
1567 4662 1651 4709 con-

239 4783 352 4845 cessa,
385 4755 473 4833 lecit
500 4786 587 4835 eum
610 4759 736 4864 jurare
767 4758 870 4864 qnod
900 4786 975 4836 non
1008 4759 1192 4838 revelaret
1217 4778 1357 4839 secreta
1386 4762 1646 4867 capitulorum.
