4230 5956
630 476 827 569 vuocns
854 494 948 565 nes
974 493 1272 568 rnuvtvnns.
1587 503 1657 574 115

241 653 377 741 puncta
396 635 486 711 dicti
507 632 667 722 ordinis,
691 650 729 710 et
755 650 849 709 tuno
879 634 958 738 ipse
986 633 1093 710 testis
1121 633 1465 741 abnegavitDeum
1486 662 1550 713 ore
1579 664 1657 717 nnn

240 765 365 842 corde.
386 765 532 844 Deinde
553 763 646 841 dixit
673 763 709 840 ei
723 763 845 869 quod,
872 762 1080 841 secundum
1107 763 1206 840 dicta
1232 781 1391 870 puncta,
1412 781 1559 871 poterat
1577 795 1657 844 cur·

239 895 375 974 naliter
393 894 628 974 commisceri
646 891 827 971 frutribus
847 893 992 970 ordinis
1011 911 1050 970 et
1069 894 1140 998 ipsi
1160 922 1247 972 cum
1267 923 1329 984 eo,
1352 912 1390 973 et
1406 895 1480 972 boc
1495 895 1657 974 debebat

238 1024 332 1131 puti3
347 1022 427 1131 ipie
444 1041 573 1102 tamen
594 1050 789 1130 nunquam
802 1022 890 1100 lecit
908 1050 979 1101 nee
996 1021 1069 1099 luit
1087 1023 1308 1129 requisitus,
1330 1052 1400 1102 nec
1417 1024 1538 1102 eredit
1552 1025 1658 1131 quod

238 1154 279 1231 in
300 1153 433 1232 ordine
452 1152 572 1231 fieret.
593 1154 682 1231 Post
700 1180 775 1260 que
790 1152 958 1261 precepit
978 1153 1012 1230 ei
1033 1153 1138 1259 quod
1150 1171 1303 1259 spueret
1321 1181 1437 1259 super
1450 1155 1656 1260 quamdam

240 1311 390 1362 crucem
405 1281 582 1391 ligneam,
602 1282 643 1359 in
661 1310 736 1390 qua
753 1310 830 1361 non
851 1299 931 1361 erat
941 1310 1092 1390 ymago,
1112 1310 1182 1389 per
1200 1285 1343 1363 dietum
1359 1301 1592 1390 receptorem
1605 1285 1656 1362 de

240 1429 341 1491 retro
359 1412 465 1490 alteri
486 1429 733 1519 assumptam,
760 1430 798 1490 et
835 1441 923 1490 cum
949 1415 1028 1519 ipse
1047 1412 1153 1491 testis
1177 1413 1320 1491 diceret
1342 1442 1382 1491 se
1408 1415 1482 1491 hoc
1505 1443 1583 1493 non
1606 1413 1659 1492 sa·

240 1559 410 1630 cturum,
434 1541 556 1620 dictus
575 1559 747 1648 receptor
767 1542 860 1620 dixit
878 1544 982 1650 quod
1002 1543 1075 1620 boc
1092 1541 1290 1648 oportebat
1307 1569 1397 1619 eum
1411 1541 1549 1630 lacere,
1569 1545 1657 1651 quia

239 1671 311 1750 hoc
331 1685 409 1748 erat
428 1670 476 1747 de
495 1671 645 1778 punctis
665 1671 826 1761 ordinis,
848 1690 887 1748 et
904 1689 998 1749 tunc
1015 1671 1096 1777 ipse
1113 1671 1221 1748 testis
1239 1671 1342 1775 spuit
1358 1698 1435 1747 non
1461 1698 1572 1776 supra
1591 1671 1659 1748 sed

234 1801 340 1907 juxta
359 1801 497 1876 dictam
518 1827 680 1876 crucem.
701 1800 918 1905 Repulsitus
936 1800 967 1876 si
987 1799 1058 1876 elia
1079 1797 1209 1876 illicite
1234 1799 1275 1875 in
1294 1799 1474 1903 predictis
1492 1798 1659 1878 articulis

239 1946 413 2007 contenta
437 1946 503 2005 aut
530 1928 601 2005 ulia
632 1929 910 2006 intervenerant
938 1929 978 2004 in
1009 1927 1228 2032 recepcione
1259 1955 1326 2003 sua
1348 1927 1407 2003 vel
1433 1943 1535 2032 post,
1568 1928 1660 2007 dixit

239 2056 344 2164 quod
363 2084 453 2135 non.
477 2057 694 2161 Requisitus
719 2057 751 2132 si
770 2056 891 2134 credit
909 2056 1015 2162 quod
1033 2055 1202 2161 predicta
1216 2053 1347 2132 illicita
1369 2053 1574 2133 consessata
1591 2084 1659 2163 per

240 2214 328 2263 eum
348 2185 407 2262 vel
431 2184 502 2261 elia
523 2184 795 2261 intervenirent
813 2184 854 2260 in
873 2184 1161 2290 recepciouibus
1183 2184 1344 2261 aliorum
1364 2184 1424 2261 vel
1442 2202 1542 2290 post,
1565 2185 1660 2262 dixit

239 2315 344 2422 quod
386 2315 434 2392 de
467 2311 682 2391 confessatis
707 2340 779 2420 per
810 2341 897 2391 eum
919 2315 1058 2419 pocius
1083 2341 1125 2390 se
1158 2313 1310 2391 credere
1342 2313 1446 2419 quod
1474 2313 1528 2390 sic
1554 2316 1658 2420 quod

240 2444 485 2532 contrarium,
504 2443 593 2547 quia
612 2441 683 2519 luit
702 2441 772 2520 sibi
793 2441 845 2518 its
862 2459 1103 2548 preceptum,
1118 2471 1189 2520 nce
1203 2442 1323 2520 mevlit
1336 2442 1378 2519 in
1391 2443 1465 2520 biis
1482 2471 1524 2520 ee
1543 2441 1657 2522 luisse

239 2574 375 2652 solum.
411 2574 526 2665 Item,
559 2572 653 2649 dixit
671 2600 711 2649 se
740 2571 894 2650 credere
914 2572 1171 2650 ecclesiasticis
1204 2572 1462 2660 sacrementis,
1500 2574 1659 2651 eredens

240 2704 345 2808 quod
371 2702 434 2780 alii
456 2701 594 2779 frames·
614 2699 758 2778 ordinis
780 2701 922 2779 -eodem
949 2703 1067 2779 modo
1097 2701 1312 2789 crederent,
1332 2718 1371 2778 et
1395 2701 1501 2807 quod
1522 2728 1654 2780 eorum

240 2831 451 2910 secerdotes
471 2829 600 2908 debite
623 2829 875 2908 celebrarent·
889 2831 979 2907 Fuit
997 2830 1070 2908 sibi
1096 2831 1242 2907 dictum
1267 2831 1374 2936 quod
1393 2830 1518 2907 statim
1543 2829 1658 2908 babe-

239 2961 352 3039 betur
368 2960 638 3068 pro‘prolesso,
657 2960 727 3037 sed
746 2987 827 3037 non
835 2959 977 3067 juravit
995 2960 1101 3066 quod
1113 2987 1199 3037 ⁴non
1213 2960 1329 3036 exiret
1345 2957 1531 3036 ordinem.
1551 2960 1657 3038 Clam

239 3089 313 3168 luit
342 3096 533 3198 receptus,
573 3087 690 3167 nullis
722 3087 960 3195 presentibus
988 3089 1066 3166 uisi
1095 3088 1276 3167 frutribm'
1308 3088 1467 3176 ordinis,
1503 3090 1659 3167 eredens

240 3221 357 3298 ωἰαω
377 3220 482 3326 quod
501 3219 564 3297 elii
583 3219 638 3296 ita
655 3217 925 3325 reciperentur.
951 3219 1178 3296 lnstructnm
1208 3218 1282 3295 fuit
1293 3217 1404 3324 ¹quod
1421 3245 1499 3295 non
1517 3219 1659 3297 revele-

240 3366 299 3427 ret
317 3367 457 3430 secreta
476 3348 748 3458 capitulorum,
780 3349 827 3426 de
847 3348 963 3426 modo
989 3347 1218 3455 receptionis
1236 3375 1314 3425 non
1341 3347 1435 3425 laeta
1460 3347 1532 3424 alia
1550 3375 1659 3426 men·

242 3480 378 3568 cione,
392 3480 549 3559 eredens
568 3479 681 3585 -quod
711 3477 923 3556 eliis-idem
949 3479 1223 3586 injungeretur3
1253 3478 1413 3585 quodsi
1435 3477 1661 3555 revelassent

241 3609 363 3713 puniti
383 3607 556 3697 luissent,
577 3608 645 3685 sed
672 3608 792 3687 nescit
804 3606 990 3714 qualiter·
1000 3607 1446 3717 Corduliscingebantur
1460 3609 1660 3713 assumptis

242 3737 346 3816 unde
372 3737 559 3816 volebant.
588 3737 856 3832 Qui-sciebant
890 3738 1010 3816 didos
1036 3761 1183 3815 errores
1211 3765 1290 3815 esse
1315 3737 1356 3814 in
1383 3737 1518 3815 ordine
1542 3735 1661 3842 negli-

240 3885 371 3975 gentes
389 3867 549 3946 luerunt·
566 3868 633 3974 qni
652 3894 742 3945 non·
755 3880 1001 3946 correxerunt
1019 3895 1086 3945 eos
1100 3882 1173 3944 n'eo
1191 3867 1516 3944 denunciaverunt
1534 3863 1660 3940 Eccle-

242 3997 307 4074 sie.
330 3997 563 4075 Elcmosinas
587 4014 626 4075 et
643 3997 937 4104 hospitalitatem
962 3997 1058 4074 vidit
1068 3997 1344 4075 convenienter
1356 3995 1446 4072 lieri
1467 4010 1507 4069 et
1524 3994 1658 4070 servari

242 4126 281 4201 in
302 4125 482 4204 domibus
502 4126 650 4205 ordinis
665 4127 706 4204 in
726 4126 865 4233 quibus
884 4125 956 4203 luit
974 4143 1222 4204 conversatus,
1240 4124 1439 4203 ordinm
1453 4148 1528 4229 per
1543 4123 1660 4231 Magi·

242 4268 361 4331 strum
391 4281 478 4329 cum
508 4271 698 4332 conventu
724 4281 796 4332 eno
815 4271 969 4332 servata
1000 4253 1158 4330 finissent
1192 4251 1232 4329 in
1246 4288 1249 4298 ·
1262 4267 1361 4332 toto
1378 4251 1529 4343 ordine,
1567 4278 1662 4330 con·

105 4444 108 4450 .
242 4398 433 4486 trs-quem
455 4381 608 4488 grandin
624 4381 1004 4487 .scandsla,·suspicio
1025 4397 1063 4458 et
1085 4380 1239 4458 infamis
1257 4398 1503 4460 sunt-exorta.
1524 4381 1658 4458 lllicite

241 4508 449 4589 conforma
467 4539 537 4618 per
555 4538 643 4588 eum
664 4511 784 4588 credit
801 4509 1377 4604 emuncto-fratribusordinis,
1396 4527 1524 4589 contra
1543 4537 1657 4617 quem

243 4640 384 4718 audivit
415 4640 489 4720 dici
528 4658 709 4750 magnum
736 4641 1164 4749 Magistrum-evallus·
1198 4641 1518 4749 aliquosemores
1538 4638 1657 4719 ‘luisse

243 4769 442 4849 confessos.
466 4771 633 4850 Ordinis
656 4770 885 4849 deffensionl
903 4770 1098 4851 obtulerat
1115 4795 1171 4860 se,
1192 4770 1406 4878 nonvquod
1432 4768 1545 4848 vellet
1567 4796 1655 4848 eum

1464 4907 1508 4969 15.
