4230 5956
357 475 404 547 50
749 455 946 548 proces
971 473 1066 546 nas
1092 473 1392 546 rnupnmns

355 613 452 693 alius
466 614 606 694 laciens
620 616 875 709 mencionem,
892 645 962 694 nec
977 615 1097 695 credit
1113 617 1218 722 quod
1238 616 1335 694 dicta
1353 613 1482 693 illicita
1495 614 1703 695 consessata
1716 651 1787 728 per

357 777 457 839 eum,
480 748 540 825 vel
557 747 628 824 alia
647 748 845 826 inhonesta
859 767 1032 827 contenta
1050 749 1091 825 in
1111 747 1289 837 articulis,
1312 748 1585 844 intervenirent
1602 750 1642 826 in
1656 760 1797 862 recep?

358 880 529 959 cionihus
550 879 711 958 aliorum
731 880 787 960 vel
808 898 904 987 post.
927 882 1039 972 Item,
1059 879 1151 957 dixit
1175 879 1281 986 quod
1301 880 1398 957 bene
1418 879 1596 958 credebat
1614 880 1787 983 ecclesia-

357 1012 458 1091 sticis
470 1013 726 1102 sacramentis,
743 1028 780 1088 et
794 1013 914 1091 credit
925 1013 1031 1121 quod
1046 1012 1109 1090 alii
1123 1011 1335 1105 crederent,
1351 1030 1390 1090 et
1402 1013 1507 1120 quod
1519 1041 1653 1091 eorum
1668 1042 1788 1092 sacer·

357 1147 466 1224 dotes
493 1145 621 1229 debite
652 1145 898 1224 celebrarent.
931 1145 1064 1225 Statim
1084 1173 1155 1253 pro
1176 1144 1353 1252 professis
1372 1145 1621 1224 habebantur.
1647 1147 1790 1264 Jur'avit

357 1277 532 1354 ordinem
557 1305 636 1354 non
657 1277 773 1368 exire,
800 1295 839 1356 et
860 1278 981 1357 credit
1002 1279 1108 1386 quod
1129 1276 1232 1354 idern
1246 1277 1421 1385 jurarent
1441 1276 1515 1354 alii.
1542 1276 1786 1356 Clandestine

356 1409 646 1516 recipiebantur.
664 1408 879 1517 Injunctum
898 1409 971 1488 fuit
989 1410 1024 1488 ei
1040 1410 1198 1488 demum
1212 1409 1252 1486 in
1267 1409 1488 1516 recepcione
1504 1407 1695 1516 sua-quod
1709 1437 1786 1486 non

357 1539 540 1618 revelaret
556 1557 697 1618 secreta
718 1541 970 1649 capitulorum
990 1541 1061 1619 nisi
1081 1540 1259 1619 fratribus
1279 1541 1440 1633 ordinis,
1464 1559 1504 1618 et
1521 1540 1627 1648 quod
1646 1539 1787 1648 absque

359 1671 513 1748 licencia
533 1700 612 1749 non
636 1671 883 1750 confiteretur
900 1674 971 1752 nisi
994 1670 1433 1751 sacerdotibus'ordinis.
1457 1670 1628 1749 Scientes
1642 1697 1788 1748 errores

358 1801 513 1879 luerunt
536 1801 771 1910 negligentes
802 1792 993 1910 quianon
1017 1819 1260 1881 correxerunt
1282 1831 1349 1880 eos
1373 1831 1444 1879 nec
1466 1800 1790 1879 denunciaverunt

357 1931 534 2012 Ecclesic.
563 1932 798 2010 Elemosinas
823 1952 861 2013 et
887 1935 1181 2044 hospitalitatem
1212 1934 1307 2012 vidit
1337 1932 1606 2011 convenienter
1634 1932 1718 2010 fieri
1751 1950 1790 2010 et

358 2065 493 2142 servari
508 2064 548 2140 in
563 2064 743 2144 domibus
757 2066 902 2144 ordinis
917 2067 957 2143 in
970 2066 1111 2174 quibus
1129 2066 1203 2142 luit
1217 2082 1483 2143 commoratus.
1500 2064 1616 2159 Quod
1630 2092 1789 2173 magnus

358 2195 535 2301 Magister
554 2224 641 2271 cum
662 2213 851 2273 conventu
875 2197 1087 2276 ordinasset
1109 2197 1252 2274 audivit
1261 2197 1346 2275 ‚dici
1365 2196 1472 2304 quod
1490 2214 1671 2274 servasset
1687 2213 1789 2275 totus

359 2326 471 2418 ordo,
494 2343 622 2404 contra
652 2353 768 2431 quem
788 2355 891 2404 nunc
906 2327 1060 2433 grandia
1079 2326 1269 2420 scandala,
1284 2327 1448 2434 suspicio
1468 2344 1507 2405 et
1524 2326 1678 2404 infamia
1701 2347 1791 2406 sunt

360 2475 498 2536 exorta.
526 2457 681 2534 Audivit
707 2457 783 2536 dici
810 2486 990 2566 magnum
1021 2459 1242 2567 Magistrum
1268 2475 1306 2536 et
1326 2459 1421 2537 alios
1443 2456 1568 2566 aliqua
1595 2459 1789 2536 confessos

359 2588 473 2666 fuisse
491 2605 619 2666 contra
635 2587 821 2678 ordinem,
839 2589 887 2665 ad
903 2588 1011 2696 cujus
1026 2587 1300 2666 deffensionem
1317 2617 1356 2667 se
1374 2588 1574 2703 obtulerat,
1585 2617 1664 2668 non
1683 2590 1789 2697 quod

358 2720 574 2797 intenderet
591 2718 809 2797 deffendere
830 2720 877 2798 ab
903 2719 1094 2798 erroribus
1114 2720 1331 2799 confessatis
1351 2747 1420 2828 per
1444 2750 1550 2810 curn,
1573 2737 1618 2799 ut
1636 2721 1774 2805 dixit..

415 2851 633 2958 Requisitus
658 2851 689 2926 si
720 2851 774 2928 sic
803 2850 1031 2959 deposuerat
1060 2881 1190 2958 prece,
1226 2869 1428 2960 precepto,
1459 2853 1615 2946 timore,
1642 2880 1787 2941 amore,

360 2983 467 3075 odi0,
497 2984 557 3059 vel
582 2981 782 3088 temporali
809 2986 970 3063 comodo
997 2984 1128 3063 habito
1150 2984 1208 3063 vel
1233 2984 1437 3074 habendo,
1464 2984 1661 3091 respondit
1687 2985 1790 3093 quod

361 3141 455 3204 non,
479 3114 547 3192 sed
565 3141 636 3220 pro
655 3115 809 3193 veritate
834 3115 1011 3208 dicenda3
1037 3118 1098 3195 cui
1123 3116 1196 3195 fuit
1222 3116 1433 3224 injunctum
1460 3116 1566 3224 quod
1592 3144 1669 3194 non
1687 3146 1792 3194 reve-

360 3246 456 3322 laret
474 3247 572 3324 hanc
592 3276 698 3324 suam
720 3247 1011 3356 deposicionem
1041 3278 1241 3358 quousque
1267 3248 1530 3328 attestaciones
1562 3247 1705 3327 fuerint
1719 3278 1791 3354 pu-

363 3376 512 3455 blicate.
543 3431 545 3435 -

418 3620 549 3720 Frater
564 3630 754 3720 lohannes
769 3641 817 3719 de
833 3644 951 3720 Ponte
962 3642 1138 3750 Episcopi
1159 3644 1323 3722 serviens
1340 3643 1601 3721 Noviomensis
1620 3643 1790 3730 diocesis,

361 3774 469 3852 testis
498 3803 610 3880 supra
635 3774 800 3881 juratus,
829 3775 1054 3853 mantellum
1080 3774 1223 3853 ordinis
1248 3792 1287 3853 et
1305 3774 1464 3853 barbam
1485 3803 1562 3852 non
1582 3774 1790 3860 defferens,

361 3905 451 4012 quia
479 3904 624 3984 dictum
646 3904 869 3982 mantellum
891 3906 1084 3984 dimiserat
1105 3907 1145 3983 in
1165 3906 1325 3984 concilio
1344 3907 1576 3994 Senomnsi,
1601 3924 1641 3982 et
1663 3923 1792 4011 postea

364 4038 443 4113 radi
464 4036 602 4115 lecerat
622 4035 693 4115 sibi
713 4035 887 4129 barbam,
911 4064 1009 4118 xxvn
1030 4066 1218 4116 annorum
1237 4037 1296 4114 vel
1317 4038 1428 4127 circa,
1454 4036 1651 4115 absolutus
1672 4053 1711 4112 et
1734 4063 1793 4111 re-

365 4169 584 4247 conciliatus
600 4199 669 4276 per
689 4170 888 4249 dominum
910 4172 1132 4280 episcopum
1155 4171 1427 4250 Carnotensem
1456 4167 1795 4277 qni-*inquisiverat
1898 4247 1911 4275 ο

365 4329 451 4378 cum
469 4300 622 4392 eodem
635 4300 787 4380 lectiset
798 4302 1001 4414 diligenter
1015 4302 1193 4410 expositis
1208 4300 1282 4380 sibi
1296 4292 1690 4409 omnibusetshfgulis
1705 4299 1795 4375 arti·
1888 4332 1895 4343 ·

364 4433 457 4510 culis
481 4434 679 4540 respondit
698 4463 737 4511 se
757 4435 918 4524 nescire,
940 4465 1010 4512 nec
1034 4436 1204 4526 credere,
1231 4463 1300 4511 nec
1323 4432 1511 4511 audivisse
1535 4427 1683 4511 dici-ale
1703 4456 1794 4507 con-

364 4564 477 4640 tentis
497 4566 537 4640 in
557 4565 611 4642 eis
627 4565 698 4642 nisi
712 4565 818 4672 quod
834 4566 1025 4672 sequitur,
1044 4567 1133 4673 quia
1152 4594 1232 4642 non
1245 4566 1341 4642 vidit
1361 4564 1528 4671 aliquem
1544 4562 1663 4640 alium
1677 4561 1793 4667 recipi

365 4697 406 4770 in
422 4695 572 4789 ordine,
588 4725 660 4774 nec
679 4694 900 4775 interfuerat
921 4696 1094 4803 capitulis
1118 4725 1264 4775 eorum.
1292 4698 1374 4803 lpse
1396 4695 1500 4772 enim
1527 4710 1702 4801 receptus
1721 4691 1795 4770 fuit

365 4829 404 4904 in
424 4827 589 4936 quadam
605 4858 752 4907 camera
772 4828 909 4907 domus
923 4829 1074 4937 Templi
1091 4831 1139 4909 de
1153 4830 1329 4909 Sanciaco
1344 4830 1542 4907 Trecensis
1560 4829 1735 4915 diocesis,
1752 4826 1792 4900 in
