4230 5956
691 471 887 565 Procas
911 490 1007 564 nas
1034 489 1335 563 renarrans.
1649 499 1718 568 177

306 632 481 738 capitulia
508 632 603 708 clam
631 632 771 724 teneri,
793 630 910 709 nullis
936 631 1173 737 presentibus
1199 631 1271 709 nisi
1298 630 1476 708 fratribus
1500 634 1665 727 ordinis,
1681 638 1721 713 in

305 791 381 869 quo
407 780 592 840 servatum
626 760 758 839 luisset
792 761 897 868 quod
923 788 1082 866 magnus
1107 760 1282 870 Magister
1313 788 1399 837 cum
1435 779 1621 839 conventu
1647 782 1724 842 sta-

303 889 458 983 tuisset3·
472 909 602 969 contra
627 918 741 1000 quem
768 890 925 997 quidem
952 890 1126 968 ordinem
1153 919 1255 967 nunc
1279 889 1432 997 grandia
1451 890 1640 981 seandala,
1665 920 1722 970 su·

303 1022 421 1128 spicio
437 1038 476 1099 et
503 1020 655 1097 infamia
678 1036 767 1097 sunt
794 1036 935 1110 exorta3
962 1037 999 1097 et
1021 1021 1140 1098 credit
1157 1019 1301 1098 dictum
1321 1020 1539 1127 Magistrum
1567 1039 1606 1098 et
1628 1022 1721 1102 alios

304 1151 418 1230 luisse
445 1149 634 1229 confessos
660 1149 791 1228 illicita
817 1148 1020 1229 confessam
1046 1179 1114 1257 per
1133 1178 1238 1241 eum;
1256 1169 1293 1228 et
1314 1177 1392 1228 non
1407 1149 1596 1230 obtulerat
1613 1181 1653 1232 se
1673 1155 1722 1230 ad

306 1281 576 1359 deffensionem
591 1281 747 1359 ordinis.

361 1410 574 1518 Requisitus
608 1410 639 1488 si
666 1411 719 1488 sic
752 1408 977 1515 deposuerat
1004 1438 1135 1517 prece,
1163 1427 1358 1517 precepto,
1386 1388 1543 1504 timore,
1571 1441 1717 1504 amore,

305 1539 412 1628 odio,
434 1538 492 1616 vel
519 1537 718 1645 temporali
745 1540 907 1618 comodo
932 1538 1062 1617 habito
1085 1538 1143 1616 vel
1170 1538 1369 1630 habendo,
1393 1540 1590 1648 respondit
1615 1541 1721 1649 quod

304 1699 400 1757 non,
420 1668 486 1747 sed
511 1697 581 1775 pro
602 1669 755 1745 veritate
783 1668 960 1758 dicenda;
979 1669 1040 1746 cui
1063 1667 1135 1746 fuit
1159 1669 1370 1778 injunctum
1396 1671 1499 1777 quod
1519 1698 1597 1748 non
1622 1698 1720 1750 reve

304 1800 397 1876 laret
419 1799 515 1875 hanc
538 1827 644 1877 suam
665 1799 968 1905 deposicionem,
984 1826 1183 1905 quousque
1210 1799 1469 1876 attestaciones
1490 1798 1633 1878 luerint
1655 1828 1721 1905 pu-

303 1927 458 2017 blicate3
480 1944 518 2005 et
540 1925 613 2004 luit
633 1943 879 2032 protestatus,
902 1955 989 2003 cum
1015 1927 1240 2032 deponeret,
1265 1926 1373 2032 quod
1398 1955 1476 2004 non
1499 1926 1722 2006 intendebat

304 2058 480 2134 recedere
500 2087 521 2133 a
542 2056 781 2160 deposicione
806 2083 874 2161 per
893 2083 981 2131 eum
1000 2053 1093 2131 lacta
1114 2081 1238 2131 coram
1267 2054 1367 2132 dicto
1397 2055 1554 2135 domino
1577 2056 1721 2137 archie-

305 2187 458 2291 piscopo
477 2183 700 2263 Turonensi.

360 2449 488 2526 Frater
518 2446 679 2525 Parisius
708 2445 756 2523 de
789 2443 898 2521 Buris
923 2442 1105 2535 serviens,
1138 2444 1384 2555 lingonensis
1412 2445 1590 2536 diocesis,
1616 2451 1721 2528 testis

305 2607 416 2685 supra
443 2580 606 2685 juratus,
637 2574 979 2684 quinquagenarius
1003 2572 1063 2650 vel
1101 2574 1212 2667 circa,
1240 2575 1327 2682 qui,
1350 2575 1399 2653 ad
1428 2578 1720 2684 requisicionem

305 2710 419 2787 unius
438 2707 630 2786 servientis
655 2705 820 2783 custodis
845 2703 922 2793 sui,
952 2703 1175 2780 mantellum
1204 2704 1399 2781 dimiserat
1425 2723 1463 2782 et
1485 2706 1567 2784 radi
1585 2707 1721 2786 fecerat

305 2839 376 2916 sibi
395 2837 550 2915 barbam
558 2884 572 2927 ,·
593 2864 679 2914 cum
698 2863 774 2942 quo
803 2833 1025 2940 inquisitum
1059 2830 1197 2921 suerat,
1221 2832 1418 2911 absolutus
1446 2852 1484 2912 et
1507 2837 1723 2914 reconcilia·

304 2988 364 3047 tus
383 2997 451 3076 per
467 2967 665 3045 dominum
679 2965 897 3073 episcopum
909 2963 1234 3057 Aurelianensem,
1257 2965 1418 3044 Senonis
1437 2967 1526 3045 sede
1543 2984 1718 3057 vacante,

304 3099 410 3177 lectis
441 3115 480 3176 et
515 3097 717 3205 diligenter
752 3093 927 3202 expositis
960 3093 1033 3171 sibi
1067 3095 1244 3173 omnibus
1275 3111 1314 3173 et
1345 3093 1503 3203 singulis
1535 3096 1717 3186 articulis,

304 3228 499 3335 respondit
517 3227 623 3334 quod
644 3224 805 3304 nullum
832 3223 949 3300 aliurn
974 3222 1118 3301 viderat
1142 3224 1256 3331 recipi
1287 3225 1326 3301 in
1357 3225 1511 3314 ordine,
1537 3244 1575 3303 et
1600 3225 1722 3305 luerat

178 3437 185 3449 ,
305 3359 344 3434 in
364 3386 440 3435 una
466 3357 582 3436 domo
607 3356 751 3434 ordinis
779 3354 942 3432 solitaria
965 3353 1095 3463 viginti
1123 3355 1246 3434 tribus
1272 3354 1380 3432 annis
1402 3355 1592 3434 continuis
1616 3385 1721 3436 conr·

304 3504 494 3576 moratus,
527 3486 634 3564 unde·
662 3484 866 3575 nesciebat,
900 3512 972 3562 uec
1004 3484 1197 3573 credebat,
1230 3512 1300 3561 nec
1335 3485 1526 3563 audiverat
1556 3485 1631 3563 dici
1672 3488 1721 3565 de

306 3617 490 3695 contentis
512 3618 551 3692 in
569 3617 622 3693 eis
648 3616 719 3693 nisi
735 3614 840 3722 quod
854 3615 1048 3721 sequiturr
1070 3614 1173 3692 Dixit
1195 3614 1296 3692 enim
1321 3642 1362 3692 se
1378 3613 1492 3692 fuisse
1507 3632 1717 3721 receptum,

305 3746 345 3822 in
367 3745 462 3824 festo
486 3745 764 3823 Purifieacionis
783 3744 892 3821 beate
913 3742 1029 3820 Marie
1048 3743 1219 3848 proximo
1237 3743 1418 3849 preterito
1438 3743 1593 3820 lirerunt
1612 3743 1720 3821 circi-

304 3893 363 3953 ter
381 3902 464 3956 artu
483 3876 593 3964 anni,
616 3876 655 3951 in
672 3873 813 3981 capella
833 3873 970 3951 domus
983 3872 1133 3978 Templi
1154 3874 1202 3951 de
1224 3873 1447 3950 Favemiaco
1476 3872 1723 3979 lingonensis

306 4004 483 4094 diocesis,
508 4033 575 4111 per
591 4003 745 4083 fratrem
760 4001 986 4083 Gauii-idum
1006 4001 1054 4079 de
1070 4002 1258 4111 Lugduno
1274 4001 1544 4106 presbiterum,
1567 4028 1722 4106 presen-

305 4133 407 4210 tibus
434 4133 610 4213 lratribus
627 4134 784 4212 Diderio
811 4132 859 4210 de
878 4131 1006 4223 Buris,
1031 4130 1158 4208 Guido
1185 4129 1324 4210 Chillet
1344 4130 1393 4207 de
1412 4129 1582 4221 Volenis,
1610 4132 1722 4212 Petro

306 4261 498 4352 Bocharii,
522 4279 560 4338 et
577 4262 779 4341 Dominico
805 4263 914 4370 cujus
944 4286 1152 4365 cognomen
1179 4259 1342 4368 ignorat,
1369 4259 1617 4338 servientibus
1641 4262 1722 4340 del·

307 4389 459 4481 functis,
484 4391 524 4468 in
544 4392 647 4468 hunc
672 4392 857 4468 modumr
879 4415 967 4465 nam
989 4414 1076 4463 cum
1104 4388 1357 4495 requisivisset
1374 4416 1509 4496 panem
1533 4406 1571 4467 et
1587 4420 1721 4497 aquam

306 4519 468 4612 ordinis,
495 4538 533 4598 et
562 4519 839 4598 deliberacione
864 4516 989 4596 habita
1016 4517 1180 4596 finaliter
1208 4519 1242 4596 ei
1276 4519 1439 4597 concessi
1459 4517 1634 4609 luissent,
1661 4521 1722 4600 di-

307 4668 388 4727 ctus
414 4668 586 4757 receptor
605 4649 693 4727 fecit
720 4676 808 4727 eum
834 4673 966 4727 vovere
988 4660 1028 4723 et
1042 4646 1170 4753 jurare
1192 4648 1417 4735 castitatem,
1439 4647 1718 4742 obedienciam,

308 4798 345 4857 et
373 4782 479 4886 quod
505 4809 583 4859 non
605 4781 785 4858 retineret
805 4777 999 4888 proprium
1032 4777 1132 4857 ultra
1153 4795 1317 4886 quatuor
1343 4778 1635 4869 denarios,.nec
1653 4808 1720 4862 su·

392 4918 500 4981 esocis
521 4938 573 4982 ors
593 4938 863 4982 rueramus-u.
1291 4918 1297 4927 '
1391 5004 1393 5010 y
1532 4917 1572 4979 23
