4230 5956
603 468 800 559 esoces
827 485 920 557 ons
946 482 1247 559 rsurmnas.
1565 493 1630 563 ιιι

215 627 340 714 fleret,
361 625 479 702 fuitei
496 625 618 703 dictus
632 627 743 733 Hugo
761 625 1012 702 comminatus
1031 627 1137 732 quod
1156 627 1235 733 ipse
1251 627 1375 704 lueret
1389 627 1460 704 nisi
1476 629 1634 722 laceret,

216 770 254 831 et
271 771 361 830 tunc
380 755 458 860 ipse
478 756 583 832 testis
608 756 709 860 spuit
723 757 827 864 juxta
851 756 989 831 dictam
1010 784 1172 833 crucem.
1195 756 1294 834 Cum
1320 773 1446 832 autem
1464 777 1637 862 receptor

214 884 278 988 qui
305 911 391 961 cum
417 884 499 962 aliis
525 901 755 962 remanserat
779 885 818 960 in
843 885 940 961 dicta
960 886 1100 990 capella
1127 885 1329 962 audivisset
1352 885 1476 990 ipsum
1500 905 1635 965 testem

214 1012 391 1102 flentem,
415 1013 508 1090 dixit
522 1014 700 1119 predictis
719 1016 828 1120 Hugo
850 1031 888 1090 et
907 1013 1113 1092 Guillelmo
1140 1013 1246 1120 quod
1270 1014 1505 1092 dimitterent
1530 1045 1634 1104 eum,

214 1142 303 1246 quia
323 1140 486 1220 facerent
506 1172 593 1220 eum
611 1145 764 1221 alienari
786 1171 934 1222 asensu
949 1143 1020 1220 nisi
1045 1145 1297 1232 dimitterent,
1320 1161 1357 1219 et
1376 1161 1466 1220 tunc
1487 1145 1638 1221 dimise-

215 1290 304 1349 runt
323 1301 428 1362 eum,
447 1291 483 1351 et
502 1274 694 1380 predictus
708 1289 879 1379 receptor
898 1274 1053 1350 tradidit
1068 1275 1137 1379 ipsi
1154 1275 1240 1353 testi
1259 1273 1460 1380 quemdam
1484 1304 1637 1380 parvum

218 1398 359 1478 librum
374 1404 412 1478 in
431 1431 507 1508 quo
523 1421 601 1480 erat
619 1404 755 1510 scripta
768 1403 896 1511 regula
912 1430 1061 1492 eorum,
1080 1403 1118 1479 in
1139 1431 1216 1509 quo
1237 1404 1393 1509 quidem
1408 1403 1507 1481 libro
1522 1406 1636 1481 nichil

214 1531 305 1640 legit
321 1560 391 1609 nec
410 1532 551 1610 invenit
566 1533 752 1610 illicitum.
775 1534 872 1612 Cum
889 1550 1015 1610 autem
1036 1550 1122 1639 post
1138 1533 1284 1641 aliquos
1304 1534 1384 1611 dies
1400 1533 1532 1612 luisset
1552 1563 1638 1610 con-

214 1679 369 1765 questus
386 1662 433 1739 de
453 1662 630 1768 predictis
647 1663 746 1739 dicto
761 1662 967 1768 receptori,
990 1663 1185 1769 respondit
1205 1662 1238 1740 ei
1258 1665 1363 1769 quod
1380 1691 1457 1740 non
1473 1680 1635 1749 curaret,

213 1791 302 1895 quia
321 1819 388 1894 pro
403 1791 501 1868 trusa
514 1791 652 1869 fecerat
672 1792 895 1898 supradicta.
917 1792 1131 1898 Requisitus
1151 1793 1180 1869 si
1201 1792 1289 1878 scit,
1310 1791 1431 1869 credit
1450 1791 1508 1868 vel
1529 1792 1637 1867 audi·

214 1919 264 1995 vit
280 1919 352 1996 dici
372 1921 476 2026 quod
500 1921 597 1997 dicta
611 1921 741 1998 illicita
758 1920 816 1997 vel
836 1921 961 2027 aliqua
980 1920 1053 1996 alia
1081 1920 1211 1997 illicita
1232 1919 1500 1997 intervenirent
1520 1920 1558 1993 ιιι
1577 1949 1637 1995 re-

211 2048 451 2154 cepcionibus
470 2049 629 2125 aliorum
650 2049 808 2124 fratrum
825 2048 968 2124 ordinis
988 2049 1047 2124 vel
1066 2066 1166 2154 post,
1192 2048 1387 2153 respondit
1405 2048 1509 2153 quod
1526 2076 1623 2132 non,

213 2177 301 2281 quia
321 2205 398 2253 non
417 2164 681 2254 continebatur
701 2179 741 2252 in
762 2177 859 2254 dicta
882 2173 1027 2285 regula,
1050 2195 1088 2254 et
1113 2178 1201 2282 quia
1225 2177 1318 2252 vidit
1334 2174 1487 2253 fratrem
1512 2178 1638 2281 Hugo-

214 2334 301 2381 nem
313 2304 543 2384 deBozcesel
573 2306 732 2383 militem
747 2308 1018 2391 Viennensem,
1042 2307 1108 2412 qui
1136 2334 1215 2385 esse
1240 2306 1380 2382 dicitur
1397 2306 1494 2383 ultra
1515 2335 1635 2394 mare,

213 2464 281 2540 per
300 2433 454 2512 fratrem
470 2435 721 2514 Guillelmum
747 2438 794 2513 de
815 2438 910 2514 Lurs
925 2436 1139 2542 predictum
1159 2437 1274 2541 recipi
1296 2437 1335 2512 in
1364 2437 1462 2512 dicta
1477 2436 1635 2542 capella,

214 2565 308 2641 circa
337 2565 479 2643 instans
508 2564 645 2642 festum
677 2566 815 2643 Pasche
846 2582 958 2642 erunt
980 2591 1030 2644 vu
1058 2567 1162 2654 anni,
1192 2566 1431 2672 presentibus
1461 2565 1637 2643 fratribus

213 2693 420 2771 Guillelmo
441 2694 583 2784 Gihon,
605 2696 669 2799 qui
691 2694 883 2772 detinetur
902 2695 1086 2784 Parisius,
1111 2696 1254 2801 Symon
1278 2694 1448 2799 Lobrege
1470 2711 1507 2769 et
1530 2694 1636 2772 Guil-

214 2820 329 2900 lelmo
344 2823 480 2902 Villani
503 2824 692 2929 predict03
718 2826 758 2900 in
777 2826 883 2931 cujus
902 2825 1121 2929 recepcione
1141 2824 1201 2900 vel
1226 2840 1312 2928 post
1336 2850 1412 2900 non
1433 2822 1542 2912 vidit,
1570 2851 1638 2898 nec

213 2953 331 3043 scivit,
353 2982 423 3030 nec
445 2955 588 3031 audivit
608 2954 682 3031 dici
703 2954 848 3059 aliquid
872 2953 1112 3030 intervenisse
1135 2953 1329 3041 illicitum,
1353 2952 1400 3028 de
1421 2980 1498 3055 quo
1519 2952 1635 3027 eciam

214 3085 456 3189 postmodum
474 3085 713 3192 interrogavit
732 3083 876 3160 dictum
896 3082 1049 3160 fratrem
1065 3084 1281 3189 Hugonem‚
1305 3082 1370 3188 qui
1388 3080 1583 3185 respondit
1601 3083 1635 3156 ei

213 3213 318 3320 quod
332 3215 448 3292 nichil
469 3214 642 3291 illicitum
664 3214 914 3290 intervenerat
935 3213 976 3289 in
998 3212 1097 3290 dicta
1117 3241 1184 3289 sua
1209 3212 1429 3316 recepcione
1455 3209 1513 3285 vel
1540 3228 1633 3314 post.

215 3345 329 3432 Item,
352 3343 444 3421 dixit
467 3371 507 3420 se
531 3343 630 3420 bene
653 3345 807 3420 credere
828 3340 1084 3418 ecclesiasticis
1104 3339 1360 3425 sacramentis,
1382 3356 1419 3415 et
1441 3339 1545 3444 quod
1576 3369 1637 3415 eo-

216 3501 301 3548 rum
326 3473 538 3550 sacerdotes
559 3471 688 3550 debite
715 3471 965 3560 celebrarent,
992 3487 1029 3548 et
1058 3469 1151 3549 vidit
1176 3471 1215 3545 in
1241 3470 1301 3546 die
1329 3469 1485 3547 Veneris
1513 3488 1636 3545 sancta

218 3630 368 3678 crucem
387 3603 522 3680 devote
538 3619 576 3679 et
589 3619 803 3679 reverenter
820 3603 859 3679 in
872 3601 1005 3679 ordine
1021 3601 1186 3708 adorari;
1209 3616 1246 3676 et
1261 3599 1333 3676 hoc
1347 3626 1413 3704 per¹
1425 3598 1635 3703 superiores

218 3758 306 3808 suos
324 3731 600 3837 precipiebatur
621 3733 776 3810 eisdem.
802 3733 936 3809 Statim
960 3759 1031 3835 pro
1051 3729 1227 3834 professis
1253 3728 1499 3805 habebantur.
1525 3724 1636 3803 Clau-

215 3861 361 3938 destine
385 3862 672 3968 recipiebantur,
701 3861 817 3940 nullis
842 3860 1081 3967 presentibus
1105 3860 1177 3936 nisi
1199 3857 1374 3934 iratribus
1400 3854 1559 3941 ordinis,
1588 3881 1632 3929 ex

215 4017 292 4093 quo
317 3991 438 4067 credit
460 3991 564 4096 quod
580 4008 677 4068 esset
697 3991 861 4097 suspicio
881 4007 1011 4068 contra
1031 4016 1107 4067 eos.
1133 3987 1317 4067 Ordinem
1337 3984 1635 4063 Cartusiensium

143 4219 149 4230 ἱ
216 4115 354 4194 intrare
375 4135 560 4221 poterant.
584 4119 770 4198 Cordulas
788 4119 929 4226 quihus
957 4117 1201 4223 cingebantur
1230 4141 1343 4218 super
1362 4112 1530 4191 camisias
1549 4143 1634 4191 cum

216 4244 355 4351 quibus
366 4249 543 4354 jacebant
555 4247 795 4324 assumebant
814 4249 917 4324 unde
933 4246 1120 4323 volebant.
1137 4242 1409 4348 lnjungebatur
1428 4244 1482 4322 eis
1501 4272 1568 4349 per
1585 4274 1636 4321 sa-

218 4392 453 4454 cramentum
469 4404 517 4453 ne
532 4377 740 4453 revelarent
753 4391 894 4453 secreta
912 4358 1253 4480 capitulorum,‘'ile
1275 4374 1390 4451 modo
1408 4375 1637 4481 recepcionis

217 4505 256 4581 in
279 4505 429 4611 speciali
454 4533 531 4583 non
563 4505 689 4585 habita
718 4505 927 4583 mencione.
948 4505 1027 4599 Qui
1053 4503 1279 4581 revelassent
1307 4504 1429 4609 puniti
1457 4503 1632 4591 luissent,

218 4637 336 4714 nescit
348 4637 521 4742 qualiter.
541 4636 579 4715 Si
593 4636 659 4743 qui
685 4653 790 4713 erant
808 4635 939 4713 fratres
962 4635 1123 4713 scientes
1149 4661 1396 4711 esseserrores
1425 4635 1462 4712 in
1483 4634 1633 4719 ordine,

218 4766 372 4844 hrerunt
390 4766 622 4875 negligentes
641 4767 730 4872 quia
757 4794 835 4844 non
864 4780 1106 4843 correxerunt
1124 4792 1189 4842 eos
1219 4792 1289 4842 nec
1312 4762 1632 4844 denunciaverunt
