4230 5956
635 464 832 554 esoces
857 482 954 554 nus
980 481 1277 554 rnnrxxnns.
1595 480 1668 555 ans

248 621 374 728 tingit,
397 621 485 697 alias
504 620 676 698 cordulas
695 623 883 728 recipiunt
903 622 1073 730 ejusdem
1083 621 1325 728 longitudinis
1339 620 1397 697 nel
1409 621 1558 700 alterius
1578 626 1671 700 sicut

113 773 116 776 ⁴
248 752 384 856 placen
405 779 474 828 nec
496 752 549 828 eis
568 770 788 858 preceptum
805 752 850 829 fit
869 753 916 830 ab
932 751 1057 858 aliquo
1076 753 1115 827 in
1132 753 1232 829 dicto
1253 752 1384 828 ordine
1400 753 1614 855 presidente
1629 775 1671 830 ut

248 882 296 958 ad
311 900 447 959 certam
465 883 739 990 longitudinem
758 885 814 960 rel
833 912 1046 960 mensuram
1067 901 1217 989 portent
1238 880 1409 960 cordulas
1429 884 1640 961 antedictas.

304 1011 461 1089 Addidit
480 1041 631 1119 quoque
655 1032 691 1090 et
719 1013 810 1089 dixit
832 1014 934 1119 quod
955 1012 1015 1089 illa
1037 1042 1110 1120 que
1132 1031 1293 1119 aguntur
1313 1031 1349 1087 et
1364 1011 1459 1088 frunt
1478 1013 1517 1087 in
1539 1040 1669 1090 eorum

249 1142 421 1249 capitulis
440 1142 579 1219 debent
593 1161 631 1220 et
644 1162 821 1221 tenentur
840 1144 879 1219 in
900 1161 1042 1221 secreto
1063 1142 1217 1230 habere,
1240 1160 1368 1218 tenere
1389 1160 1426 1218 et
1442 1142 1582 1228 nemini
1603 1174 1670 1248 pu-

248 1273 548 1377 blicare3penam
570 1291 694 1349 autem
713 1274 777 1380 qni
798 1289 925 1351 contra
941 1273 1094 1360 faceret,
1111 1273 1330 1362 sustineret,
1352 1273 1439 1377 quia
1461 1273 1672 1350 amitterent

249 1402 405 1479 comoda
427 1403 561 1479 domus
579 1403 739 1508 Templi.

305 1534 397 1608 ltem
418 1532 509 1608 dixit
528 1532 633 1636 quod
652 1534 700 1609 de
721 1530 793 1609 hiis
814 1561 888 1639 que
909 1550 987 1611 acta
1007 1549 1094 1611 sunt
1114 1533 1189 1609 sive
1211 1532 1308 1608 dicta
1327 1532 1365 1607 in
1385 1532 1555 1638 capitulis
1574 1534 1671 1640 ejus·-

250 1661 335 1736 dem
356 1660 499 1738 ordinis
518 1689 594 1739 non
620 1663 709 1738 licet
735 1663 908 1769 cuiquam
935 1691 1066 1739 eornm
1092 1662 1196 1767 loqui
1219 1663 1387 1767 personis
1415 1661 1495 1737 aliis
1518 1690 1671 1766 prorsus

249 1793 448 1878 extrancis,
476 1820 545 1869 nec
571 1793 641 1868 nisi
667 1793 914 1871 confratribus
938 1794 1003 1899 qui
1030 1792 1137 1870 dictis
1162 1792 1330 1897 capitulis
1356 1792 1555 1876 affuerunt.
1582 1794 1671 1870 Plus

250 1921 365 1996 eciam
383 1921 486 1996 idem
505 1921 619 1997 frater
642 1922 734 1998 dixit
753 1924 856 2026 quod
876 1921 1006 1999 fratres
1026 1921 1114 1998 dicti
1136 1921 1277 1998 ordinis
1297 1925 1362 1997 s'ua
1383 1940 1537 2027 possunt
1556 1923 1671 2000 confi-

248 2051 317 2126 teri
337 2066 485 2155 peccata
510 2049 686 2128 fratribus
705 2050 873 2157 ejusdem
894 2051 1039 2129 ordinis
1062 2050 1279 2155 presbiteris
1305 2050 1515 2155 capellanie,
1542 2052 1669 2156 eisque

251 2176 526 2266 deficientibus,
548 2197 704 2283 possunt
728 2180 886 2257 licenter
909 2180 1012 2257 adire
1034 2180 1227 2288 religiosos
1253 2178 1438 2286 quoslibet
1462 2181 1670 2259 sacerdotes

250 2308 451 2415 approbate
470 2309 677 2417 religionis,
697 2310 755 2386 vel
774 2311 805 2387 si
825 2311 970 2400 malint,
995 2311 1176 2387 seculares
1195 2310 1286 2387 alios
1300 2310 1508 2387 sacerdotes
1528 2311 1670 2388 ordinis

249 2439 528 2544 presbiteralern
542 2439 804 2517 execucionenx
815 2440 1011 2529 habenteS‚
1025 2441 1164 2547 quibus
1179 2469 1243 2517 sua
1257 2440 1500 2517 confiteantur
1507 2460 1667 2545 peccata,

250 2587 288 2645 et
303 2569 349 2645 ab
369 2570 423 2646 eis
442 2570 489 2645 dc
508 2597 592 2646 rere
608 2568 785 2647 confessis
803 2571 984 2676 recipiant
998 2570 1227 2676 penitencias
1245 2568 1437 2647 salutares.
1452 2570 1510 2645 Ad
1526 2600 1567 2646 ea
1583 2599 1669 2648 vcro

249 2727 324 2806 que
339 2702 378 2777 in
393 2700 556 2778 articulis
573 2701 812 2778 continentur
830 2702 935 2808 quod
950 2702 1110 2806 majores
1126 2718 1163 2778 et
1178 2701 1408 2805 presidentes
1422 2701 1564 2776 ordinis
1579 2701 1668 2778 dicti

248 2829 395 2933 Templi
424 2830 583 2907 scientes
605 2830 724 2906 dictos
751 2858 897 2907 errores
915 2830 973 2907 vel
1000 2830 1144 2938 aliquos
1164 2829 1211 2905 de
1237 2830 1380 2906 eisdem
1408 2856 1488 2905 esse
1509 2829 1548 2905 in
1569 2830 1668 2907 dicto

249 2959 382 3035 ordine
401 2960 459 3037 vel
478 2959 610 3048 fuisse,
633 2961 809 3066 ipsosque
830 2959 971 3036 fratres·
987 2986 1109 3035 errare
1129 2960 1287 3064 graviter
1305 2960 1344 3034 in
1365 2957 1507 3038 eisdem
1529 2987 1668 3065 eosque

248 3089 431 3193 corrigere
460 3107 601 3166 temere
632 3089 862 3197 negligentes
890 3116 960 3165 nec
986 3090 1057 3167 Dei
1086 3088 1245 3165 Ecclesie
1274 3088 1450 3164 nunciare
1477 3108 1665 3177 curarunt,

246 3218 440 3322 respondit
453 3236 490 3295 et
504 3218 595 3294 dixit
608 3219 797 3324 predictos
809 3246 955 3295 errores
967 3231 1152 3323 nusquam
1165 3217 1314 3293 indicto
1329 3217 1459 3293 ordine
1475 3218 1669 3295 exordium

247 3345 437 3435 habuisse,
451 3376 521 3424 nec
534 3376 692 3454 usquam
708 3348 755 3424 de
772 3348 826 3425 eis
838 3349 1065 3425 mentionem
1080 3348 1243 3453 aliquam
1256 3346 1415 3423 credidit
1428 3345 1560 3423 factam
1570 3376 1668 3438 esse;

249 3477 443 3554 etidcirco
461 3506 530 3554 nec
548 3477 652 3555 locus
672 3479 898 3556 correccioni
926 3477 998 3554 fuit
1019 3478 1204 3554 dictorum
1225 3504 1411 3562 errorum,
1434 3504 1507 3551 nec
1523 3478 1670 3556 denun-

248 3606 402 3683 ciacioni
423 3624 545 3683 sancte
566 3608 636 3684 Dei
656 3607 819 3684 Ecclesie
844 3607 1012 3682 faciende
1031 3602 1081 3682 ⁴de
1094 3604 1190 3680 illis.
1211 3605 1300 3686 Plus
1319 3604 1465 3679 addidit
1483 3622 1520 3678 et
1534 3604 1669 3710 adjecit

248 3763 383 3813 senon
402 3735 555 3811 credere
574 3734 703 3811 fratres
724 3735 789 3839 qui
810 3735 1004 3839 injudicio
1025 3751 1063 3810 et
1083 3750 1181 3810 extra
1207 3760 1350 3810 errores
1371 3733 1557 3838 predictos
1581 3762 1669 3809 con-

248 3862 333 3940 fessi
354 3880 441 3940 sunt
458 3864 648 3941 veritatem
673 3862 826 3951 dixisse,
849 3891 918 3940 nec
944 3863 1067 3941 credit
1086 3862 1217 3941 fratres
1238 3863 1330 3940 alios
1354 3863 1443 3939 dicti
1464 3864 1606 3939 ordinis
1630 3866 1668 3941 in

247 3993 425 4097 predictis
440 3993 629 4070 erroribus
649 3993 863 4100 deliquisse.

305 4121 363 4198 Ad
377 4123 515 4214 lxxxnr,
538 4122 674 4200 lxxxrrn
696 4139 732 4199 et
750 4124 856 4201 lxxxv
876 4123 1051 4199 articulos
1063 4122 1256 4213 inclusive,
1277 4121 1474 4228 diligenter
1487 4121 1669 4228 etsigilla·
1734 4204 1736 4208 ,

248 4253 318 4328 tim
348 4253 611 4358 interrogatus,
641 4254 873 4359 'respondens
895 4253 988 4330 dixit
1014 4280 1054 4330 se
1079 4253 1231 4329 credere
1257 4252 1446 4357 predictos
1467 4251 1604 4329 milites
1632 4270 1669 4327 et

250 4380 342 4459 alios
364 4383 495 4461 fratres
517 4384 605 4461 dicti
627 4383 770 4461 ordinis
792 4412 916 4462 coram
940 4382 1094 4460 domino
1117 4399 1244 4459 nostro
1265 4410 1414 4459 summo
1437 4378 1612 4487 pontifice
1632 4397 1669 4456 et

249 4539 373 4588 coram
394 4512 554 4589 dominis
581 4512 830 4590 cardinalibus
857 4530 894 4591 et
918 4513 956 4588 in
977 4512 1056 4620 ejus
1083 4512 1300 4590 consistorio
1325 4541 1392 4618 per
1411 4514 1666 4619 juramentum

248 4639 363 4719 fuisse
386 4642 572 4721 confessos
598 4648 743 4720 errores
765 4644 813 4720 de
833 4644 971 4749 quibus
991 4645 1029 4720 in
1049 4645 1209 4722 articulis
1227 4645 1405 4750 predictis
1424 4645 1555 4751 egitur,
1574 4644 1666 4721 falso

250 4771 364 4850 modo
377 4790 555 4851 tamenet
567 4790 693 4851 contra
705 4775 829 4852 Deum
847 4790 885 4850 et
899 4801 1023 4852 veram
1031 4774 1235 4882 justiciam,
1258 4803 1344 4852 cnm
1362 4775 1402 4852 in
1419 4775 1518 4854 dicto
1533 4774 1667 4852 ordine
