4230 5956
671 465 863 559 mouns
890 484 985 557 uus
1012 484 1310 559 rsupuuas.
1626 491 1692 564 151

279 625 525 733 quandoque,
549 644 587 703 et
605 627 873 733 providebatur
891 626 989 707 bene
1008 627 1113 734 quod
1133 655 1210 706 non
1232 626 1455 705 audirentur
1474 632 1636 708 exterius
1657 661 1698 709 ea

278 785 352 862 que
373 757 531 835 interius
551 755 768 864 agebantur.
791 757 1064 837 Ordinaciones
1082 757 1177 837 facte
1191 787 1259 864 per
1273 758 1492 868 Magistrum
1508 788 1595 836 cum
1610 789 1698 838 oon-

278 906 392 966 ventu
410 915 481 965 suo
498 905 639 967 servate
658 887 816 967 fuissent
836 891 874 967 in
895 889 1048 980 ordine,
1065 908 1193 967 contra
1208 918 1323 996 quem
1338 889 1491 996 grandia
1507 891 1693 978 scandala,

277 1019 440 1125 suspicio
456 1036 494 1095 et
509 1017 659 1097 infamia
678 1039 768 1099 sunt
788 1037 932 1112 exorta3
953 1038 993 1097 et
1011 1020 1140 1099 illicita
1160 1019 1364 1098 consessata
1382 1049 1451 1126 per
1470 1049 1558 1098 eum
1579 1023 1698 1098 credit

279 1177 359 1226 esse
380 1166 467 1227 nota
487 1149 663 1228 fratribus
683 1149 843 1240 ordinis,
873 1167 1000 1228 contra
1027 1178 1142 1257 quem
1167 1150 1314 1227 audivit
1329 1150 1404 1227 dici
1422 1178 1600 1258 magnum
1623 1153 1698 1231 Ma·

277 1279 438 1383 gistrum
456 1297 496 1356 et
512 1279 603 1358 alios
623 1280 768 1389 aliquos
788 1309 953 1368 errores,
975 1282 1096 1360 nescit
1114 1310 1227 1387 quos,
1249 1280 1362 1387 luisse
1382 1280 1581 1360 confessos.

241 1436 243 1441 ·
335 1409 549 1516 Requisitus
563 1410 593 1486 si
609 1411 661 1487 sic
675 1412 902 1517 deposuerat
914 1440 1041 1518 prece,
1057 1427 1246 1518 precepto,
1261 1411 1417 1503 timore,
1434 1439 1576 1502 amore,
1593 1413 1694 1500 odio,

277 1540 335 1616 vel
354 1541 551 1647 temporali
573 1543 737 1620 comodo
751 1543 880 1621 habito
895 1543 953 1620 vel
968 1542 1157 1632 babendo,
1178 1544 1374 1649 respondit
1387 1542 1490 1651 quod
1511 1572 1607 1631 non,
1630 1545 1696 1621 sed

277 1698 346 1774 pro
366 1671 519 1749 veritate
541 1671 717 1761 dicendas
739 1673 801 1750 cui
823 1671 895 1751 fuit
920 1674 1131 1782 injunctum
1160 1673 1265 1779 quod
1292 1702 1369 1752 non
1396 1673 1575 1750 revelaret
1600 1675 1695 1751 hanc

277 1827 384 1875 suum
400 1801 697 1906 deposicionem,
714 1832 914 1910 quousque
930 1806 1187 1883 attestaciones
1198 1803 1339 1880 luerint
1351 1803 1558 1910 publicate3
1571 1820 1608 1880 et
1618 1832 1694 1881 non

277 1927 466 2006 obtulerat
486 1959 525 2006 se
547 1909 596 2008 ad
617 1933 888 2011 deffensionem
912 1935 1065 2012 ordinis.

332 2194 380 2269 Et
399 2192 541 2269 ibidem
561 2190 693 2270 fratres
717 2194 911 2273 Benardus
938 2195 986 2272 de
1018 2196 1109 2274 Bort
1141 2195 1252 2272 miles
1281 2196 1572 2284 Lemovicensis,
1606 2197 1695 2271 Ber·

278 2323 416 2400 nardus
443 2323 618 2400 Ademari
646 2323 773 2415 miles,
801 2325 1004 2404 Durandua
1030 2326 1239 2416 Passerion,
1268 2327 1400 2403 Petrus
1425 2324 1626 2415 Almmini,
1658 2344 1696 2402 et

277 2454 697 2561 Baymundusdmalini
718 2455 989 2547 Rutbenensis,
1024 2454 1147 2564 Guigo
1167 2456 1221 2534 de·
1234 2457 1341 2562 Rupe
1363 2457 1528 2534 Talbada
1555 2458 1696 2564 presbi-

276 2602 334 2661 ter
353 2585 580 2673 dumiensis,
609 2588 743 2664 Petrus
762 2585 953 2665 Gontandi
983 2588 1228 2676 lodovensis,
1257 2589 1488 2666 Bertrandus
1506 2588 1598 2664 Boni
1621 2589 1695 2664 llo-

276 2717 390 2793 minis
410 2717 664 2805 Caturceusis,
686 2735 724 2795 et
743 2717 949 2796 Guibertus
968 2718 1117 2824 Rogerii
1136 2717 1453 2797 Claramontensis
1469 2718 1691 2806 diocesium,

277 2847 426 2925 adducti
443 2877 511 2953 pro
526 2849 688 2927 testibus
705 2848 752 2926 ad
768 2849 998 2952 presenciam
1020 2847 1241 2925 eorumdem
1263 2848 1506 2924 dominorum
1521 2848 1695 2924 commis·

275 2978 478 3070 sariomm‚
505 2980 777 3085 protestacione
805 2979 984 3084 premissa
1010 2978 1112 3084 quod
1141 3007 1217 3054 non
1242 2977 1445 3055 intendunt
1470 2977 1646 3055 recedere
1673 3009 1694 3055 a

276 3110 581 3215 deposicionibus
600 3112 677 3187 suis
696 3139 763 3216 per
784 3138 847 3188 eos
866 3109 956 3187 alias
976 3109 1080 3187 lactis
1100 3138 1229 3188 coram
1247 3109 1460 3198 ordinariis,
1483 3125 1519 3185 et
1538 3109 1692 3215 quodsi

275 3242 360 3346 plus
378 3242 436 3319 vel
457 3243 582 3320 minus
601 3242 770 3320 dicerent
789 3270 919 3319 coram·
930 3243 1019 3348 ipsis
1035 3241 1199 3319 dominis
1214 3238 1494 3330 commissoriis,
1516 3240 1621 3347 quod
1641 3242 1694 3318 eis

275 3401 352 3451 non
372 3374 599 3480 prejudicat,
616 3375 852 3480 juraverunt,
880 3373 986 3450 tactis
1005 3373 1245 3450 sacrosanctis
1263 3369 1488 3478 Euangelus,
1510 3370 1634 3447 dicere
1654 3372 1694 3447 in

276 3505 345 3580 isto
366 3505 521 3610 negocio
541 3522 658 3582 totam
677 3505 829 3609 plenam
849 3522 891 3581 et·
906 3532 1048 3582 meram
1069 3504 1280 3592 veritatem,
1305 3502 1514 3580 secundum
1535 3501 1692 3578 formam

270 3635 474 3738 juramenti
495 3633 654 3712 aliorum
670 3636 824 3713 testium
840 3636 1011 3740 superius
1024 3634 1273 3741 registratam,
1291 3632 1492 3738 expositam
1514 3648 1551 3707 et
1570 3633 1693 3735 vulga·

275 3762 424 3841 rizatam
444 3764 600 3842 eisdem.

330 3893 419 3972 Acta
439 3893 591 3972 lucrum
611 3894 681 3971 bac
700 3894 810 3971 dictis
829 3895 890 3970 die
912 3911 950 3970 et
969 3893 1071 3980 loco,
1088 3890 1327 3997 presentibus
1342 3893 1518 3996 mag-istro
1536 3889 1690 3976 Amisio,
1726 3961 1733 3979 ,

276 4051 335 4098 me
355 4024 610 4101 Flos-lamenta
629 4024 850 4114 Dondedei,
873 4042 909 4100 et
929 4023 1011 4100 aliis
1026 4022 1181 4099 notariis
1196 4048 1307 4126 supra
1322 4019 1459 4095 ultimo
1479 4018 1690 4096 nominatis.

212 4352 214 4356 ,
331 4284 419 4358 Post
438 4282 524 4370 bec,
546 4283 612 4361 die
629 4284 784 4359 Veneris
802 4282 994 4386 sequenti,
1025 4308 1111 4385 que
1126 4279 1197 4354 ibit
1223 4305 1246 4353 u
1275 4277 1357 4355 dies
1382 4279 1520 4357 mensis
1547 4281 1694 4385 aprilis,

275 4411 347 4489 luit
360 4411 546 4489 adductus
561 4411 608 4488 ad
623 4411 852 4515 presenciam
869 4408 1057 4487 dictorum
1072 4407 1314 4486 dominorum
1332 4408 1689 4496 commissariorum,

275 4543 314 4618 in
340 4542 454 4620 domo
481 4542 648 4649 predicta
672 4517 816 4619 domini
844 4540 944 4618 Petri
978 4541 1026 4618 de
1051 4540 1253 4628 Sabaudia,
1282 4538 1396 4618 frater
1418 4541 1613 4618 benardus
1645 4542 1693 4617 de

276 4676 364 4751 Bnrt
385 4674 512 4767 miles,
538 4689 736 4780 preceptor
756 4674 893 4751 domus
912 4671 1061 4778 Templi
1083 4672 1129 4749 de
1150 4672 1268 4749 Podio
1288 4672 1399 4751 Nucis
1419 4673 1693 4751 lemovicensis

277 4805 452 4894 diocesis,
474 4805 577 4881 testis
597 4797 709 4909 supra
723 4804 888 4911 juratus,
909 4819 952 4878 ut
971 4803 1178 4908 deponeret
1197 4801 1341 4879 dictum
1361 4818 1492 4893 suum,
1514 4805 1693 4910 quinquo
