<?xml version="1.0" encoding="UTF-8"?>
<!DOCTYPE html PUBLIC "-//W3C//DTD XHTML 1.0 Transitional//EN"
    "http://www.w3.org/TR/xhtml1/DTD/xhtml1-transitional.dtd">
<html xmlns="http://www.w3.org/1999/xhtml" xml:lang="en" lang="en">
 <head>
  <title>
</title>
<meta http-equiv="Content-Type" content="text/html;charset=utf-8" />
  <meta name='ocr-system' content='tesseract 3.04.00' />
  <meta name='ocr-capabilities' content='ocr_page ocr_carea ocr_par ocr_line ocrx_word'/>
</head>
<body>
  <div class='ocr_page' id='page_1' title='image "./procsdestemplie01defegoog_0293.png"; bbox 0 0 4230 5956; ppageno 0'>
   <div class='ocr_carea' id='block_1_1' title="bbox 633 458 1650 559">
    <p class='ocr_par' dir='ltr' id='par_1_1' title="bbox 633 458 1650 559">
     <span class='ocr_line' id='line_1_1' title="bbox 633 458 1650 559; baseline 0.008 -10"><span class='ocrx_word' id='word_1_1' title='bbox 633 458 831 553; x_wconf 80' lang='lat' dir='ltr'><strong>raocr&#39;rs</strong></span> <span class='ocrx_word' id='word_1_2' title='bbox 861 478 956 550; x_wconf 81' lang='lat' dir='ltr'><strong>nus</strong></span> <span class='ocrx_word' id='word_1_3' title='bbox 987 477 1289 551; x_wconf 76' lang='lat' dir='ltr'><strong>ravennas.</strong></span> <span class='ocrx_word' id='word_1_4' title='bbox 1574 488 1650 559; x_wconf 82' lang='lat' dir='ltr'><strong>aar</strong></span> 
     </span>
    </p>
   </div>
   <div class='ocr_carea' id='block_1_2' title="bbox 234 596 1709 3700">
    <p class='ocr_par' dir='ltr' id='par_1_2' title="bbox 234 596 1709 3020">
     <span class='ocr_line' id='line_1_2' title="bbox 239 596 1709 730; baseline 0.007 -38"><span class='ocrx_word' id='word_1_5' title='bbox 239 615 346 693; x_wconf 88' lang='lat' dir='ltr'><strong>cione</strong></span> <span class='ocrx_word' id='word_1_6' title='bbox 364 644 431 694; x_wconf 88' lang='lat' dir='ltr'><strong>sua</strong></span> <span class='ocrx_word' id='word_1_7' title='bbox 449 618 553 723; x_wconf 90' lang='lat' dir='ltr'><strong>quod</strong></span> <span class='ocrx_word' id='word_1_8' title='bbox 567 617 800 696; x_wconf 86' lang='lat' dir='ltr'><strong>conculcaret</strong></span> <span class='ocrx_word' id='word_1_9' title='bbox 818 620 1067 709; x_wconf 79' lang='lat' dir='ltr'><strong>erucem,sed</strong></span> <span class='ocrx_word' id='word_1_10' title='bbox 1086 621 1164 730; x_wconf 88' lang='lat' dir='ltr'><strong>ipse</strong></span> <span class='ocrx_word' id='word_1_11' title='bbox 1180 647 1263 697; x_wconf 90' lang='lat' dir='ltr'><strong>eam</strong></span> <span class='ocrx_word' id='word_1_12' title='bbox 1280 619 1403 695; x_wconf 88' lang='lat' dir='ltr'><strong>noluit</strong></span> <span class='ocrx_word' id='word_1_13' title='bbox 1420 623 1651 703; x_wconf 84' lang='lat' dir='ltr'><strong>conculcare.</strong></span> <span class='ocrx_word' id='word_1_14' title='bbox 1701 596 1709 607; x_wconf 30' lang='grc' dir='ltr'>ι</span> 
     </span>
     <span class='ocr_line' id='line_1_3' title="bbox 238 745 1654 854; baseline 0.007 -33"><span class='ocrx_word' id='word_1_15' title='bbox 238 745 350 834; x_wconf 87' lang='lat' dir='ltr'><strong>Item,</strong></span> <span class='ocrx_word' id='word_1_16' title='bbox 368 747 462 823; x_wconf 81' lang='lat' dir='ltr'><strong>dixit</strong></span> <span class='ocrx_word' id='word_1_17' title='bbox 482 748 586 854; x_wconf 93' lang='lat' dir='ltr'><strong>quod</strong></span> <span class='ocrx_word' id='word_1_18' title='bbox 604 747 684 854; x_wconf 87' lang='lat' dir='ltr'><strong>ipse</strong></span> <span class='ocrx_word' id='word_1_19' title='bbox 705 749 803 826; x_wconf 88' lang='lat' dir='ltr'><strong>bene</strong></span> <span class='ocrx_word' id='word_1_20' title='bbox 823 748 1000 826; x_wconf 89' lang='lat' dir='ltr'><strong>credebat</strong></span> <span class='ocrx_word' id='word_1_21' title='bbox 1022 749 1276 827; x_wconf 88' lang='lat' dir='ltr'><strong>ecclesiasticis</strong></span> <span class='ocrx_word' id='word_1_22' title='bbox 1299 753 1553 842; x_wconf 77' lang='lat' dir='ltr'><strong>sacramentis,</strong></span> <span class='ocrx_word' id='word_1_23' title='bbox 1574 783 1654 831; x_wconf 88' lang='lat' dir='ltr'><strong>cre-</strong></span> 
     </span>
     <span class='ocr_line' id='line_1_4' title="bbox 238 875 1653 986; baseline 0.006 -36"><span class='ocrx_word' id='word_1_24' title='bbox 238 875 331 952; x_wconf 90' lang='lat' dir='ltr'><strong>dens</strong></span> <span class='ocrx_word' id='word_1_25' title='bbox 345 878 450 983; x_wconf 92' lang='lat' dir='ltr'><strong>quod</strong></span> <span class='ocrx_word' id='word_1_26' title='bbox 466 877 528 955; x_wconf 88' lang='lat' dir='ltr'><strong>alii</strong></span> <span class='ocrx_word' id='word_1_27' title='bbox 543 876 677 957; x_wconf 86' lang='lat' dir='ltr'><strong>fratres</strong></span> <span class='ocrx_word' id='word_1_28' title='bbox 688 878 831 956; x_wconf 86' lang='lat' dir='ltr'>ordinis</span> <span class='ocrx_word' id='word_1_29' title='bbox 843 878 977 956; x_wconf 90' lang='lat' dir='ltr'><strong>eodem</strong></span> <span class='ocrx_word' id='word_1_30' title='bbox 993 878 1109 955; x_wconf 90' lang='lat' dir='ltr'><strong>modo</strong></span> <span class='ocrx_word' id='word_1_31' title='bbox 1120 879 1333 966; x_wconf 81' lang='lat' dir='ltr'><strong>crederent,</strong></span> <span class='ocrx_word' id='word_1_32' title='bbox 1348 895 1386 955; x_wconf 89' lang='lat' dir='ltr'><strong>et</strong></span> <span class='ocrx_word' id='word_1_33' title='bbox 1400 879 1653 986; x_wconf 87' lang='lat' dir='ltr'><strong>quodeorurn</strong></span> 
     </span>
     <span class='ocr_line' id='line_1_5' title="bbox 237 1006 1653 1101; baseline 0.005 -20"><span class='ocrx_word' id='word_1_34' title='bbox 237 1006 449 1083; x_wconf 71' lang='lat' dir='ltr'><strong>sacerdotes</strong></span> <span class='ocrx_word' id='word_1_35' title='bbox 469 1007 594 1084; x_wconf 88' lang='lat' dir='ltr'><strong>debite</strong></span> <span class='ocrx_word' id='word_1_36' title='bbox 615 1008 857 1085; x_wconf 74' lang='lat' dir='ltr'><strong>celebrarent.</strong></span> <span class='ocrx_word' id='word_1_37' title='bbox 884 1009 1065 1086; x_wconf 89' lang='lat' dir='ltr'><strong>Jurabant</strong></span> <span class='ocrx_word' id='word_1_38' title='bbox 1086 1010 1258 1101; x_wconf 86' lang='lat' dir='ltr'><strong>ordinem</strong></span> <span class='ocrx_word' id='word_1_39' title='bbox 1287 1036 1362 1086; x_wconf 93' lang='lat' dir='ltr'><strong>non</strong></span> <span class='ocrx_word' id='word_1_40' title='bbox 1384 1009 1504 1098; x_wconf 69' lang='lat' dir='ltr'><strong>exire3</strong></span> <span class='ocrx_word' id='word_1_41' title='bbox 1528 1013 1653 1089; x_wconf 86' lang='lat' dir='ltr'><strong>statim</strong></span> 
     </span>
     <span class='ocr_line' id='line_1_6' title="bbox 236 1134 1654 1244; baseline 0.005 -33"><span class='ocrx_word' id='word_1_42' title='bbox 236 1163 308 1240; x_wconf 89' lang='lat' dir='ltr'><strong>pro</strong></span> <span class='ocrx_word' id='word_1_43' title='bbox 329 1134 506 1241; x_wconf 86' lang='lat' dir='ltr'><strong>professis</strong></span> <span class='ocrx_word' id='word_1_44' title='bbox 527 1136 772 1215; x_wconf 80' lang='lat' dir='ltr'><strong>habebantur.</strong></span> <span class='ocrx_word' id='word_1_45' title='bbox 795 1137 1036 1215; x_wconf 87' lang='lat' dir='ltr'><strong>Clandestine</strong></span> <span class='ocrx_word' id='word_1_46' title='bbox 1056 1138 1343 1244; x_wconf 79' lang='lat' dir='ltr'><strong>recipiebantur,</strong></span> <span class='ocrx_word' id='word_1_47' title='bbox 1363 1137 1477 1214; x_wconf 90' lang='lat' dir='ltr'><strong>nullis</strong></span> <span class='ocrx_word' id='word_1_48' title='bbox 1501 1168 1654 1244; x_wconf 87' lang='lat' dir='ltr'><strong>presen-</strong></span> 
     </span>
     <span class='ocr_line' id='line_1_7' title="bbox 237 1263 1654 1373; baseline 0.004 -32"><span class='ocrx_word' id='word_1_49' title='bbox 237 1264 339 1341; x_wconf 86' lang='lat' dir='ltr'><strong>tibus</strong></span> <span class='ocrx_word' id='word_1_50' title='bbox 360 1264 429 1340; x_wconf 90' lang='lat' dir='ltr'><strong>nisi</strong></span> <span class='ocrx_word' id='word_1_51' title='bbox 447 1263 623 1342; x_wconf 78' lang='lat' dir='ltr'><strong>fratribus</strong></span> <span class='ocrx_word' id='word_1_52' title='bbox 640 1267 797 1351; x_wconf 88' lang='lat' dir='ltr'><strong>ordinis,</strong></span> <span class='ocrx_word' id='word_1_53' title='bbox 820 1296 864 1344; x_wconf 78' lang='lat' dir='ltr'><strong>er</strong></span> <span class='ocrx_word' id='word_1_54' title='bbox 878 1295 954 1372; x_wconf 93' lang='lat' dir='ltr'><strong>quo</strong></span> <span class='ocrx_word' id='word_1_55' title='bbox 969 1267 1089 1343; x_wconf 89' lang='lat' dir='ltr'><strong>credit</strong></span> <span class='ocrx_word' id='word_1_56' title='bbox 1107 1267 1212 1373; x_wconf 94' lang='lat' dir='ltr'><strong>quod</strong></span> <span class='ocrx_word' id='word_1_57' title='bbox 1233 1284 1329 1345; x_wconf 89' lang='lat' dir='ltr'><strong>esset</strong></span> <span class='ocrx_word' id='word_1_58' title='bbox 1342 1269 1502 1371; x_wconf 88' lang='lat' dir='ltr'><strong>suspicio</strong></span> <span class='ocrx_word' id='word_1_59' title='bbox 1525 1289 1654 1349; x_wconf 87' lang='lat' dir='ltr'><strong>eontra</strong></span> 
     </span>
     <span class='ocr_line' id='line_1_8' title="bbox 239 1392 1653 1503; baseline 0.004 -32"><span class='ocrx_word' id='word_1_60' title='bbox 239 1421 314 1471; x_wconf 89' lang='lat' dir='ltr'><strong>eos.</strong></span> <span class='ocrx_word' id='word_1_61' title='bbox 341 1392 516 1471; x_wconf 88' lang='lat' dir='ltr'><strong>Cordulis</strong></span> <span class='ocrx_word' id='word_1_62' title='bbox 538 1394 640 1470; x_wconf 91' lang='lat' dir='ltr'><strong>unde</strong></span> <span class='ocrx_word' id='word_1_63' title='bbox 667 1395 841 1475; x_wconf 86' lang='lat' dir='ltr'><strong>volebant</strong></span> <span class='ocrx_word' id='word_1_64' title='bbox 862 1395 1059 1502; x_wconf 84' lang='lat' dir='ltr'><strong>assumptis</strong></span> <span class='ocrx_word' id='word_1_65' title='bbox 1082 1395 1326 1502; x_wconf 84' lang='lat' dir='ltr'><strong>cingebantur</strong></span> <span class='ocrx_word' id='word_1_66' title='bbox 1348 1424 1461 1501; x_wconf 87' lang='lat' dir='ltr'><strong>super</strong></span> <span class='ocrx_word' id='word_1_67' title='bbox 1486 1401 1653 1503; x_wconf 84' lang='lat' dir='ltr'><strong>camisias</strong></span> 
     </span>
     <span class='ocr_line' id='line_1_9' title="bbox 238 1522 1653 1629; baseline 0.004 -28"><span class='ocrx_word' id='word_1_68' title='bbox 238 1551 325 1601; x_wconf 89' lang='lat' dir='ltr'><strong>cum</strong></span> <span class='ocrx_word' id='word_1_69' title='bbox 343 1522 482 1626; x_wconf 87' lang='lat' dir='ltr'><strong>quibus</strong></span> <span class='ocrx_word' id='word_1_70' title='bbox 499 1523 686 1624; x_wconf 84' lang='lat' dir='ltr'><strong>jacebant.</strong></span> <span class='ocrx_word' id='word_1_71' title='bbox 707 1524 838 1603; x_wconf 89' lang='lat' dir='ltr'><strong>Credit</strong></span> <span class='ocrx_word' id='word_1_72' title='bbox 856 1526 961 1629; x_wconf 92' lang='lat' dir='ltr'><strong>quod</strong></span> <span class='ocrx_word' id='word_1_73' title='bbox 980 1543 1192 1603; x_wconf 86' lang='lat' dir='ltr'><strong>recusantes</strong></span> <span class='ocrx_word' id='word_1_74' title='bbox 1216 1525 1335 1603; x_wconf 84' lang='lat' dir='ltr'><strong>faeere</strong></span> <span class='ocrx_word' id='word_1_75' title='bbox 1360 1525 1489 1605; x_wconf 88' lang='lat' dir='ltr'><strong>illicita</strong></span> <span class='ocrx_word' id='word_1_76' title='bbox 1508 1529 1653 1607; x_wconf 83' lang='lat' dir='ltr'><strong>confes-</strong></span> 
     </span>
     <span class='ocr_line' id='line_1_10' title="bbox 237 1652 1654 1759; baseline 0.004 -31"><span class='ocrx_word' id='word_1_77' title='bbox 237 1668 314 1729; x_wconf 86' lang='lat' dir='ltr'><strong>sata</strong></span> <span class='ocrx_word' id='word_1_78' title='bbox 330 1680 398 1757; x_wconf 91' lang='lat' dir='ltr'><strong>per</strong></span> <span class='ocrx_word' id='word_1_79' title='bbox 417 1678 521 1741; x_wconf 89' lang='lat' dir='ltr'><strong>enm,</strong></span> <span class='ocrx_word' id='word_1_80' title='bbox 545 1652 604 1730; x_wconf 90' lang='lat' dir='ltr'><strong>vel</strong></span> <span class='ocrx_word' id='word_1_81' title='bbox 622 1680 665 1728; x_wconf 90' lang='lat' dir='ltr'><strong>ea</strong></span> <span class='ocrx_word' id='word_1_82' title='bbox 684 1671 748 1731; x_wconf 90' lang='lat' dir='ltr'><strong>aut</strong></span> <span class='ocrx_word' id='word_1_83' title='bbox 762 1671 902 1731; x_wconf 84' lang='lat' dir='ltr'><strong>secreta</strong></span> <span class='ocrx_word' id='word_1_84' title='bbox 918 1652 1180 1759; x_wconf 89' lang='lat' dir='ltr'><strong>capituliorum</strong></span> <span class='ocrx_word' id='word_1_85' title='bbox 1200 1654 1420 1744; x_wconf 80' lang='lat' dir='ltr'><strong>revelantes,</strong></span> <span class='ocrx_word' id='word_1_86' title='bbox 1442 1656 1481 1731; x_wconf 92' lang='lat' dir='ltr'><strong>in</strong></span> <span class='ocrx_word' id='word_1_87' title='bbox 1491 1656 1556 1732; x_wconf 88' lang='lat' dir='ltr'><strong>tali</strong></span> <span class='ocrx_word' id='word_1_88' title='bbox 1577 1686 1654 1733; x_wconf 87' lang='lat' dir='ltr'><strong>car-</strong></span> 
     </span>
     <span class='ocr_line' id='line_1_11' title="bbox 236 1779 1653 1889; baseline 0.005 -34"><span class='ocrx_word' id='word_1_89' title='bbox 236 1808 320 1856; x_wconf 89' lang='lat' dir='ltr'><strong>cere</strong></span> <span class='ocrx_word' id='word_1_90' title='bbox 345 1781 455 1885; x_wconf 89' lang='lat' dir='ltr'><strong>positi</strong></span> <span class='ocrx_word' id='word_1_91' title='bbox 479 1779 636 1857; x_wconf 86' lang='lat' dir='ltr'><strong>fuissent</strong></span> <span class='ocrx_word' id='word_1_92' title='bbox 659 1782 698 1857; x_wconf 92' lang='lat' dir='ltr'><strong>in</strong></span> <span class='ocrx_word' id='word_1_93' title='bbox 721 1810 798 1889; x_wconf 90' lang='lat' dir='ltr'><strong>quo</strong></span> <span class='ocrx_word' id='word_1_94' title='bbox 820 1810 954 1888; x_wconf 90' lang='lat' dir='ltr'><strong>parum</strong></span> <span class='ocrx_word' id='word_1_95' title='bbox 976 1783 1161 1859; x_wconf 82' lang='lat' dir='ltr'><strong>vixissent.</strong></span> <span class='ocrx_word' id='word_1_96' title='bbox 1183 1785 1330 1858; x_wconf 87' lang='lat' dir='ltr'><strong>Fratres</strong></span> <span class='ocrx_word' id='word_1_97' title='bbox 1349 1782 1492 1859; x_wconf 88' lang='lat' dir='ltr'><strong>ordinis</strong></span> <span class='ocrx_word' id='word_1_98' title='bbox 1514 1785 1653 1887; x_wconf 90' lang='lat' dir='ltr'><strong>quibus</strong></span> 
     </span>
     <span class='ocr_line' id='line_1_12' title="bbox 236 1909 1651 2016; baseline 0.002 -29"><span class='ocrx_word' id='word_1_99' title='bbox 236 1910 357 1987; x_wconf 79' lang='lat' dir='ltr'><strong>credit</strong></span> <span class='ocrx_word' id='word_1_100' title='bbox 378 1927 466 1986; x_wconf 89' lang='lat' dir='ltr'><strong>nota</strong></span> <span class='ocrx_word' id='word_1_101' title='bbox 486 1909 599 1986; x_wconf 85' lang='lat' dir='ltr'><strong>fuisse</strong></span> <span class='ocrx_word' id='word_1_102' title='bbox 618 1910 822 1987; x_wconf 79' lang='lat' dir='ltr'><strong>confessam</strong></span> <span class='ocrx_word' id='word_1_103' title='bbox 842 1938 911 2015; x_wconf 90' lang='lat' dir='ltr'><strong>per</strong></span> <span class='ocrx_word' id='word_1_104' title='bbox 928 1938 1015 1986; x_wconf 86' lang='lat' dir='ltr'><strong>eum</strong></span> <span class='ocrx_word' id='word_1_105' title='bbox 1029 1910 1184 1987; x_wconf 84' lang='lat' dir='ltr'><strong>fuerunt</strong></span> <span class='ocrx_word' id='word_1_106' title='bbox 1201 1910 1448 2016; x_wconf 82' lang='lat' dir='ltr'><strong>negligentes,</strong></span> <span class='ocrx_word' id='word_1_107' title='bbox 1470 1913 1651 2016; x_wconf 89' lang='lat' dir='ltr'><strong>quianon</strong></span> 
     </span>
     <span class='ocr_line' id='line_1_13' title="bbox 235 2037 1654 2145; baseline 0.001 -29"><span class='ocrx_word' id='word_1_108' title='bbox 235 2056 490 2124; x_wconf 83' lang='lat' dir='ltr'><strong>correxerunt,</strong></span> <span class='ocrx_word' id='word_1_109' title='bbox 509 2065 578 2114; x_wconf 87' lang='lat' dir='ltr'><strong>neo</strong></span> <span class='ocrx_word' id='word_1_110' title='bbox 594 2039 915 2115; x_wconf 82' lang='lat' dir='ltr'><strong>denunciaverunt</strong></span> <span class='ocrx_word' id='word_1_111' title='bbox 937 2037 1114 2114; x_wconf 86' lang='lat' dir='ltr'><strong>Ecclesie.</strong></span> <span class='ocrx_word' id='word_1_112' title='bbox 1134 2039 1386 2116; x_wconf 85' lang='lat' dir='ltr'><strong>Elemosinam</strong></span> <span class='ocrx_word' id='word_1_113' title='bbox 1401 2056 1442 2115; x_wconf 91' lang='lat' dir='ltr'><strong>et</strong></span> <span class='ocrx_word' id='word_1_114' title='bbox 1460 2039 1654 2145; x_wconf 88' lang='lat' dir='ltr'><strong>hospitali·</strong></span> 
     </span>
     <span class='ocr_line' id='line_1_14' title="bbox 234 2165 1653 2275; baseline 0 -30"><span class='ocrx_word' id='word_1_115' title='bbox 234 2185 349 2245; x_wconf 86' lang='lat' dir='ltr'><strong>tatem</strong></span> <span class='ocrx_word' id='word_1_116' title='bbox 369 2167 462 2244; x_wconf 91' lang='lat' dir='ltr'><strong>vidit</strong></span> <span class='ocrx_word' id='word_1_117' title='bbox 487 2165 751 2243; x_wconf 89' lang='lat' dir='ltr'><strong>convenienter</strong></span> <span class='ocrx_word' id='word_1_118' title='bbox 764 2166 860 2257; x_wconf 38' lang='lat' dir='ltr'><strong>‚lieri</strong></span> <span class='ocrx_word' id='word_1_119' title='bbox 879 2184 919 2247; x_wconf 84' lang='lat' dir='ltr'><strong>et</strong></span> <span class='ocrx_word' id='word_1_120' title='bbox 937 2168 1071 2243; x_wconf 87' lang='lat' dir='ltr'><strong>servari</strong></span> <span class='ocrx_word' id='word_1_121' title='bbox 1101 2168 1141 2243; x_wconf 92' lang='lat' dir='ltr'><strong>in</strong></span> <span class='ocrx_word' id='word_1_122' title='bbox 1163 2168 1260 2253; x_wconf 87' lang='lat' dir='ltr'><strong>dicta</strong></span> <span class='ocrx_word' id='word_1_123' title='bbox 1289 2169 1404 2244; x_wconf 89' lang='lat' dir='ltr'><strong>domo</strong></span> <span class='ocrx_word' id='word_1_124' title='bbox 1430 2169 1561 2275; x_wconf 90' lang='lat' dir='ltr'><strong>inqua</strong></span> <span class='ocrx_word' id='word_1_125' title='bbox 1582 2169 1653 2246; x_wconf 81' lang='lat' dir='ltr'><strong>luit</strong></span> 
     </span>
     <span class='ocr_line' id='line_1_15' title="bbox 235 2283 1651 2402; baseline 0.001 -28"><span class='ocrx_word' id='word_1_126' title='bbox 235 2314 421 2402; x_wconf 86' lang='lat' dir='ltr'><strong>receptus,</strong></span> <span class='ocrx_word' id='word_1_127' title='bbox 444 2296 512 2372; x_wconf 90' lang='lat' dir='ltr'><strong>sed</strong></span> <span class='ocrx_word' id='word_1_128' title='bbox 531 2294 697 2372; x_wconf 82' lang='lat' dir='ltr'><strong>nonfuit</strong></span> <span class='ocrx_word' id='word_1_129' title='bbox 715 2295 753 2370; x_wconf 93' lang='lat' dir='ltr'><strong>in</strong></span> <span class='ocrx_word' id='word_1_130' title='bbox 768 2294 852 2375; x_wconf 84' lang='lat' dir='ltr'><strong>aliis</strong></span> <span class='ocrx_word' id='word_1_131' title='bbox 871 2294 1048 2374; x_wconf 85' lang='lat' dir='ltr'><strong>domibus</strong></span> <span class='ocrx_word' id='word_1_132' title='bbox 1063 2296 1216 2373; x_wconf 89' lang='lat' dir='ltr'><strong>ordinis.</strong></span> <span class='ocrx_word' id='word_1_133' title='bbox 1238 2295 1519 2373; x_wconf 85' lang='lat' dir='ltr'><strong>Delendebatur</strong></span> <span class='ocrx_word' id='word_1_134' title='bbox 1536 2283 1651 2375; x_wconf 88' lang='lat' dir='ltr'><strong>eisne</strong></span> 
     </span>
     <span class='ocr_line' id='line_1_16' title="bbox 236 2423 1651 2532; baseline 0.001 -29"><span class='ocrx_word' id='word_1_135' title='bbox 236 2428 459 2503; x_wconf 89' lang='lat' dir='ltr'><strong>interessent</strong></span> <span class='ocrx_word' id='word_1_136' title='bbox 488 2425 573 2500; x_wconf 90' lang='lat' dir='ltr'><strong>loco</strong></span> <span class='ocrx_word' id='word_1_137' title='bbox 601 2424 641 2498; x_wconf 91' lang='lat' dir='ltr'><strong>in</strong></span> <span class='ocrx_word' id='word_1_138' title='bbox 668 2451 745 2527; x_wconf 91' lang='lat' dir='ltr'><strong>quo</strong></span> <span class='ocrx_word' id='word_1_139' title='bbox 769 2423 907 2529; x_wconf 89' lang='lat' dir='ltr'><strong>aliquis</strong></span> <span class='ocrx_word' id='word_1_140' title='bbox 926 2423 1160 2500; x_wconf 87' lang='lat' dir='ltr'><strong>Christianus</strong></span> <span class='ocrx_word' id='word_1_141' title='bbox 1183 2424 1473 2502; x_wconf 84' lang='lat' dir='ltr'><strong>exheredaretur</strong></span> <span class='ocrx_word' id='word_1_142' title='bbox 1501 2426 1651 2532; x_wconf 89' lang='lat' dir='ltr'><strong>injuste.</strong></span> 
     </span>
     <span class='ocr_line' id='line_1_17' title="bbox 239 2552 1652 2657; baseline 0 -24"><span class='ocrx_word' id='word_1_143' title='bbox 239 2555 419 2633; x_wconf 85' lang='lat' dir='ltr'><strong>Ordinato</strong></span> <span class='ocrx_word' id='word_1_144' title='bbox 440 2580 506 2657; x_wconf 91' lang='lat' dir='ltr'><strong>per</strong></span> <span class='ocrx_word' id='word_1_145' title='bbox 526 2552 744 2657; x_wconf 85' lang='lat' dir='ltr'><strong>Magistrum</strong></span> <span class='ocrx_word' id='word_1_146' title='bbox 764 2580 850 2627; x_wconf 88' lang='lat' dir='ltr'><strong>cum</strong></span> <span class='ocrx_word' id='word_1_147' title='bbox 871 2567 1057 2627; x_wconf 86' lang='lat' dir='ltr'><strong>conventu</strong></span> <span class='ocrx_word' id='word_1_148' title='bbox 1074 2570 1251 2628; x_wconf 85' lang='lat' dir='ltr'><strong>servasset</strong></span> <span class='ocrx_word' id='word_1_149' title='bbox 1269 2569 1373 2630; x_wconf 89' lang='lat' dir='ltr'><strong>totus</strong></span> <span class='ocrx_word' id='word_1_150' title='bbox 1391 2553 1502 2645; x_wconf 86' lang='lat' dir='ltr'><strong>ordo,</strong></span> <span class='ocrx_word' id='word_1_151' title='bbox 1525 2574 1652 2634; x_wconf 87' lang='lat' dir='ltr'><strong>eontra</strong></span> 
     </span>
     <span class='ocr_line' id='line_1_18' title="bbox 238 2679 1652 2789; baseline 0 -29"><span class='ocrx_word' id='word_1_152' title='bbox 238 2713 355 2789; x_wconf 89' lang='lat' dir='ltr'><strong>quem</strong></span> <span class='ocrx_word' id='word_1_153' title='bbox 377 2711 478 2760; x_wconf 89' lang='lat' dir='ltr'><strong>nunc</strong></span> <span class='ocrx_word' id='word_1_154' title='bbox 501 2697 654 2788; x_wconf 86' lang='lat' dir='ltr'><strong>propter</strong></span> <span class='ocrx_word' id='word_1_155' title='bbox 677 2680 843 2786; x_wconf 88' lang='lat' dir='ltr'><strong>predicta</strong></span> <span class='ocrx_word' id='word_1_156' title='bbox 869 2680 1024 2784; x_wconf 88' lang='lat' dir='ltr'><strong>grandia</strong></span> <span class='ocrx_word' id='word_1_157' title='bbox 1051 2679 1241 2767; x_wconf 87' lang='lat' dir='ltr'><strong>scandala,</strong></span> <span class='ocrx_word' id='word_1_158' title='bbox 1262 2682 1423 2784; x_wconf 89' lang='lat' dir='ltr'><strong>suspicio</strong></span> <span class='ocrx_word' id='word_1_159' title='bbox 1443 2699 1482 2758; x_wconf 91' lang='lat' dir='ltr'><strong>et</strong></span> <span class='ocrx_word' id='word_1_160' title='bbox 1500 2684 1652 2765; x_wconf 81' lang='lat' dir='ltr'><strong>infamia</strong></span> 
     </span>
     <span class='ocr_line' id='line_1_19' title="bbox 238 2807 1652 2913; baseline 0.001 -24"><span class='ocrx_word' id='word_1_161' title='bbox 238 2832 326 2890; x_wconf 88' lang='lat' dir='ltr'><strong>sunt</strong></span> <span class='ocrx_word' id='word_1_162' title='bbox 345 2830 489 2898; x_wconf 77' lang='lat' dir='ltr'><strong>exorta3</strong></span> <span class='ocrx_word' id='word_1_163' title='bbox 517 2811 564 2887; x_wconf 91' lang='lat' dir='ltr'><strong>ad</strong></span> <span class='ocrx_word' id='word_1_164' title='bbox 591 2810 697 2913; x_wconf 85' lang='lat' dir='ltr'><strong>cujus</strong></span> <span class='ocrx_word' id='word_1_165' title='bbox 726 2808 869 2885; x_wconf 91' lang='lat' dir='ltr'><strong>ordinis</strong></span> <span class='ocrx_word' id='word_1_166' title='bbox 893 2807 1165 2884; x_wconf 81' lang='lat' dir='ltr'><strong>deffensionem</strong></span> <span class='ocrx_word' id='word_1_167' title='bbox 1191 2836 1231 2884; x_wconf 91' lang='lat' dir='ltr'><strong>se</strong></span> <span class='ocrx_word' id='word_1_168' title='bbox 1256 2835 1333 2884; x_wconf 94' lang='lat' dir='ltr'><strong>non</strong></span> <span class='ocrx_word' id='word_1_169' title='bbox 1352 2808 1554 2898; x_wconf 88' lang='lat' dir='ltr'><strong>obtulerat,</strong></span> <span class='ocrx_word' id='word_1_170' title='bbox 1583 2841 1652 2890; x_wconf 89' lang='lat' dir='ltr'><strong>nec</strong></span> 
     </span>
     <span class='ocr_line' id='line_1_20' title="bbox 237 2942 1620 3020; baseline 0 -2"><span class='ocrx_word' id='word_1_171' title='bbox 237 2943 358 3020; x_wconf 80' lang='lat' dir='ltr'><strong>fuerat</strong></span> <span class='ocrx_word' id='word_1_172' title='bbox 377 2942 474 3018; x_wconf 90' lang='lat' dir='ltr'><strong>ultra</strong></span> <span class='ocrx_word' id='word_1_173' title='bbox 488 2967 603 3017; x_wconf 85' lang='lat' dir='ltr'><strong>mare.</strong></span> <span class='ocrx_word' id='word_1_174' title='bbox 1617 2953 1620 2956; x_wconf 77' lang='grc'><strong><em>’</em></strong></span> 
     </span>
    </p>

    <p class='ocr_par' dir='ltr' id='par_1_3' title="bbox 236 3068 1653 3700">
     <span class='ocr_line' id='line_1_21' title="bbox 292 3068 1648 3178; baseline -0.001 -29"><span class='ocrx_word' id='word_1_175' title='bbox 292 3073 508 3178; x_wconf 84' lang='lat' dir='ltr'><strong>Requisitus</strong></span> <span class='ocrx_word' id='word_1_176' title='bbox 523 3071 552 3146; x_wconf 91' lang='lat' dir='ltr'><strong>si</strong></span> <span class='ocrx_word' id='word_1_177' title='bbox 568 3070 851 3174; x_wconf 89' lang='lat' dir='ltr'><strong>sicdeposuerat</strong></span> <span class='ocrx_word' id='word_1_178' title='bbox 862 3095 988 3172; x_wconf 82' lang='lat' dir='ltr'><strong>prece,</strong></span> <span class='ocrx_word' id='word_1_179' title='bbox 1000 3085 1193 3173; x_wconf 88' lang='lat' dir='ltr'><strong>precepto,</strong></span> <span class='ocrx_word' id='word_1_180' title='bbox 1210 3068 1363 3155; x_wconf 86' lang='lat' dir='ltr'><strong>timore,</strong></span> <span class='ocrx_word' id='word_1_181' title='bbox 1383 3096 1526 3160; x_wconf 89' lang='lat' dir='ltr'><strong>amore,</strong></span> <span class='ocrx_word' id='word_1_182' title='bbox 1543 3071 1648 3159; x_wconf 90' lang='lat' dir='ltr'><strong>odio,</strong></span> 
     </span>
     <span class='ocr_line' id='line_1_22' title="bbox 237 3196 1652 3308; baseline -0.001 -29"><span class='ocrx_word' id='word_1_183' title='bbox 237 3204 296 3281; x_wconf 89' lang='lat' dir='ltr'><strong>vel</strong></span> <span class='ocrx_word' id='word_1_184' title='bbox 313 3200 511 3308; x_wconf 88' lang='lat' dir='ltr'><strong>temporali</strong></span> <span class='ocrx_word' id='word_1_185' title='bbox 529 3199 689 3277; x_wconf 91' lang='lat' dir='ltr'><strong>comodo</strong></span> <span class='ocrx_word' id='word_1_186' title='bbox 704 3198 834 3275; x_wconf 92' lang='lat' dir='ltr'><strong>habito</strong></span> <span class='ocrx_word' id='word_1_187' title='bbox 849 3197 913 3274; x_wconf 85' lang='lat' dir='ltr'><strong>vel·</strong></span> <span class='ocrx_word' id='word_1_188' title='bbox 924 3196 1116 3288; x_wconf 85' lang='lat' dir='ltr'><strong>habendo,</strong></span> <span class='ocrx_word' id='word_1_189' title='bbox 1134 3196 1329 3302; x_wconf 88' lang='lat' dir='ltr'><strong>respondit</strong></span> <span class='ocrx_word' id='word_1_190' title='bbox 1346 3198 1453 3303; x_wconf 90' lang='lat' dir='ltr'><strong>quod</strong></span> <span class='ocrx_word' id='word_1_191' title='bbox 1470 3225 1563 3287; x_wconf 89' lang='lat' dir='ltr'><strong>non,</strong></span> <span class='ocrx_word' id='word_1_192' title='bbox 1584 3202 1652 3277; x_wconf 89' lang='lat' dir='ltr'><strong>sed</strong></span> 
     </span>
     <span class='ocr_line' id='line_1_23' title="bbox 236 3314 1652 3439; baseline -0.003 -29"><span class='ocrx_word' id='word_1_193' title='bbox 236 3361 305 3439; x_wconf 90' lang='lat' dir='ltr'><strong>pro</strong></span> <span class='ocrx_word' id='word_1_194' title='bbox 328 3333 480 3408; x_wconf 88' lang='lat' dir='ltr'><strong>veritate</strong></span> <span class='ocrx_word' id='word_1_195' title='bbox 503 3330 684 3416; x_wconf 72' lang='lat' dir='ltr'><strong>dicenda,</strong></span> <span class='ocrx_word' id='word_1_196' title='bbox 711 3329 770 3405; x_wconf 89' lang='lat' dir='ltr'><strong>cui</strong></span> <span class='ocrx_word' id='word_1_197' title='bbox 796 3314 868 3405; x_wconf 84' lang='lat' dir='ltr'><strong>luit</strong></span> <span class='ocrx_word' id='word_1_198' title='bbox 890 3327 1102 3436; x_wconf 86' lang='lat' dir='ltr'><strong>injunctum</strong></span> <span class='ocrx_word' id='word_1_199' title='bbox 1126 3327 1228 3432; x_wconf 89' lang='lat' dir='ltr'><strong>quod</strong></span> <span class='ocrx_word' id='word_1_200' title='bbox 1255 3354 1331 3403; x_wconf 91' lang='lat' dir='ltr'><strong>non</strong></span> <span class='ocrx_word' id='word_1_201' title='bbox 1351 3326 1531 3405; x_wconf 89' lang='lat' dir='ltr'><strong>revelaret</strong></span> <span class='ocrx_word' id='word_1_202' title='bbox 1557 3330 1652 3408; x_wconf 89' lang='lat' dir='ltr'><strong>hano</strong></span> 
     </span>
     <span class='ocr_line' id='line_1_24' title="bbox 236 3456 1653 3566; baseline -0.005 -25"><span class='ocrx_word' id='word_1_203' title='bbox 236 3491 340 3541; x_wconf 89' lang='lat' dir='ltr'><strong>suam</strong></span> <span class='ocrx_word' id='word_1_204' title='bbox 360 3461 657 3566; x_wconf 86' lang='lat' dir='ltr'><strong>deposicionem,</strong></span> <span class='ocrx_word' id='word_1_205' title='bbox 672 3486 873 3566; x_wconf 84' lang='lat' dir='ltr'><strong>quousque</strong></span> <span class='ocrx_word' id='word_1_206' title='bbox 888 3456 1147 3549; x_wconf 88' lang='lat' dir='ltr'><strong>attestaciones</strong></span> <span class='ocrx_word' id='word_1_207' title='bbox 1158 3456 1299 3535; x_wconf 85' lang='lat' dir='ltr'><strong>luerint</strong></span> <span class='ocrx_word' id='word_1_208' title='bbox 1310 3457 1517 3561; x_wconf 82' lang='lat' dir='ltr'><strong>publicate3</strong></span> <span class='ocrx_word' id='word_1_209' title='bbox 1540 3475 1579 3534; x_wconf 88' lang='lat' dir='ltr'><strong>et</strong></span> <span class='ocrx_word' id='word_1_210' title='bbox 1595 3460 1653 3534; x_wconf 91' lang='lat' dir='ltr'><strong>in-</strong></span> 
     </span>
     <span class='ocr_line' id='line_1_25' title="bbox 237 3592 633 3700; baseline -0.008 -29"><span class='ocrx_word' id='word_1_211' title='bbox 237 3592 428 3700; x_wconf 84' lang='lat' dir='ltr'><strong>telligebat</strong></span> <span class='ocrx_word' id='word_1_212' title='bbox 445 3593 633 3670; x_wconf 84' lang='lat' dir='ltr'><strong>Latinum.</strong></span> 
     </span>
    </p>
   </div>
   <div class='ocr_carea' id='block_1_3' title="bbox 186 3847 1653 4736">
    <p class='ocr_par' dir='ltr' id='par_1_4' title="bbox 186 3847 1653 4736">
     <span class='ocr_line' id='line_1_26' title="bbox 186 3847 1652 3959; baseline -0.005 -30"><span class='ocrx_word' id='word_1_213' title='bbox 186 3906 195 3929; x_wconf 83' lang='lat'><strong>.</strong></span> <span class='ocrx_word' id='word_1_214' title='bbox 292 3857 422 3931; x_wconf 87' lang='lat' dir='ltr'><strong>Frater</strong></span> <span class='ocrx_word' id='word_1_215' title='bbox 440 3852 649 3959; x_wconf 82' lang='lat' dir='ltr'><strong>Raynaldus</strong></span> <span class='ocrx_word' id='word_1_216' title='bbox 668 3850 762 3927; x_wconf 90' lang='lat' dir='ltr'><strong>Belli</strong></span> <span class='ocrx_word' id='word_1_217' title='bbox 776 3849 850 3926; x_wconf 80' lang='lat' dir='ltr'><strong>Pili</strong></span> <span class='ocrx_word' id='word_1_218' title='bbox 871 3851 1049 3938; x_wconf 85' lang='lat' dir='ltr'><strong>serviens,</strong></span> <span class='ocrx_word' id='word_1_219' title='bbox 1070 3848 1330 3926; x_wconf 88' lang='lat' dir='ltr'><strong>Cabilonensis</strong></span> <span class='ocrx_word' id='word_1_220' title='bbox 1354 3848 1527 3933; x_wconf 85' lang='lat' dir='ltr'><strong>diocesis,</strong></span> <span class='ocrx_word' id='word_1_221' title='bbox 1547 3847 1652 3945; x_wconf 87' lang='lat' dir='ltr'><strong>testis</strong></span> 
     </span>
     <span class='ocr_line' id='line_1_27' title="bbox 237 3973 1650 4089; baseline -0.004 -30"><span class='ocrx_word' id='word_1_222' title='bbox 237 4012 347 4087; x_wconf 90' lang='lat' dir='ltr'><strong>supra</strong></span> <span class='ocrx_word' id='word_1_223' title='bbox 364 3985 525 4089; x_wconf 87' lang='lat' dir='ltr'><strong>juratus,</strong></span> <span class='ocrx_word' id='word_1_224' title='bbox 550 3979 892 4086; x_wconf 88' lang='lat' dir='ltr'><strong>quinquagenarius</strong></span> <span class='ocrx_word' id='word_1_225' title='bbox 910 3978 968 4054; x_wconf 93' lang='lat' dir='ltr'><strong>vel</strong></span> <span class='ocrx_word' id='word_1_226' title='bbox 986 3977 1096 4066; x_wconf 88' lang='lat' dir='ltr'><strong>circa,</strong></span> <span class='ocrx_word' id='word_1_227' title='bbox 1118 3977 1184 4081; x_wconf 93' lang='lat' dir='ltr'><strong>qui</strong></span> <span class='ocrx_word' id='word_1_228' title='bbox 1203 3976 1410 4053; x_wconf 90' lang='lat' dir='ltr'><strong>voluntarie</strong></span> <span class='ocrx_word' id='word_1_229' title='bbox 1430 3973 1650 4058; x_wconf 82' lang='lat' dir='ltr'><strong>mantellum</strong></span> 
     </span>
     <span class='ocr_line' id='line_1_28' title="bbox 242 4105 1650 4211; baseline -0.004 -24"><span class='ocrx_word' id='word_1_230' title='bbox 242 4112 450 4196; x_wconf 87' lang='lat' dir='ltr'><strong>dimiserat,</strong></span> <span class='ocrx_word' id='word_1_231' title='bbox 473 4126 510 4185; x_wconf 91' lang='lat' dir='ltr'><strong>et</strong></span> <span class='ocrx_word' id='word_1_232' title='bbox 528 4110 607 4185; x_wconf 90' lang='lat' dir='ltr'><strong>radi</strong></span> <span class='ocrx_word' id='word_1_233' title='bbox 624 4110 761 4186; x_wconf 87' lang='lat' dir='ltr'><strong>lecerat</strong></span> <span class='ocrx_word' id='word_1_234' title='bbox 774 4108 847 4186; x_wconf 89' lang='lat' dir='ltr'><strong>sibi</strong></span> <span class='ocrx_word' id='word_1_235' title='bbox 866 4107 1030 4187; x_wconf 90' lang='lat' dir='ltr'><strong>barbam.</strong></span> <span class='ocrx_word' id='word_1_236' title='bbox 1047 4107 1094 4183; x_wconf 90' lang='lat' dir='ltr'><strong>de</strong></span> <span class='ocrx_word' id='word_1_237' title='bbox 1111 4105 1303 4183; x_wconf 90' lang='lat' dir='ltr'><strong>voluntate</strong></span> <span class='ocrx_word' id='word_1_238' title='bbox 1325 4105 1555 4211; x_wconf 87' lang='lat' dir='ltr'><strong>preceptoris</strong></span> <span class='ocrx_word' id='word_1_239' title='bbox 1572 4106 1650 4196; x_wconf 87' lang='lat' dir='ltr'><strong>sui,</strong></span> 
     </span>
     <span class='ocr_line' id='line_1_29' title="bbox 243 4233 1651 4345; baseline -0.004 -29"><span class='ocrx_word' id='word_1_240' title='bbox 243 4238 314 4316; x_wconf 88' lang='lat' dir='ltr'><strong>sub</strong></span> <span class='ocrx_word' id='word_1_241' title='bbox 331 4266 408 4345; x_wconf 92' lang='lat' dir='ltr'><strong>quo</strong></span> <span class='ocrx_word' id='word_1_242' title='bbox 424 4238 640 4315; x_wconf 88' lang='lat' dir='ltr'><strong>morabatur</strong></span> <span class='ocrx_word' id='word_1_243' title='bbox 658 4238 699 4317; x_wconf 87' lang='lat' dir='ltr'><strong>in</strong></span> <span class='ocrx_word' id='word_1_244' title='bbox 719 4239 856 4316; x_wconf 88' lang='lat' dir='ltr'><strong>ducatu</strong></span> <span class='ocrx_word' id='word_1_245' title='bbox 871 4235 1128 4340; x_wconf 85' lang='lat' dir='ltr'><strong>Lotharingie,</strong></span> <span class='ocrx_word' id='word_1_246' title='bbox 1148 4234 1187 4309; x_wconf 93' lang='lat' dir='ltr'><strong>in</strong></span> <span class='ocrx_word' id='word_1_247' title='bbox 1203 4233 1318 4310; x_wconf 91' lang='lat' dir='ltr'><strong>domo</strong></span> <span class='ocrx_word' id='word_1_248' title='bbox 1341 4233 1489 4340; x_wconf 86' lang='lat' dir='ltr'><strong>Templi</strong></span> <span class='ocrx_word' id='word_1_249' title='bbox 1512 4235 1558 4312; x_wconf 94' lang='lat' dir='ltr'><strong>de</strong></span> <span class='ocrx_word' id='word_1_250' title='bbox 1573 4233 1651 4311; x_wconf 89' lang='lat' dir='ltr'><strong>Vil-</strong></span> 
     </span>
     <span class='ocr_line' id='line_1_30' title="bbox 241 4363 1652 4474; baseline -0.003 -29"><span class='ocrx_word' id='word_1_251' title='bbox 241 4368 430 4457; x_wconf 90' lang='lat' dir='ltr'><strong>lencourt,</strong></span> <span class='ocrx_word' id='word_1_252' title='bbox 462 4385 547 4474; x_wconf 91' lang='lat' dir='ltr'><strong>post</strong></span> <span class='ocrx_word' id='word_1_253' title='bbox 567 4367 780 4473; x_wconf 89' lang='lat' dir='ltr'><strong>capcionem</strong></span> <span class='ocrx_word' id='word_1_254' title='bbox 803 4366 964 4444; x_wconf 86' lang='lat' dir='ltr'><strong>aliorum</strong></span> <span class='ocrx_word' id='word_1_255' title='bbox 987 4363 1142 4441; x_wconf 80' lang='lat' dir='ltr'><strong>fratrum</strong></span> <span class='ocrx_word' id='word_1_256' title='bbox 1169 4364 1209 4439; x_wconf 91' lang='lat' dir='ltr'><strong>in</strong></span> <span class='ocrx_word' id='word_1_257' title='bbox 1234 4391 1354 4471; x_wconf 90' lang='lat' dir='ltr'><strong>regno</strong></span> <span class='ocrx_word' id='word_1_258' title='bbox 1371 4365 1540 4454; x_wconf 87' lang='lat' dir='ltr'><strong>Francie,</strong></span> <span class='ocrx_word' id='word_1_259' title='bbox 1565 4392 1652 4441; x_wconf 89' lang='lat' dir='ltr'><strong>eum</strong></span> 
     </span>
     <span class='ocr_line' id='line_1_31' title="bbox 237 4492 1653 4606; baseline -0.004 -30"><span class='ocrx_word' id='word_1_260' title='bbox 237 4527 317 4606; x_wconf 92' lang='lat' dir='ltr'><strong>quo</strong></span> <span class='ocrx_word' id='word_1_261' title='bbox 333 4499 507 4576; x_wconf 91' lang='lat' dir='ltr'><strong>nundum</strong></span> <span class='ocrx_word' id='word_1_262' title='bbox 523 4497 740 4603; x_wconf 89' lang='lat' dir='ltr'><strong>inquisitum</strong></span> <span class='ocrx_word' id='word_1_263' title='bbox 756 4496 879 4575; x_wconf 86' lang='lat' dir='ltr'><strong>luerat</strong></span> <span class='ocrx_word' id='word_1_264' title='bbox 887 4523 956 4602; x_wconf 89' lang='lat' dir='ltr'><strong>per</strong></span> <span class='ocrx_word' id='word_1_265' title='bbox 971 4493 1132 4601; x_wconf 87' lang='lat' dir='ltr'><strong>aliquem</strong></span> <span class='ocrx_word' id='word_1_266' title='bbox 1148 4493 1351 4599; x_wconf 89' lang='lat' dir='ltr'><strong>prelatum,</strong></span> <span class='ocrx_word' id='word_1_267' title='bbox 1367 4511 1411 4571; x_wconf 90' lang='lat' dir='ltr'><strong>ut</strong></span> <span class='ocrx_word' id='word_1_268' title='bbox 1422 4494 1530 4582; x_wconf 81' lang='lat' dir='ltr'><strong>dixit,</strong></span> <span class='ocrx_word' id='word_1_269' title='bbox 1548 4492 1653 4580; x_wconf 82' lang='lat' dir='ltr'><strong>lectis</strong></span> 
     </span>
     <span class='ocr_line' id='line_1_32' title="bbox 241 4623 1653 4736; baseline -0.005 -30"><span class='ocrx_word' id='word_1_270' title='bbox 241 4647 279 4706; x_wconf 88' lang='lat' dir='ltr'><strong>et</strong></span> <span class='ocrx_word' id='word_1_271' title='bbox 306 4629 505 4736; x_wconf 87' lang='lat' dir='ltr'><strong>diligenter</strong></span> <span class='ocrx_word' id='word_1_272' title='bbox 531 4628 706 4734; x_wconf 86' lang='lat' dir='ltr'><strong>expositis</strong></span> <span class='ocrx_word' id='word_1_273' title='bbox 730 4627 801 4704; x_wconf 91' lang='lat' dir='ltr'><strong>sihi</strong></span> <span class='ocrx_word' id='word_1_274' title='bbox 818 4625 1002 4717; x_wconf 82' lang='lat' dir='ltr'><strong>omnibus</strong></span> <span class='ocrx_word' id='word_1_275' title='bbox 1020 4641 1060 4703; x_wconf 88' lang='lat' dir='ltr'><strong>et</strong></span> <span class='ocrx_word' id='word_1_276' title='bbox 1078 4625 1232 4734; x_wconf 86' lang='lat' dir='ltr'><strong>singulis</strong></span> <span class='ocrx_word' id='word_1_277' title='bbox 1254 4624 1433 4715; x_wconf 89' lang='lat' dir='ltr'><strong>articulis,</strong></span> <span class='ocrx_word' id='word_1_278' title='bbox 1456 4623 1653 4729; x_wconf 34' lang='lat' dir='ltr'><strong>,respondit</strong></span> 
     </span>
    </p>
   </div>
   <div class='ocr_carea' id='block_1_4' title="bbox 245 4753 1652 4956">
    <p class='ocr_par' dir='ltr' id='par_1_5' title="bbox 245 4753 1652 4956">
     <span class='ocr_line' id='line_1_33' title="bbox 245 4753 1652 4846; baseline -0.006 -8"><span class='ocrx_word' id='word_1_279' title='bbox 245 4788 284 4838; x_wconf 87' lang='lat' dir='ltr'><strong>se</strong></span> <span class='ocrx_word' id='word_1_280' title='bbox 307 4760 466 4846; x_wconf 85' lang='lat' dir='ltr'><strong>nescire,</strong></span> <span class='ocrx_word' id='word_1_281' title='bbox 489 4786 557 4835; x_wconf 91' lang='lat' dir='ltr'><strong>nec</strong></span> <span class='ocrx_word' id='word_1_282' title='bbox 578 4757 747 4844; x_wconf 87' lang='lat' dir='ltr'><strong>credere,</strong></span> <span class='ocrx_word' id='word_1_283' title='bbox 773 4786 842 4834; x_wconf 89' lang='lat' dir='ltr'><strong>nee</strong></span> <span class='ocrx_word' id='word_1_284' title='bbox 868 4757 1051 4835; x_wconf 88' lang='lat' dir='ltr'><strong>audivisse</strong></span> <span class='ocrx_word' id='word_1_285' title='bbox 1076 4755 1149 4835; x_wconf 89' lang='lat' dir='ltr'><strong>dici</strong></span> <span class='ocrx_word' id='word_1_286' title='bbox 1170 4755 1217 4832; x_wconf 89' lang='lat' dir='ltr'><strong>de</strong></span> <span class='ocrx_word' id='word_1_287' title='bbox 1235 4755 1419 4833; x_wconf 86' lang='lat' dir='ltr'><strong>contentis</strong></span> <span class='ocrx_word' id='word_1_288' title='bbox 1442 4754 1557 4830; x_wconf 89' lang='lat' dir='ltr'><strong>ineis</strong></span> <span class='ocrx_word' id='word_1_289' title='bbox 1580 4753 1652 4831; x_wconf 88' lang='lat' dir='ltr'><strong>nisi</strong></span> 
     </span>
     <span class='ocr_line' id='line_1_34' title="bbox 1453 4891 1502 4956; baseline -0.041 -3"><span class='ocrx_word' id='word_1_290' title='bbox 1453 4891 1502 4956; x_wconf 73' lang='lat' dir='ltr'><strong>dd.</strong></span> 
     </span>
    </p>
   </div>
   <div class='ocr_carea' id='block_1_5' title="bbox 0 0 2120 5956">
    <p class='ocr_par' dir='ltr' id='par_1_6' title="bbox 0 0 2120 5956">
     <span class='ocr_line' id='line_1_35' title="bbox 0 0 2120 5956; baseline 0 0"><span class='ocrx_word' id='word_1_291' title='bbox 0 0 2120 5956; x_wconf 95' lang='lat' dir='ltr'><strong> </strong></span> 
     </span>
    </p>
   </div>
  </div>
 </body>
</html>
