<?xml version="1.0" encoding="UTF-8"?>
<!DOCTYPE html PUBLIC "-//W3C//DTD XHTML 1.0 Transitional//EN"
    "http://www.w3.org/TR/xhtml1/DTD/xhtml1-transitional.dtd">
<html xmlns="http://www.w3.org/1999/xhtml" xml:lang="en" lang="en">
 <head>
  <title>
</title>
<meta http-equiv="Content-Type" content="text/html;charset=utf-8" />
  <meta name='ocr-system' content='tesseract 3.04.00' />
  <meta name='ocr-capabilities' content='ocr_page ocr_carea ocr_par ocr_line ocrx_word'/>
</head>
<body>
  <div class='ocr_page' id='page_1' title='image "./procsdestemplie01defegoog/procsdestemplie01defegoog_0284.png"; bbox 0 0 4230 5956; ppageno 0'>
   <div class='ocr_carea' id='block_1_1' title="bbox 466 436 1503 540">
    <p class='ocr_par' dir='ltr' id='par_1_1' title="bbox 466 436 1503 540">
     <span class='ocr_line' id='line_1_1' title="bbox 466 436 1503 540; baseline -0.014 0"><span class='ocrx_word' id='word_1_1' title='bbox 466 468 541 540; x_wconf 80' lang='lat' dir='ltr'>ass</span> <span class='ocrx_word' id='word_1_2' title='bbox 844 436 1037 530; x_wconf 76' lang='lat' dir='ltr'>rsoous</span> <span class='ocrx_word' id='word_1_3' title='bbox 1068 453 1165 526; x_wconf 83' lang='lat' dir='ltr'>oss</span> <span class='ocrx_word' id='word_1_4' title='bbox 1196 454 1503 529; x_wconf 74' lang='lat' dir='ltr'>respuens.</span> 
     </span>
    </p>
   </div>
   <div class='ocr_carea' id='block_1_2' title="bbox 458 593 1882 3564">
    <p class='ocr_par' dir='ltr' id='par_1_2' title="bbox 458 593 1882 3564">
     <span class='ocr_line' id='line_1_2' title="bbox 465 593 1882 706; baseline -0.004 -22"><span class='ocrx_word' id='word_1_5' title='bbox 465 634 631 691; x_wconf 90' lang='lat' dir='ltr'>crucem,</span> <span class='ocrx_word' id='word_1_6' title='bbox 648 601 715 680; x_wconf 89' lang='lat' dir='ltr'>sed</span> <span class='ocrx_word' id='word_1_7' title='bbox 729 601 855 679; x_wconf 90' lang='lat' dir='ltr'>Deum</span> <span class='ocrx_word' id='word_1_8' title='bbox 868 596 993 674; x_wconf 90' lang='lat' dir='ltr'>noluit</span> <span class='ocrx_word' id='word_1_9' title='bbox 1001 595 1186 701; x_wconf 82' lang='lat' dir='ltr'>abnegare</span> <span class='ocrx_word' id='word_1_10' title='bbox 1197 624 1206 668; x_wconf 74' lang='grc' dir='ltr'><strong>ε</strong></span> <span class='ocrx_word' id='word_1_11' title='bbox 1218 609 1257 669; x_wconf 90' lang='lat' dir='ltr'>et</span> <span class='ocrx_word' id='word_1_12' title='bbox 1268 593 1361 672; x_wconf 92' lang='lat' dir='ltr'>dum</span> <span class='ocrx_word' id='word_1_13' title='bbox 1376 597 1428 672; x_wconf 86' lang='lat' dir='ltr'>sic</span> <span class='ocrx_word' id='word_1_14' title='bbox 1441 597 1728 686; x_wconf 78' lang='lat' dir='ltr'>contenderent,</span> <span class='ocrx_word' id='word_1_15' title='bbox 1748 619 1787 676; x_wconf 89' lang='lat' dir='ltr'>et</span> <span class='ocrx_word' id='word_1_16' title='bbox 1798 631 1882 706; x_wconf 89' lang='lat' dir='ltr'>pre-</span> 
     </span>
     <span class='ocr_line' id='line_1_3' title="bbox 465 722 1879 835; baseline -0.003 -23"><span class='ocrx_word' id='word_1_17' title='bbox 465 736 563 813; x_wconf 83' lang='lat' dir='ltr'>dicta</span> <span class='ocrx_word' id='word_1_18' title='bbox 582 730 903 811; x_wconf 90' lang='lat' dir='ltr'>comminarentur</span> <span class='ocrx_word' id='word_1_19' title='bbox 920 725 1063 812; x_wconf 90' lang='lat' dir='ltr'>eidem,</span> <span class='ocrx_word' id='word_1_20' title='bbox 1082 722 1248 835; x_wconf 86' lang='lat' dir='ltr'>prefatus</span> <span class='ocrx_word' id='word_1_21' title='bbox 1264 742 1449 830; x_wconf 87' lang='lat' dir='ltr'>receptor,</span> <span class='ocrx_word' id='word_1_22' title='bbox 1466 726 1712 805; x_wconf 80' lang='lat' dir='ltr'>contencione</span> <span class='ocrx_word' id='word_1_23' title='bbox 1732 732 1879 823; x_wconf 82' lang='lat' dir='ltr'>audita,</span> 
     </span>
     <span class='ocr_line' id='line_1_4' title="bbox 464 856 1878 973; baseline -0.004 -28"><span class='ocrx_word' id='word_1_24' title='bbox 464 866 727 973; x_wconf 87' lang='lat' dir='ltr'>superveniens</span> <span class='ocrx_word' id='word_1_25' title='bbox 747 880 785 938; x_wconf 89' lang='lat' dir='ltr'>et</span> <span class='ocrx_word' id='word_1_26' title='bbox 804 861 947 937; x_wconf 87' lang='lat' dir='ltr'>intrans</span> <span class='ocrx_word' id='word_1_27' title='bbox 969 882 1173 945; x_wconf 78' lang='lat' dir='ltr'>cameram,</span> <span class='ocrx_word' id='word_1_28' title='bbox 1193 856 1361 961; x_wconf 84' lang='lat' dir='ltr'>precepit</span> <span class='ocrx_word' id='word_1_29' title='bbox 1386 856 1491 962; x_wconf 92' lang='lat' dir='ltr'>quod</span> <span class='ocrx_word' id='word_1_30' title='bbox 1515 856 1750 937; x_wconf 85' lang='lat' dir='ltr'>dimitterent</span> <span class='ocrx_word' id='word_1_31' title='bbox 1777 891 1878 939; x_wconf 88' lang='lat' dir='ltr'>eum.</span> 
     </span>
     <span class='ocr_line' id='line_1_5' title="bbox 463 984 1882 1095; baseline -0.002 -22"><span class='ocrx_word' id='word_1_32' title='bbox 463 994 545 1072; x_wconf 80' lang='lat' dir='ltr'>Alia</span> <span class='ocrx_word' id='word_1_33' title='bbox 560 995 689 1072; x_wconf 92' lang='lat' dir='ltr'>illicita</span> <span class='ocrx_word' id='word_1_34' title='bbox 708 1019 785 1068; x_wconf 93' lang='lat' dir='ltr'>non</span> <span class='ocrx_word' id='word_1_35' title='bbox 806 990 1087 1065; x_wconf 90' lang='lat' dir='ltr'>intervenerunt</span> <span class='ocrx_word' id='word_1_36' title='bbox 1105 984 1145 1059; x_wconf 92' lang='lat' dir='ltr'>in</span> <span class='ocrx_word' id='word_1_37' title='bbox 1166 984 1264 1062; x_wconf 90' lang='lat' dir='ltr'>diota</span> <span class='ocrx_word' id='word_1_38' title='bbox 1289 1014 1356 1062; x_wconf 91' lang='lat' dir='ltr'>sua</span> <span class='ocrx_word' id='word_1_39' title='bbox 1382 987 1601 1092; x_wconf 89' lang='lat' dir='ltr'>recepcione</span> <span class='ocrx_word' id='word_1_40' title='bbox 1627 1014 1697 1065; x_wconf 90' lang='lat' dir='ltr'>nec</span> <span class='ocrx_word' id='word_1_41' title='bbox 1719 1009 1822 1095; x_wconf 89' lang='lat' dir='ltr'>post,</span> <span class='ocrx_word' id='word_1_42' title='bbox 1844 1012 1882 1070; x_wconf 90' lang='lat' dir='ltr'>et</span> 
     </span>
     <span class='ocr_line' id='line_1_6' title="bbox 463 1113 1879 1230; baseline -0.001 -30"><span class='ocrx_word' id='word_1_43' title='bbox 463 1121 723 1230; x_wconf 82' lang='lat' dir='ltr'>quianullum</span> <span class='ocrx_word' id='word_1_44' title='bbox 744 1118 861 1195; x_wconf 86' lang='lat' dir='ltr'>alium</span> <span class='ocrx_word' id='word_1_45' title='bbox 888 1116 982 1192; x_wconf 91' lang='lat' dir='ltr'>vidit</span> <span class='ocrx_word' id='word_1_46' title='bbox 998 1114 1113 1220; x_wconf 85' lang='lat' dir='ltr'>recipi</span> <span class='ocrx_word' id='word_1_47' title='bbox 1139 1140 1209 1190; x_wconf 92' lang='lat' dir='ltr'>nec</span> <span class='ocrx_word' id='word_1_48' title='bbox 1241 1113 1413 1191; x_wconf 86' lang='lat' dir='ltr'>interfuit</span> <span class='ocrx_word' id='word_1_49' title='bbox 1437 1116 1611 1222; x_wconf 80' lang='lat' dir='ltr'>capitulis</span> <span class='ocrx_word' id='word_1_50' title='bbox 1635 1121 1879 1211; x_wconf 90' lang='lat' dir='ltr'>eorumdem,</span> 
     </span>
     <span class='ocr_line' id='line_1_7' title="bbox 464 1243 1882 1357; baseline -0.001 -28"><span class='ocrx_word' id='word_1_51' title='bbox 464 1254 582 1330; x_wconf 88' lang='lat' dir='ltr'>nescit</span> <span class='ocrx_word' id='word_1_52' title='bbox 601 1253 631 1330; x_wconf 87' lang='lat' dir='ltr'>si</span> <span class='ocrx_word' id='word_1_53' title='bbox 651 1251 719 1328; x_wconf 88' lang='lat' dir='ltr'>ista</span> <span class='ocrx_word' id='word_1_54' title='bbox 739 1249 797 1327; x_wconf 88' lang='lat' dir='ltr'>vel</span> <span class='ocrx_word' id='word_1_55' title='bbox 817 1248 887 1324; x_wconf 92' lang='lat' dir='ltr'>alia</span> <span class='ocrx_word' id='word_1_56' title='bbox 900 1243 1199 1324; x_wconf 84' lang='lat' dir='ltr'>interveniebant</span> <span class='ocrx_word' id='word_1_57' title='bbox 1217 1247 1470 1323; x_wconf 87' lang='lat' dir='ltr'>communiter</span> <span class='ocrx_word' id='word_1_58' title='bbox 1484 1263 1523 1324; x_wconf 87' lang='lat' dir='ltr'>et</span> <span class='ocrx_word' id='word_1_59' title='bbox 1537 1246 1681 1352; x_wconf 90' lang='lat' dir='ltr'>ubique</span> <span class='ocrx_word' id='word_1_60' title='bbox 1701 1248 1742 1324; x_wconf 91' lang='lat' dir='ltr'>in</span> <span class='ocrx_word' id='word_1_61' title='bbox 1762 1279 1882 1357; x_wconf 86' lang='lat' dir='ltr'>recep</span> 
     </span>
     <span class='ocr_line' id='line_1_8' title="bbox 464 1373 1882 1480; baseline -0.001 -22"><span class='ocrx_word' id='word_1_62' title='bbox 464 1382 635 1459; x_wconf 87' lang='lat' dir='ltr'>cio&#39;nibus</span> <span class='ocrx_word' id='word_1_63' title='bbox 650 1379 811 1457; x_wconf 85' lang='lat' dir='ltr'>aliorum</span> <span class='ocrx_word' id='word_1_64' title='bbox 825 1376 884 1453; x_wconf 91' lang='lat' dir='ltr'>vel</span> <span class='ocrx_word' id='word_1_65' title='bbox 902 1393 1008 1480; x_wconf 63' lang='lat' dir='ltr'>posu</span> <span class='ocrx_word' id='word_1_66' title='bbox 1027 1375 1145 1451; x_wconf 89' lang='lat' dir='ltr'>nescit</span> <span class='ocrx_word' id='word_1_67' title='bbox 1156 1373 1262 1478; x_wconf 90' lang='lat' dir='ltr'>quod</span> <span class='ocrx_word' id='word_1_68' title='bbox 1279 1401 1395 1480; x_wconf 89' lang='lat' dir='ltr'>super</span> <span class='ocrx_word' id='word_1_69' title='bbox 1413 1374 1487 1452; x_wconf 90' lang='lat' dir='ltr'>hoc</span> <span class='ocrx_word' id='word_1_70' title='bbox 1505 1376 1644 1455; x_wconf 84' lang='lat' dir='ltr'>credat.</span> <span class='ocrx_word' id='word_1_71' title='bbox 1659 1379 1771 1467; x_wconf 87' lang='lat' dir='ltr'>Item,</span> <span class='ocrx_word' id='word_1_72' title='bbox 1791 1381 1882 1458; x_wconf 83' lang='lat' dir='ltr'>dixit</span> 
     </span>
     <span class='ocr_line' id='line_1_9' title="bbox 462 1504 1880 1616; baseline -0.001 -29"><span class='ocrx_word' id='word_1_73' title='bbox 462 1512 568 1616; x_wconf 88' lang='lat' dir='ltr'>quod</span> <span class='ocrx_word' id='word_1_74' title='bbox 587 1509 682 1586; x_wconf 86' lang='lat' dir='ltr'>infra</span> <span class='ocrx_word' id='word_1_75' title='bbox 700 1508 902 1585; x_wconf 90' lang='lat' dir='ltr'>dimidium</span> <span class='ocrx_word' id='word_1_76' title='bbox 916 1533 1058 1582; x_wconf 87' lang='lat' dir='ltr'>annum</span> <span class='ocrx_word' id='word_1_77' title='bbox 1078 1504 1332 1608; x_wconf 90' lang='lat' dir='ltr'>arecepcione</span> <span class='ocrx_word' id='word_1_78' title='bbox 1350 1533 1418 1581; x_wconf 90' lang='lat' dir='ltr'>sua</span> <span class='ocrx_word' id='word_1_79' title='bbox 1433 1505 1506 1583; x_wconf 84' lang='lat' dir='ltr'>luit</span> <span class='ocrx_word' id='word_1_80' title='bbox 1525 1506 1572 1584; x_wconf 90' lang='lat' dir='ltr'>de</span> <span class='ocrx_word' id='word_1_81' title='bbox 1591 1506 1771 1612; x_wconf 85' lang='lat' dir='ltr'>predictis</span> <span class='ocrx_word' id='word_1_82' title='bbox 1790 1538 1880 1587; x_wconf 87' lang='lat' dir='ltr'>con-</span> 
     </span>
     <span class='ocr_line' id='line_1_10' title="bbox 463 1632 1878 1744; baseline -0.001 -28"><span class='ocrx_word' id='word_1_83' title='bbox 463 1640 581 1719; x_wconf 87' lang='lat' dir='ltr'>sessus</span> <span class='ocrx_word' id='word_1_84' title='bbox 600 1641 757 1717; x_wconf 90' lang='lat' dir='ltr'>domino</span> <span class='ocrx_word' id='word_1_85' title='bbox 772 1638 946 1743; x_wconf 89' lang='lat' dir='ltr'>episcopo</span> <span class='ocrx_word' id='word_1_86' title='bbox 966 1634 1163 1723; x_wconf 89' lang='lat' dir='ltr'>Tarvensi,</span> <span class='ocrx_word' id='word_1_87' title='bbox 1185 1634 1225 1709; x_wconf 93' lang='lat' dir='ltr'>in</span> <span class='ocrx_word' id='word_1_88' title='bbox 1245 1632 1400 1713; x_wconf 86' lang='lat' dir='ltr'>ecclesia</span> <span class='ocrx_word' id='word_1_89' title='bbox 1416 1637 1553 1714; x_wconf 90' lang='lat' dir='ltr'>domus</span> <span class='ocrx_word' id='word_1_90' title='bbox 1562 1637 1711 1744; x_wconf 87' lang='lat' dir='ltr'>Templi</span> <span class='ocrx_word' id='word_1_91' title='bbox 1726 1639 1773 1715; x_wconf 91' lang='lat' dir='ltr'>de</span> <span class='ocrx_word' id='word_1_92' title='bbox 1787 1640 1878 1717; x_wconf 69' lang='grc' dir='ltr'>Βοτ-</span> 
     </span>
     <span class='ocr_line' id='line_1_11' title="bbox 463 1762 1878 1870; baseline 0 -23"><span class='ocrx_word' id='word_1_93' title='bbox 463 1770 582 1848; x_wconf 87' lang='lat' dir='ltr'>dellas</span> <span class='ocrx_word' id='word_1_94' title='bbox 602 1769 759 1848; x_wconf 91' lang='lat' dir='ltr'>diocesis</span> <span class='ocrx_word' id='word_1_95' title='bbox 777 1766 988 1855; x_wconf 78' lang='lat' dir='ltr'>Turrensis,</span> <span class='ocrx_word' id='word_1_96' title='bbox 1006 1765 1071 1870; x_wconf 91' lang='lat' dir='ltr'>qui</span> <span class='ocrx_word' id='word_1_97' title='bbox 1091 1763 1138 1840; x_wconf 93' lang='lat' dir='ltr'>ad</span> <span class='ocrx_word' id='word_1_98' title='bbox 1159 1762 1298 1839; x_wconf 89' lang='lat' dir='ltr'>dictam</span> <span class='ocrx_word' id='word_1_99' title='bbox 1314 1765 1506 1843; x_wconf 87' lang='lat' dir='ltr'>ecclesiam</span> <span class='ocrx_word' id='word_1_100' title='bbox 1520 1767 1740 1845; x_wconf 79' lang='lat' dir='ltr'>visitandam</span> <span class='ocrx_word' id='word_1_101' title='bbox 1755 1798 1878 1847; x_wconf 89' lang='lat' dir='ltr'>acces-</span> 
     </span>
     <span class='ocr_line' id='line_1_12' title="bbox 462 1893 1877 2003; baseline -0.001 -25"><span class='ocrx_word' id='word_1_102' title='bbox 462 1919 575 1989; x_wconf 81' lang='lat' dir='ltr'>serat,</span> <span class='ocrx_word' id='word_1_103' title='bbox 593 1917 632 1977; x_wconf 89' lang='lat' dir='ltr'>et</span> <span class='ocrx_word' id='word_1_104' title='bbox 650 1899 723 1976; x_wconf 86' lang='lat' dir='ltr'>fuit</span> <span class='ocrx_word' id='word_1_105' title='bbox 741 1896 935 1974; x_wconf 82' lang='lat' dir='ltr'>absolutus</span> <span class='ocrx_word' id='word_1_106' title='bbox 952 1894 998 1970; x_wconf 82' lang='lat' dir='ltr'>ab</span> <span class='ocrx_word' id='word_1_107' title='bbox 1019 1922 1077 1970; x_wconf 88' lang='lat' dir='ltr'>eo.</span> <span class='ocrx_word' id='word_1_108' title='bbox 1099 1894 1212 1981; x_wconf 88' lang='lat' dir='ltr'>Item,</span> <span class='ocrx_word' id='word_1_109' title='bbox 1234 1893 1328 1971; x_wconf 84' lang='lat' dir='ltr'>dixit</span> <span class='ocrx_word' id='word_1_110' title='bbox 1345 1897 1453 2001; x_wconf 86' lang='lat' dir='ltr'>quod</span> <span class='ocrx_word' id='word_1_111' title='bbox 1476 1897 1555 2003; x_wconf 87' lang='lat' dir='ltr'>ipse</span> <span class='ocrx_word' id='word_1_112' title='bbox 1576 1897 1676 2001; x_wconf 88' lang='lat' dir='ltr'>bene</span> <span class='ocrx_word' id='word_1_113' title='bbox 1700 1900 1877 1976; x_wconf 90' lang='lat' dir='ltr'>credebat</span> 
     </span>
     <span class='ocr_line' id='line_1_13' title="bbox 462 2024 1877 2128; baseline -0.001 -21"><span class='ocrx_word' id='word_1_114' title='bbox 462 2030 715 2108; x_wconf 87' lang='lat' dir='ltr'>ecclesiasticis</span> <span class='ocrx_word' id='word_1_115' title='bbox 734 2026 991 2114; x_wconf 72' lang='lat' dir='ltr'>murmontis,</span> <span class='ocrx_word' id='word_1_116' title='bbox 1018 2025 1174 2101; x_wconf 90' lang='lat' dir='ltr'>credens</span> <span class='ocrx_word' id='word_1_117' title='bbox 1197 2024 1302 2128; x_wconf 91' lang='lat' dir='ltr'>quod</span> <span class='ocrx_word' id='word_1_118' title='bbox 1328 2025 1401 2102; x_wconf 88' lang='lat' dir='ltr'>alii.</span> <span class='ocrx_word' id='word_1_119' title='bbox 1417 2025 1550 2105; x_wconf 81' lang='lat' dir='ltr'>fratres</span> <span class='ocrx_word' id='word_1_120' title='bbox 1572 2027 1717 2105; x_wconf 88' lang='lat' dir='ltr'>ordinis</span> <span class='ocrx_word' id='word_1_121' title='bbox 1741 2030 1877 2106; x_wconf 89' lang='lat' dir='ltr'>eodem</span> 
     </span>
     <span class='ocr_line' id='line_1_14' title="bbox 462 2155 1878 2261; baseline -0.001 -25"><span class='ocrx_word' id='word_1_122' title='bbox 462 2160 578 2238; x_wconf 90' lang='lat' dir='ltr'>modo</span> <span class='ocrx_word' id='word_1_123' title='bbox 591 2159 803 2246; x_wconf 84' lang='lat' dir='ltr'>crederent,</span> <span class='ocrx_word' id='word_1_124' title='bbox 816 2172 854 2232; x_wconf 88' lang='lat' dir='ltr'>et</span> <span class='ocrx_word' id='word_1_125' title='bbox 867 2156 972 2261; x_wconf 91' lang='lat' dir='ltr'>quod</span> <span class='ocrx_word' id='word_1_126' title='bbox 987 2182 1121 2233; x_wconf 87' lang='lat' dir='ltr'>eorum</span> <span class='ocrx_word' id='word_1_127' title='bbox 1140 2155 1351 2233; x_wconf 81' lang='lat' dir='ltr'>sacerdotes</span> <span class='ocrx_word' id='word_1_128' title='bbox 1366 2157 1495 2235; x_wconf 91' lang='lat' dir='ltr'>debite</span> <span class='ocrx_word' id='word_1_129' title='bbox 1507 2157 1752 2236; x_wconf 86' lang='lat' dir='ltr'>celebrarent.</span> <span class='ocrx_word' id='word_1_130' title='bbox 1767 2158 1878 2237; x_wconf 91' lang='lat' dir='ltr'>Clan-</span> 
     </span>
     <span class='ocr_line' id='line_1_15' title="bbox 461 2284 1878 2391; baseline 0.001 -27"><span class='ocrx_word' id='word_1_131' title='bbox 461 2288 607 2366; x_wconf 87' lang='lat' dir='ltr'>destine</span> <span class='ocrx_word' id='word_1_132' title='bbox 633 2286 919 2391; x_wconf 81' lang='lat' dir='ltr'>recipiebantur,</span> <span class='ocrx_word' id='word_1_133' title='bbox 940 2285 1056 2363; x_wconf 87' lang='lat' dir='ltr'>nullis</span> <span class='ocrx_word' id='word_1_134' title='bbox 1079 2284 1319 2391; x_wconf 89' lang='lat' dir='ltr'>presentibus</span> <span class='ocrx_word' id='word_1_135' title='bbox 1343 2286 1414 2363; x_wconf 90' lang='lat' dir='ltr'>nisi</span> <span class='ocrx_word' id='word_1_136' title='bbox 1442 2285 1619 2365; x_wconf 84' lang='lat' dir='ltr'>iratribus</span> <span class='ocrx_word' id='word_1_137' title='bbox 1639 2287 1808 2377; x_wconf 89' lang='lat' dir='ltr'>ordinis,</span> <span class='ocrx_word' id='word_1_138' title='bbox 1834 2317 1878 2365; x_wconf 84' lang='lat' dir='ltr'>ex</span> 
     </span>
     <span class='ocr_line' id='line_1_16' title="bbox 462 2413 1876 2524; baseline 0.001 -31"><span class='ocrx_word' id='word_1_139' title='bbox 462 2444 539 2524; x_wconf 92' lang='lat' dir='ltr'>quo</span> <span class='ocrx_word' id='word_1_140' title='bbox 559 2415 678 2493; x_wconf 89' lang='lat' dir='ltr'>credit</span> <span class='ocrx_word' id='word_1_141' title='bbox 692 2414 798 2521; x_wconf 90' lang='lat' dir='ltr'>quod</span> <span class='ocrx_word' id='word_1_142' title='bbox 813 2431 910 2491; x_wconf 88' lang='lat' dir='ltr'>esset</span> <span class='ocrx_word' id='word_1_143' title='bbox 926 2413 1023 2490; x_wconf 87' lang='lat' dir='ltr'>mala</span> <span class='ocrx_word' id='word_1_144' title='bbox 1037 2414 1201 2519; x_wconf 87' lang='lat' dir='ltr'>suspicio</span> <span class='ocrx_word' id='word_1_145' title='bbox 1219 2432 1349 2493; x_wconf 91' lang='lat' dir='ltr'>contra</span> <span class='ocrx_word' id='word_1_146' title='bbox 1362 2443 1438 2493; x_wconf 88' lang='lat' dir='ltr'>eos.</span> <span class='ocrx_word' id='word_1_147' title='bbox 1460 2414 1638 2496; x_wconf 89' lang='lat' dir='ltr'>Cordulis</span> <span class='ocrx_word' id='word_1_148' title='bbox 1658 2417 1760 2494; x_wconf 88' lang='lat' dir='ltr'>unde</span> <span class='ocrx_word' id='word_1_149' title='bbox 1776 2419 1876 2495; x_wconf 88' lang='lat' dir='ltr'>vole-</span> 
     </span>
     <span class='ocr_line' id='line_1_17' title="bbox 461 2545 1877 2652; baseline 0 -29"><span class='ocrx_word' id='word_1_150' title='bbox 461 2547 552 2623; x_wconf 79' lang='lat' dir='ltr'>bant</span> <span class='ocrx_word' id='word_1_151' title='bbox 570 2546 769 2651; x_wconf 83' lang='lat' dir='ltr'>assumptis</span> <span class='ocrx_word' id='word_1_152' title='bbox 789 2545 1035 2651; x_wconf 85' lang='lat' dir='ltr'>cingebantur</span> <span class='ocrx_word' id='word_1_153' title='bbox 1051 2572 1165 2649; x_wconf 91' lang='lat' dir='ltr'>super</span> <span class='ocrx_word' id='word_1_154' title='bbox 1183 2545 1352 2623; x_wconf 88' lang='lat' dir='ltr'>camisias</span> <span class='ocrx_word' id='word_1_155' title='bbox 1368 2574 1456 2624; x_wconf 89' lang='lat' dir='ltr'>cum</span> <span class='ocrx_word' id='word_1_156' title='bbox 1479 2546 1620 2652; x_wconf 89' lang='lat' dir='ltr'>quibus</span> <span class='ocrx_word' id='word_1_157' title='bbox 1632 2545 1807 2652; x_wconf 87' lang='lat' dir='ltr'>jacebant</span> <span class='ocrx_word' id='word_1_158' title='bbox 1826 2549 1877 2624; x_wconf 88' lang='lat' dir='ltr'>ad</span> 
     </span>
     <span class='ocr_line' id='line_1_18' title="bbox 459 2675 1877 2786; baseline 0 -33"><span class='ocrx_word' id='word_1_159' title='bbox 459 2678 762 2786; x_wconf 79' lang='lat' dir='ltr'>restringendum</span> <span class='ocrx_word' id='word_1_160' title='bbox 783 2704 923 2754; x_wconf 84' lang='lat' dir='ltr'>carnes.</span> <span class='ocrx_word' id='word_1_161' title='bbox 938 2675 1090 2752; x_wconf 83' lang='lat' dir='ltr'>Audivit</span> <span class='ocrx_word' id='word_1_162' title='bbox 1110 2675 1182 2752; x_wconf 89' lang='lat' dir='ltr'>dici</span> <span class='ocrx_word' id='word_1_163' title='bbox 1196 2676 1302 2782; x_wconf 91' lang='lat' dir='ltr'>quod</span> <span class='ocrx_word' id='word_1_164' title='bbox 1320 2677 1387 2783; x_wconf 93' lang='lat' dir='ltr'>qui</span> <span class='ocrx_word' id='word_1_165' title='bbox 1403 2675 1602 2754; x_wconf 78' lang='lat' dir='ltr'>revelasset</span> <span class='ocrx_word' id='word_1_166' title='bbox 1620 2695 1761 2755; x_wconf 83' lang='lat' dir='ltr'>secreta</span> <span class='ocrx_word' id='word_1_167' title='bbox 1781 2679 1877 2782; x_wconf 82' lang='lat' dir='ltr'>capi·</span> 
     </span>
     <span class='ocr_line' id='line_1_19' title="bbox 459 2807 1875 2915; baseline 0 -31"><span class='ocrx_word' id='word_1_168' title='bbox 459 2807 657 2897; x_wconf 89' lang='lat' dir='ltr'>tuliorum,</span> <span class='ocrx_word' id='word_1_169' title='bbox 673 2808 897 2915; x_wconf 85' lang='lat' dir='ltr'>perdidisset</span> <span class='ocrx_word' id='word_1_170' title='bbox 915 2808 1085 2884; x_wconf 89' lang='lat' dir='ltr'>domum.</span> <span class='ocrx_word' id='word_1_171' title='bbox 1100 2807 1140 2885; x_wconf 85' lang='lat' dir='ltr'>Si</span> <span class='ocrx_word' id='word_1_172' title='bbox 1156 2808 1223 2912; x_wconf 90' lang='lat' dir='ltr'>qui</span> <span class='ocrx_word' id='word_1_173' title='bbox 1241 2825 1349 2886; x_wconf 86' lang='lat' dir='ltr'>erant</span> <span class='ocrx_word' id='word_1_174' title='bbox 1361 2807 1493 2885; x_wconf 80' lang='lat' dir='ltr'>iratres</span> <span class='ocrx_word' id='word_1_175' title='bbox 1505 2808 1649 2885; x_wconf 85' lang='lat' dir='ltr'>ordinis</span> <span class='ocrx_word' id='word_1_176' title='bbox 1662 2808 1824 2886; x_wconf 86' lang='lat' dir='ltr'>scientes</span> <span class='ocrx_word' id='word_1_177' title='bbox 1836 2810 1875 2884; x_wconf 92' lang='lat' dir='ltr'>in</span> 
     </span>
     <span class='ocr_line' id='line_1_20' title="bbox 460 2938 1875 3047; baseline 0.001 -33"><span class='ocrx_word' id='word_1_178' title='bbox 460 2967 506 3016; x_wconf 87' lang='lat' dir='ltr'>eo</span> <span class='ocrx_word' id='word_1_179' title='bbox 532 2967 612 3017; x_wconf 90' lang='lat' dir='ltr'>esse</span> <span class='ocrx_word' id='word_1_180' title='bbox 632 2966 778 3017; x_wconf 87' lang='lat' dir='ltr'>errores</span> <span class='ocrx_word' id='word_1_181' title='bbox 800 2939 957 3017; x_wconf 88' lang='lat' dir='ltr'>suerunt</span> <span class='ocrx_word' id='word_1_182' title='bbox 982 2938 1229 3047; x_wconf 86' lang='lat' dir='ltr'>negligentes,</span> <span class='ocrx_word' id='word_1_183' title='bbox 1249 2939 1337 3045; x_wconf 82' lang='lat' dir='ltr'>qrria</span> <span class='ocrx_word' id='word_1_184' title='bbox 1363 2967 1441 3016; x_wconf 91' lang='lat' dir='ltr'>non</span> <span class='ocrx_word' id='word_1_185' title='bbox 1469 2956 1709 3018; x_wconf 85' lang='lat' dir='ltr'>correxerunt</span> <span class='ocrx_word' id='word_1_186' title='bbox 1723 2967 1789 3016; x_wconf 90' lang='lat' dir='ltr'>eos</span> <span class='ocrx_word' id='word_1_187' title='bbox 1806 2968 1875 3015; x_wconf 90' lang='lat' dir='ltr'>nec</span> 
     </span>
     <span class='ocr_line' id='line_1_21' title="bbox 460 3069 1874 3174; baseline 0.001 -31"><span class='ocrx_word' id='word_1_188' title='bbox 460 3069 779 3145; x_wconf 87' lang='lat' dir='ltr'>denunciaverunt</span> <span class='ocrx_word' id='word_1_189' title='bbox 798 3069 972 3146; x_wconf 87' lang='lat' dir='ltr'>Ecclesie.</span> <span class='ocrx_word' id='word_1_190' title='bbox 989 3069 1241 3146; x_wconf 83' lang='lat' dir='ltr'>Elemosinem</span> <span class='ocrx_word' id='word_1_191' title='bbox 1267 3085 1306 3145; x_wconf 88' lang='lat' dir='ltr'>et</span> <span class='ocrx_word' id='word_1_192' title='bbox 1324 3069 1614 3174; x_wconf 72' lang='lat' dir='ltr'>hospitalitatem</span> <span class='ocrx_word' id='word_1_193' title='bbox 1633 3069 1727 3145; x_wconf 89' lang='lat' dir='ltr'>vidit</span> <span class='ocrx_word' id='word_1_194' title='bbox 1740 3097 1874 3146; x_wconf 90' lang='lat' dir='ltr'>conve-</span> 
     </span>
     <span class='ocr_line' id='line_1_22' title="bbox 460 3190 1875 3304; baseline 0.004 -33"><span class='ocrx_word' id='word_1_195' title='bbox 460 3190 608 3275; x_wconf 84' lang='lat' dir='ltr'>nienter</span> <span class='ocrx_word' id='word_1_196' title='bbox 620 3198 702 3274; x_wconf 86' lang='lat' dir='ltr'>fieri</span> <span class='ocrx_word' id='word_1_197' title='bbox 723 3216 761 3274; x_wconf 92' lang='lat' dir='ltr'>et</span> <span class='ocrx_word' id='word_1_198' title='bbox 779 3199 913 3275; x_wconf 86' lang='lat' dir='ltr'>servari</span> <span class='ocrx_word' id='word_1_199' title='bbox 927 3200 966 3274; x_wconf 92' lang='lat' dir='ltr'>in</span> <span class='ocrx_word' id='word_1_200' title='bbox 982 3197 1159 3276; x_wconf 90' lang='lat' dir='ltr'>domibus</span> <span class='ocrx_word' id='word_1_201' title='bbox 1179 3199 1324 3277; x_wconf 91' lang='lat' dir='ltr'>ordinis</span> <span class='ocrx_word' id='word_1_202' title='bbox 1338 3201 1378 3275; x_wconf 91' lang='lat' dir='ltr'>in</span> <span class='ocrx_word' id='word_1_203' title='bbox 1400 3200 1541 3304; x_wconf 91' lang='lat' dir='ltr'>quibus</span> <span class='ocrx_word' id='word_1_204' title='bbox 1554 3198 1690 3277; x_wconf 82' lang='lat' dir='ltr'>exstitit</span> <span class='ocrx_word' id='word_1_205' title='bbox 1708 3225 1875 3277; x_wconf 73' lang='lat' dir='ltr'>commo</span> 
     </span>
     <span class='ocr_line' id='line_1_23' title="bbox 459 3327 1875 3434; baseline 0 -30"><span class='ocrx_word' id='word_1_206' title='bbox 459 3343 572 3404; x_wconf 87' lang='lat' dir='ltr'>ratus.</span> <span class='ocrx_word' id='word_1_207' title='bbox 590 3327 740 3405; x_wconf 84' lang='lat' dir='ltr'>Audivit</span> <span class='ocrx_word' id='word_1_208' title='bbox 760 3329 833 3405; x_wconf 88' lang='lat' dir='ltr'>dici</span> <span class='ocrx_word' id='word_1_209' title='bbox 853 3329 957 3433; x_wconf 93' lang='lat' dir='ltr'>quod</span> <span class='ocrx_word' id='word_1_210' title='bbox 973 3350 1109 3406; x_wconf 73' lang='lat' dir='ltr'>‘eorum</span> <span class='ocrx_word' id='word_1_211' title='bbox 1126 3329 1302 3434; x_wconf 82' lang='lat' dir='ltr'>capitulis</span> <span class='ocrx_word' id='word_1_212' title='bbox 1326 3331 1421 3405; x_wconf 90' lang='lat' dir='ltr'>clam</span> <span class='ocrx_word' id='word_1_213' title='bbox 1440 3328 1676 3406; x_wconf 88' lang='lat' dir='ltr'>tenebantur.</span> <span class='ocrx_word' id='word_1_214' title='bbox 1695 3327 1875 3406; x_wconf 76' lang='lat' dir='ltr'>ordinata</span> 
     </span>
     <span class='ocr_line' id='line_1_24' title="bbox 458 3459 1873 3564; baseline 0.001 -32"><span class='ocrx_word' id='word_1_215' title='bbox 458 3484 525 3561; x_wconf 88' lang='lat' dir='ltr'>per</span> <span class='ocrx_word' id='word_1_216' title='bbox 539 3459 757 3564; x_wconf 89' lang='lat' dir='ltr'>Magistrum</span> <span class='ocrx_word' id='word_1_217' title='bbox 768 3487 854 3535; x_wconf 89' lang='lat' dir='ltr'>cum</span> <span class='ocrx_word' id='word_1_218' title='bbox 875 3477 1060 3535; x_wconf 88' lang='lat' dir='ltr'>conventu</span> <span class='ocrx_word' id='word_1_219' title='bbox 1080 3477 1264 3535; x_wconf 89' lang='lat' dir='ltr'>servasset·</span> <span class='ocrx_word' id='word_1_220' title='bbox 1275 3476 1377 3536; x_wconf 89' lang='lat' dir='ltr'>totus</span> <span class='ocrx_word' id='word_1_221' title='bbox 1386 3459 1496 3547; x_wconf 92' lang='lat' dir='ltr'>ordo,</span> <span class='ocrx_word' id='word_1_222' title='bbox 1509 3475 1637 3535; x_wconf 84' lang='lat' dir='ltr'>contra</span> <span class='ocrx_word' id='word_1_223' title='bbox 1650 3487 1766 3562; x_wconf 88' lang='lat' dir='ltr'>quem</span> <span class='ocrx_word' id='word_1_224' title='bbox 1776 3487 1873 3534; x_wconf 88' lang='lat' dir='ltr'>nunc</span> 
     </span>
    </p>
   </div>
   <div class='ocr_carea' id='block_1_3' title="bbox 459 3588 1872 3697">
    <p class='ocr_par' dir='ltr' id='par_1_3' title="bbox 459 3588 1872 3697">
     <span class='ocr_line' id='line_1_25' title="bbox 459 3588 1872 3697; baseline 0.001 -35"><span class='ocrx_word' id='word_1_225' title='bbox 459 3606 610 3694; x_wconf 88' lang='lat' dir='ltr'>propter</span> <span class='ocrx_word' id='word_1_226' title='bbox 630 3589 798 3693; x_wconf 89' lang='lat' dir='ltr'>predicta</span> <span class='ocrx_word' id='word_1_227' title='bbox 821 3589 974 3697; x_wconf 84' lang='lat' dir='ltr'>grandia</span> <span class='ocrx_word' id='word_1_228' title='bbox 994 3589 1184 3678; x_wconf 90' lang='lat' dir='ltr'>scandala,</span> <span class='ocrx_word' id='word_1_229' title='bbox 1205 3590 1367 3695; x_wconf 89' lang='lat' dir='ltr'>suspicio</span> <span class='ocrx_word' id='word_1_230' title='bbox 1389 3607 1427 3665; x_wconf 88' lang='lat' dir='ltr'>et</span> <span class='ocrx_word' id='word_1_231' title='bbox 1446 3588 1598 3665; x_wconf 80' lang='lat' dir='ltr'>infamia</span> <span class='ocrx_word' id='word_1_232' title='bbox 1623 3606 1713 3665; x_wconf 89' lang='lat' dir='ltr'>suut</span> <span class='ocrx_word' id='word_1_233' title='bbox 1732 3607 1872 3677; x_wconf 76' lang='lat' dir='ltr'>exorta3</span> 
     </span>
    </p>
   </div>
   <div class='ocr_carea' id='block_1_4' title="bbox 427 3718 1873 4353">
    <p class='ocr_par' dir='ltr' id='par_1_4' title="bbox 427 3718 1873 4353">
     <span class='ocr_line' id='line_1_26' title="bbox 428 3718 1724 3809; baseline 0 -17"><span class='ocrx_word' id='word_1_234' title='bbox 428 3774 431 3779; x_wconf 83' lang='lat'>-</span> <span class='ocrx_word' id='word_1_235' title='bbox 457 3746 535 3794; x_wconf 88' lang='lat' dir='ltr'>non</span> <span class='ocrx_word' id='word_1_236' title='bbox 551 3718 622 3795; x_wconf 85' lang='lat' dir='ltr'>luit</span> <span class='ocrx_word' id='word_1_237' title='bbox 638 3718 734 3796; x_wconf 91' lang='lat' dir='ltr'>ultra</span> <span class='ocrx_word' id='word_1_238' title='bbox 751 3749 874 3809; x_wconf 84' lang='lat' dir='ltr'>mare,</span> <span class='ocrx_word' id='word_1_239' title='bbox 897 3738 934 3796; x_wconf 90' lang='lat' dir='ltr'>et</span> <span class='ocrx_word' id='word_1_240' title='bbox 954 3719 1143 3798; x_wconf 90' lang='lat' dir='ltr'>obtulerat</span> <span class='ocrx_word' id='word_1_241' title='bbox 1161 3748 1200 3797; x_wconf 90' lang='lat' dir='ltr'>se</span> <span class='ocrx_word' id='word_1_242' title='bbox 1213 3722 1261 3798; x_wconf 86' lang='lat' dir='ltr'>ad</span> <span class='ocrx_word' id='word_1_243' title='bbox 1282 3719 1554 3798; x_wconf 81' lang='lat' dir='ltr'>deffensionem</span> <span class='ocrx_word' id='word_1_244' title='bbox 1571 3720 1724 3797; x_wconf 90' lang='lat' dir='ltr'>ordinis.</span> 
     </span>
     <span class='ocr_line' id='line_1_27' title="bbox 513 3849 1869 3957; baseline -0.002 -30"><span class='ocrx_word' id='word_1_245' title='bbox 513 3850 727 3955; x_wconf 85' lang='lat' dir='ltr'>Requisitus</span> <span class='ocrx_word' id='word_1_246' title='bbox 740 3851 770 3928; x_wconf 89' lang='lat' dir='ltr'>si</span> <span class='ocrx_word' id='word_1_247' title='bbox 783 3851 836 3928; x_wconf 90' lang='lat' dir='ltr'>sic</span> <span class='ocrx_word' id='word_1_248' title='bbox 851 3851 1076 3957; x_wconf 85' lang='lat' dir='ltr'>deposuerat</span> <span class='ocrx_word' id='word_1_249' title='bbox 1086 3879 1212 3957; x_wconf 90' lang='lat' dir='ltr'>prece,</span> <span class='ocrx_word' id='word_1_250' title='bbox 1227 3868 1422 3956; x_wconf 91' lang='lat' dir='ltr'>precepto,</span> <span class='ocrx_word' id='word_1_251' title='bbox 1436 3852 1589 3940; x_wconf 90' lang='lat' dir='ltr'>timore,</span> <span class='ocrx_word' id='word_1_252' title='bbox 1602 3877 1747 3938; x_wconf 83' lang='lat' dir='ltr'>amore,</span> <span class='ocrx_word' id='word_1_253' title='bbox 1765 3849 1869 3936; x_wconf 93' lang='lat' dir='ltr'>odio,</span> 
     </span>
     <span class='ocr_line' id='line_1_28' title="bbox 457 3978 1873 4087; baseline 0 -34"><span class='ocrx_word' id='word_1_254' title='bbox 457 3979 515 4054; x_wconf 91' lang='lat' dir='ltr'>vel</span> <span class='ocrx_word' id='word_1_255' title='bbox 528 3981 725 4084; x_wconf 88' lang='lat' dir='ltr'>temporali</span> <span class='ocrx_word' id='word_1_256' title='bbox 742 3983 902 4059; x_wconf 92' lang='lat' dir='ltr'>comodo</span> <span class='ocrx_word' id='word_1_257' title='bbox 918 3982 1048 4058; x_wconf 87' lang='lat' dir='ltr'>habito</span> <span class='ocrx_word' id='word_1_258' title='bbox 1063 3982 1121 4059; x_wconf 92' lang='lat' dir='ltr'>vel</span> <span class='ocrx_word' id='word_1_259' title='bbox 1140 3981 1337 4067; x_wconf 84' lang='lat' dir='ltr'>habendo,</span> <span class='ocrx_word' id='word_1_260' title='bbox 1358 3982 1553 4087; x_wconf 89' lang='lat' dir='ltr'>respondit</span> <span class='ocrx_word' id='word_1_261' title='bbox 1565 3978 1668 4086; x_wconf 90' lang='lat' dir='ltr'>quod</span> <span class='ocrx_word' id='word_1_262' title='bbox 1688 4006 1783 4068; x_wconf 91' lang='lat' dir='ltr'>non,</span> <span class='ocrx_word' id='word_1_263' title='bbox 1805 3978 1873 4054; x_wconf 88' lang='lat' dir='ltr'>sed</span> 
     </span>
     <span class='ocr_line' id='line_1_29' title="bbox 427 4109 1873 4220; baseline 0.001 -38"><span class='ocrx_word' id='word_1_264' title='bbox 427 4194 429 4199; x_wconf 91' lang='lat'><em>.</em></span> <span class='ocrx_word' id='word_1_265' title='bbox 457 4134 527 4210; x_wconf 94' lang='lat' dir='ltr'>pro</span> <span class='ocrx_word' id='word_1_266' title='bbox 546 4110 697 4189; x_wconf 87' lang='lat' dir='ltr'>veritate</span> <span class='ocrx_word' id='word_1_267' title='bbox 720 4113 897 4199; x_wconf 73' lang='lat' dir='ltr'>dicenda3</span> <span class='ocrx_word' id='word_1_268' title='bbox 919 4114 978 4190; x_wconf 90' lang='lat' dir='ltr'>cui</span> <span class='ocrx_word' id='word_1_269' title='bbox 1003 4112 1074 4191; x_wconf 86' lang='lat' dir='ltr'>fuit</span> <span class='ocrx_word' id='word_1_270' title='bbox 1093 4114 1304 4220; x_wconf 87' lang='lat' dir='ltr'>injunctum</span> <span class='ocrx_word' id='word_1_271' title='bbox 1329 4112 1435 4217; x_wconf 93' lang='lat' dir='ltr'>quod</span> <span class='ocrx_word' id='word_1_272' title='bbox 1463 4138 1539 4187; x_wconf 89' lang='lat' dir='ltr'>non</span> <span class='ocrx_word' id='word_1_273' title='bbox 1565 4109 1746 4212; x_wconf 83' lang='lat' dir='ltr'>revelaret</span> <span class='ocrx_word' id='word_1_274' title='bbox 1778 4111 1873 4185; x_wconf 88' lang='lat' dir='ltr'>hanc</span> 
     </span>
     <span class='ocr_line' id='line_1_30' title="bbox 457 4240 1749 4353; baseline 0.005 -41"><span class='ocrx_word' id='word_1_275' title='bbox 457 4266 563 4314; x_wconf 90' lang='lat' dir='ltr'>suam</span> <span class='ocrx_word' id='word_1_276' title='bbox 584 4240 879 4346; x_wconf 89' lang='lat' dir='ltr'>deposicionem,</span> <span class='ocrx_word' id='word_1_277' title='bbox 899 4274 1097 4353; x_wconf 91' lang='lat' dir='ltr'>quousque</span> <span class='ocrx_word' id='word_1_278' title='bbox 1117 4244 1376 4322; x_wconf 88' lang='lat' dir='ltr'>attestaciones</span> <span class='ocrx_word' id='word_1_279' title='bbox 1392 4243 1532 4320; x_wconf 85' lang='lat' dir='ltr'>fuerint</span> <span class='ocrx_word' id='word_1_280' title='bbox 1548 4243 1749 4348; x_wconf 90' lang='lat' dir='ltr'>publicate.</span> 
     </span>
    </p>
   </div>
   <div class='ocr_carea' id='block_1_5' title="bbox 457 4503 1871 4872">
    <p class='ocr_par' dir='ltr' id='par_1_5' title="bbox 457 4503 1871 4872">
     <span class='ocr_line' id='line_1_31' title="bbox 513 4503 1871 4596; baseline -0.001 -18"><span class='ocrx_word' id='word_1_281' title='bbox 513 4504 640 4580; x_wconf 89' lang='lat' dir='ltr'>Frater</span> <span class='ocrx_word' id='word_1_282' title='bbox 671 4506 906 4582; x_wconf 90' lang='lat' dir='ltr'>Bertrandus-</span> <span class='ocrx_word' id='word_1_283' title='bbox 920 4507 1041 4583; x_wconf 88' lang='lat' dir='ltr'>Guasc</span> <span class='ocrx_word' id='word_1_284' title='bbox 1064 4507 1251 4596; x_wconf 87' lang='lat' dir='ltr'>serviens,</span> <span class='ocrx_word' id='word_1_285' title='bbox 1278 4505 1528 4583; x_wconf 85' lang='lat' dir='ltr'>llutbenensis</span> <span class='ocrx_word' id='word_1_286' title='bbox 1554 4504 1736 4593; x_wconf 90' lang='lat' dir='ltr'>diocesis,</span> <span class='ocrx_word' id='word_1_287' title='bbox 1766 4503 1871 4580; x_wconf 88' lang='lat' dir='ltr'>testis</span> 
     </span>
     <span class='ocr_line' id='line_1_32' title="bbox 457 4633 1871 4741; baseline 0 -35"><span class='ocrx_word' id='word_1_288' title='bbox 457 4660 565 4736; x_wconf 90' lang='lat' dir='ltr'>supra</span> <span class='ocrx_word' id='word_1_289' title='bbox 579 4636 742 4739; x_wconf 89' lang='lat' dir='ltr'>juratus,</span> <span class='ocrx_word' id='word_1_290' title='bbox 758 4634 1099 4741; x_wconf 87' lang='lat' dir='ltr'>quinquagenarius</span> <span class='ocrx_word' id='word_1_291' title='bbox 1112 4636 1170 4713; x_wconf 88' lang='lat' dir='ltr'>vel</span> <span class='ocrx_word' id='word_1_292' title='bbox 1186 4636 1298 4728; x_wconf 81' lang='lat' dir='ltr'>circe,</span> <span class='ocrx_word' id='word_1_293' title='bbox 1318 4635 1541 4713; x_wconf 87' lang='lat' dir='ltr'>mantellum</span> <span class='ocrx_word' id='word_1_294' title='bbox 1557 4634 1765 4724; x_wconf 83' lang='lat' dir='ltr'>defferens,</span> <span class='ocrx_word' id='word_1_295' title='bbox 1785 4633 1871 4709; x_wconf 82' lang='lat' dir='ltr'>bar-</span> 
     </span>
     <span class='ocr_line' id='line_1_33' title="bbox 457 4756 1867 4872; baseline 0.004 -39"><span class='ocrx_word' id='word_1_296' title='bbox 457 4756 545 4835; x_wconf 75' lang='lat' dir='ltr'>bam</span> <span class='ocrx_word' id='word_1_297' title='bbox 560 4789 678 4839; x_wconf 89' lang='lat' dir='ltr'>rasam</span> <span class='ocrx_word' id='word_1_298' title='bbox 693 4764 851 4856; x_wconf 91' lang='lat' dir='ltr'>babens,</span> <span class='ocrx_word' id='word_1_299' title='bbox 868 4792 955 4842; x_wconf 91' lang='lat' dir='ltr'>cum</span> <span class='ocrx_word' id='word_1_300' title='bbox 968 4792 1044 4871; x_wconf 90' lang='lat' dir='ltr'>quo</span> <span class='ocrx_word' id='word_1_301' title='bbox 1057 4765 1278 4872; x_wconf 86' lang='lat' dir='ltr'>inquisitum</span> <span class='ocrx_word' id='word_1_302' title='bbox 1294 4766 1415 4847; x_wconf 79' lang='lat' dir='ltr'>iuerat</span> <span class='ocrx_word' id='word_1_303' title='bbox 1426 4793 1494 4872; x_wconf 86' lang='lat' dir='ltr'>per</span> <span class='ocrx_word' id='word_1_304' title='bbox 1506 4764 1702 4843; x_wconf 89' lang='lat' dir='ltr'>dominum</span> <span class='ocrx_word' id='word_1_305' title='bbox 1720 4763 1867 4868; x_wconf 89' lang='lat' dir='ltr'>episco-</span> 
     </span>
    </p>
   </div>
   <div class='ocr_carea' id='block_1_6' title="bbox 0 0 2120 5956">
    <p class='ocr_par' dir='ltr' id='par_1_6' title="bbox 0 0 2120 5956">
     <span class='ocr_line' id='line_1_34' title="bbox 0 0 2120 5956; baseline 0 3"><span class='ocrx_word' id='word_1_306' title='bbox 0 0 2120 5956; x_wconf 95' lang='lat' dir='ltr'> </span> 
     </span>
    </p>
   </div>
  </div>
 </body>
</html>
