4268 5946
712 427 908 521 rancus
934 447 1030 519 ons
1055 446 1355 521 rnnrtrnas.
1669 445 1743 523 tar

320 615 460 665 annum
487 612 575 665 vero
603 586 747 692 possint
776 588 825 665 ad
851 586 962 665 aliam
988 586 1209 695 religionem
1235 588 1491 695 approbatam,
1521 588 1745 669 strictiorem

319 738 462 806 marren,
482 716 633 824 propria
651 716 840 796 voluntate
854 719 1010 795 transire
1025 719 1164 824 absque
1179 718 1334 796 licencia
1353 717 1508 795 rectoris
1521 718 1643 824 prime
1658 721 1747 799 reli·

317 848 463 957 gionisi'
483 846 576 926 dixit
595 845 699 953 quod
718 850 834 925 sancti
853 866 978 956 patres
999 848 1215 926 fundatores
1239 848 1383 927 ordinis
1405 848 1494 927 dicti
1519 849 1671 956 Templi
1694 852 1747 929 sic

318 994 541 1069 statuerunt,
559 993 597 1055 et
614 978 664 1054 ita
680 979 858 1084 scriptum
876 994 946 1071 est,
961 996 1004 1057 ut
1019 978 1127 1069 dixit,
1149 980 1188 1057 in
1205 980 1304 1057 libro
1321 996 1544 1058 statutorum
1563 995 1601 1056 et
1615 980 1745 1087 regule

320 1109 462 1187 ordinis
481 1109 696 1216 supradicti.

375 1239 433 1317 Ad
447 1266 539 1318 xxxv
559 1238 761 1316 articulum
778 1241 1026 1347 respondens,
1048 1240 1140 1316 dixit
1157 1268 1241 1316 vera
1263 1269 1342 1318 esse
1361 1257 1532 1318 contenta
1551 1241 1590 1318 in
1611 1269 1670 1320 eo.
1686 1242 1746 1319 ln·

318 1386 526 1477 terrogatus
541 1368 589 1447 da
605 1369 811 1459 sentencia,
833 1370 1027 1476 respondit
1042 1386 1079 1447 et
1097 1372 1287 1448 racionem
1306 1371 1464 1478 assignat
1478 1372 1605 1477 quein
1621 1371 1745 1480 regula

319 1500 543 1578 continetur.
1780 1592 1783 1597 ,

375 1629 434 1707 Ad
460 1656 567 1707 xxxvi
597 1647 635 1705 et
664 1655 786 1708 xxxvn
811 1630 988 1708 articulos
1014 1631 1192 1708 inclusive
1220 1631 1467 1737 interrogatus
1498 1633 1743 1738 respondens,

319 1759 510 1838 coufessus
528 1776 586 1837 est
604 1775 777 1837 contenta
795 1759 834 1837 in
851 1760 904 1838 eis
917 1788 1003 1838 vera
1016 1788 1113 1850 esse,
1138 1778 1174 1837 et
1187 1760 1354 1867 predicta
1372 1761 1425 1838 sic
1442 1761 1537 1839 vidit
1555 1761 1604 1839 de
1621 1762 1745 1869 seipso

317 1888 401 1968 fieri
420 1906 457 1967 et
473 1889 520 1967 de
539 1890 766 1997 quibusdam
786 1890 869 1967 aliis
887 1890 1086 1969 observari.

375 2020 434 2098 Ad
447 2046 582 2098 xxxvnr
596 2019 796 2097 articulum
816 2021 1063 2125 respondens,
1079 2020 1171 2097 dixit
1186 2049 1225 2099 se
1244 2048 1321 2098 non
1341 2022 1495 2100 credere
1509 2023 1613 2131 quod
1627 2023 1744 2130 aliquo

319 2151 467 2228 sinistra
496 2149 658 2256 suspicio
693 2176 763 2256 pro
795 2147 894 2227 dicta
918 2149 1146 2229 clandestina
1177 2151 1396 2258 reccpcione
1427 2151 1585 2231 fratrum
1614 2154 1744 2233 haberi

318 2280 454 2358 debeat
467 2308 489 2357 a
502 2307 743 2388 quocumque
756 2280 860 2359 bono
874 2278 1047 2371 homine,
1064 2310 1149 2359 cum
1161 2340 1282 2360 .....
1307 2281 1359 2359 nil
1375 2281 1465 2359 mali
1480 2280 1560 2373 fiat,
1577 2301 1621 2361 ut
1634 2284 1742 2376 dixit,

318 2429 357 2491 et
374 2412 405 2491 si
426 2411 523 2489 forte
542 2412 771 2490 contrarium
801 2412 1045 2518 suspicentur,
1075 2413 1193 2491 credit
1221 2440 1287 2492 eos
1311 2440 1479 2520 peccare,
1506 2430 1544 2492 et
1562 2415 1745 2495 Dominus

317 2560 440 2649 parcat
460 2541 573 2650 {rial}

373 2672 430 2752 rld
446 2700 553 2753 xxxix
572 2672 770 2753 articulum
790 2672 1038 2781 respondens,
1060 2672 1153 2751 dixit
1167 2690 1209 2751 ut
1222 2674 1260 2750 in
1272 2674 1441 2780 proximo
1456 2675 1617 2783 arti[culo
1627 2704 1745 2779 prece·

317 2803 440 2913 teupi.

372 2933 431 3012 Ad
444 2934 599 3015 xl-xlv
612 2933 787 3015 articulos
804 2934 984 3013 inclusive
1003 2934 1227 3040 respondens,
1243 2935 1352 3025 dixit,
1368 2936 1514 3042 negavit
1528 2963 1593 3017 eos
1611 2954 1651 3016 et
1663 2966 1745 3017 om·

316 3067 377 3144 nia
387 3083 426 3143 et
436 3066 579 3174 singula
594 3084 769 3145 contenta
783 3067 822 3143 in
835 3068 900 3145 eis.
913 3066 1165 3174 Interrogatus
1175 3094 1252 3174 quo
1261 3067 1375 3146 modo
1386 3066 1456 3144 scit
1466 3068 1570 3174 quod
1579 3068 1744 3176 predicta

317 3197 355 3274 in
370 3195 535 3275 articulis
551 3196 727 3303 predictis
745 3213 916 3276 contenta
928 3213 1075 3275 careant
1091 3197 1261 3287 veritate,
1282 3214 1326 3275 ut
1340 3197 1453 3287 dixit,
1474 3199 1669 3307 respondit
1686 3226 1743 3293 se,

316 3355 402 3405 cum
427 3326 476 3405 sit
498 3326 545 3403 de
565 3327 667 3405 dicto
687 3327 838 3416 ordine,
860 3356 1047 3435 nusquam
1067 3327 1132 3405 illa
1154 3344 1334 3434 patrasse,
1355 3355 1425 3407 nec
1444 3328 1493 3407 ad
1513 3358 1557 3407 ea
1575 3330 1747 3410 commit-

315 3456 429 3535 tenda
442 3473 614 3564 rogatum
634 3457 691 3535 vel
711 3475 883 3537 vocatum
900 3457 1019 3536 fuisse
1038 3486 1107 3565 per
1127 3458 1290 3565 aliquem
1309 3459 1358 3536 de
1380 3458 1481 3537 dicto
1504 3460 1656 3549 ordine,
1674 3488 1745 3539 nec

314 3586 409 3664 vidit
424 3616 494 3666 nec
512 3587 654 3665 audivit
669 3615 739 3665 nec
757 3590 864 3665 scivit
882 3616 1111 3695 quemquam
1127 3588 1252 3695 aliqua
1265 3588 1386 3665 facere
1405 3588 1454 3664 de
1468 3588 1657 3694 predictis.

372 3715 431 3793 Ad
459 3717 650 3796 itu-lxx
681 3717 856 3795 articulos
884 3717 1062 3794 inclusive
1089 3718 1338 3825 interrogatus
1369 3717 1616 3823 respondens,
1652 3718 1746 3797 dixit

317 3863 489 3924 contenta
509 3847 636 3925 omnia
654 3862 693 3924 et
711 3846 854 3954 singula
876 3847 914 3924 in
935 3848 989 3926 eis
1002 3873 1079 3925 non
1099 3875 1179 3925 esse
1199 3875 1301 3937 vera,
1322 3876 1391 3925 nec
1411 3876 1450 3925 se
1470 3848 1564 3927 scire
1578 3876 1647 3927 nec
1663 3878 1745 3929 cre·

318 3977 408 4053 dere
424 4005 511 4055 vera
529 4006 626 4067 esse,
648 3977 748 4056 salvo
772 3979 878 4087 quod
896 3977 1088 4058 confessus
1114 3995 1170 4057 est
1190 3979 1297 4087 quod
1316 3979 1560 4058 incontinenti
1582 3998 1667 4087 post
1683 4008 1744 4061 re-

317 4108 534 4215 cepcionem
553 4109 707 4187 fratrum
726 4110 817 4189 dicti
831 4110 991 4195 ordinis,
1009 4110 1078 4218 ipsi
1094 4110 1235 4215 recepti
1255 4110 1294 4187 in
1313 4110 1444 4189 fratres
1463 4110 1650 4220 recipiunt
1661 4112 1746 4219 qui·

318 4235 412 4316 libet
428 4268 547 4318 unum
567 4239 758 4348 cingulum
780 4241 827 4319 de
843 4240 910 4320 lilo
928 4241 1029 4319 lineo
1041 4241 1100 4318 vel
1117 4241 1165 4318 de
1181 4239 1280 4331 lana,
1296 4242 1391 4319 sicut
1409 4243 1526 4349 magis
1540 4242 1595 4320 eis
1608 4241 1741 4348 placet,

318 4387 356 4446 et
374 4371 456 4481 ejus
474 4371 722 4478 longitudinis
737 4400 850 4478 quam
863 4372 1008 4461 volunt,
1029 4389 1066 4449 et
1076 4388 1258 4479 perpetuo
1268 4372 1362 4450 dum
1377 4372 1503 4451 vivunt
1513 4373 1746 4481 portantcin·

316 4499 404 4606 gula
417 4501 493 4579 sive
503 4501 676 4581 cordulae
690 4502 753 4580 die
767 4519 970 4609 nocteque,
983 4520 1021 4580 et
1032 4502 1122 4609 ipsis
1134 4503 1294 4610 cingulis
1302 4503 1521 4613 cinguntur;
1533 4532 1609 4581 non
1618 4520 1743 4583 tamen

316 4630 427 4739 ydola
439 4632 639 4739 cinguntur
651 4631 709 4711 vel
723 4646 924 4740 tanguntur
933 4662 1019 4710 cum
1036 4634 1106 4725 eis,
1117 4634 1260 4713 addens
1271 4634 1376 4743 quod
1390 4634 1473 4714 illas
1486 4633 1660 4715 cordulae
1669 4634 1745 4713 sive

317 4762 463 4872 cingula
481 4780 633 4872 portant
651 4763 690 4843 in
708 4764 858 4873 signum
879 4764 1065 4845 castitatis.
