4230 5956
483 449 554 518 512
866 431 1060 518 Puocits
1087 444 1181 516 Diis
1207 443 1506 517 TEMPLIERS.

535 585 590 660 De
604 584 718 659 modo
734 600 858 660 autem
873 613 940 661 sue
956 584 1185 691 recepcionis
1201 600 1239 661 et
1251 583 1667 691 contingentibuseam,
1680 582 1779 667 ‚dixit
1798 581 1904 658 idern

482 715 517 789 iu
531 714 667 790 effectu
680 732 723 791 ut
736 712 849 791 frater
862 714 1149 792 Bartholomeus
1160 715 1207 792 de
1218 716 1356 804 Turre,
1372 715 1517 820 primus
1530 712 1651 801 testis,
1674 712 1769 789 dixit
1782 729 1822 790 et
1838 713 1907 789 de·

479 845 606 948 posuit
626 873 737 949 supra
757 844 797 919 in
817 843 951 921 eodem
972 845 1145 949 articulo,
1168 862 1205 921 et
1225 845 1321 922 sicut
1340 845 1388 920 de
1408 844 1509 923 dicto
1528 843 1645 923 modo
1665 842 1905 950 recipiendo-

480 1003 564 1050 rum
579 973 733 1051 fratrum
743 975 790 1051 ad
806 974 948 1051 dictum
958 975 1130 1052 ordinem
1143 975 1265 1082 agitur
1278 993 1315 1052 et
1324 990 1502 1053 tractatur
1516 974 1556 1052 in
1565 972 1662 1051 libro
1675 989 1903 1050 statutorum

481 1121 518 1179 et
538 1105 665 1211 regule
681 1105 823 1181 ordinis
842 1104 931 1181 dicti
945 1105 1105 1211 Templi.

536 1234 594 1311 Ad
616 1235 746 1314 lxxxvii
766 1253 805 1312 ct
823 1235 967 1315 lxxxviii
987 1252 1025 1311 et
1045 1235 1222 1312 ultimum
1241 1234 1415 1313 articulos
1437 1234 1635 1342 diligenter
1655 1253 1694 1312 et
1711 1234 1902 1342 sigillatim

481 1365 740 1472 interrogatus,
763 1365 855 1442 dixit
874 1394 912 1442 se
933 1365 1050 1443 nichil
1069 1366 1162 1443 scire
1177 1364 1225 1442 de
1240 1366 1424 1444 contentis
1442 1365 1483 1442 in
1500 1365 1655 1443 eisdem.

537 1495 659 1600 Super
677 1495 757 1573 aliis
775 1524 862 1573 vero
881 1513 957 1572 tam
983 1495 1268 1573 circumstantiis
1287 1523 1400 1603 quani
1419 1493 1686 1573 coherentibus
1707 1496 1795 1600 ipsis
1816 1496 1903 1571 arti-
1970 1482 1973 1486 ⁴

481 1623 574 1701 culis
594 1624 792 1731 diligenter
811 1626 1073 1731 interrogatus,
1097 1626 1190 1702 dixit
1203 1654 1242 1703 se
1260 1625 1403 1711 nescire
1416 1624 1524 1730 plura
1542 1652 1612 1703 nec
1626 1625 1777 1710 credere
1794 1626 1903 1713 aliter

480 1784 593 1859 quam
611 1756 782 1860 superius
797 1771 851 1832 est
870 1754 1071 1832 confessus.

536 2019 641 2095 Anno
663 2037 700 2096 et
716 2020 776 2096 die
789 2018 927 2127 quibus
941 2048 1065 2125 supra.

536 2150 644 2228 XXV.
675 2152 803 2226 Frater
834 2148 993 2228 Jacobus
1019 2149 1222 2228 Massaroni
1253 2149 1395 2227 ordinis
1421 2148 1509 2227 dicti
1529 2148 1678 2255 Templi
1703 2167 1741 2226 et
1761 2150 1901 2229 doinus

479 2279 596 2355 Mausi
611 2280 698 2367 Dei,
715 2284 819 2357 testis
828 2281 976 2387 juratus
990 2280 1037 2357 ad
1050 2296 1172 2357 sancta
1190 2279 1261 2357 Dei
1277 2277 1475 2386 Evangelia
1492 2307 1605 2386 super
1624 2280 1800 2385 predictis
1813 2281 1902 2357 arti-

481 2407 574 2483 culis
590 2421 628 2483 et
647 2436 778 2485 eorum
798 2408 969 2515 quolibet
987 2409 1058 2486 sibi
1077 2409 1251 2514 expositis
1270 2410 1309 2485 in
1323 2407 1480 2516 vulgari,
1501 2424 1545 2485 ut
1562 2407 1776 2515 principalis
1790 2409 1838 2485 de
1859 2438 1899 2486 se

479 2538 572 2642 ipso,
586 2554 623 2613 et
636 2555 678 2615 ut
689 2539 795 2615 testis
810 2539 857 2614 de
875 2538 971 2627 aliis,
985 2538 1184 2645 diligenter
1200 2555 1237 2616 et
1255 2538 1444 2646 sigillatim
1464 2539 1728 2645 interrogatus,
1745 2567 1900 2646 respon-

480 2669 573 2744 dens
595 2669 643 2745 ad
664 2669 843 2775 primum,
865 2669 1015 2748 ii—xlv·
1030 2669 1206 2748 articulos
1235 2668 1432 2773 inclusive,
1460 2667 1551 2746 dixit
1569 2697 1610 2747 se
1628 2697 1697 2745 nee
1717 2670 1810 2746 scire
1829 2697 1900 2747 nec

480 2799 631 2876 credere
652 2817 825 2878 contenta
844 2802 883 2876 in
902 2799 975 2877 illis
994 2829 1064 2878 nec
1082 2800 1204 2907 aliqua
1227 2799 1274 2876 de
1295 2798 1454 2888 eisdem;
1484 2798 1583 2876 salvo
1607 2799 1711 2905 quod
1733 2801 1773 2876 in
1795 2828 1899 2877 rece·

478 2927 675 3032 pcionibus
695 2929 851 3007 fratrum
871 2929 919 3006 ad
938 2929 1111 3007 ordinem
1131 2927 1281 3035 Templi
1304 2926 1400 3005 fiunt
1421 2927 1717 3005 deosculationes
1741 2927 1897 3006 fratrum

479 3059 737 3163 recipientium
757 3077 795 3136 et
809 3077 1044 3165 receptorum
1065 3059 1114 3136 ad
1128 3059 1269 3136 dictum
1282 3058 1453 3136 ordinem
1459 3058 1500 3134 in
1515 3080 1581 3135 ore
1595 3074 1756 3148 tantum,
1773 3086 1899 3136 secun·

480 3186 572 3260 dum
595 3214 738 3261 morem
764 3206 800 3264 et
822 3205 957 3264 statuta
981 3189 1069 3265 dicti
1095 3189 1253 3277 ordinis,
1274 3187 1314 3265 in
1333 3185 1665 3294 signumfrateme
1688 3188 1897 3266 dilectionis

479 3313 517 3387 in
538 3315 699 3391 Domino
721 3333 758 3392 et
771 3333 901 3392 mutue
922 3318 1091 3394 caritatis.

536 3445 690 3521 Addidit
708 3475 859 3552 quoque
881 3447 984 3551 quod
1007 3447 1151 3534 fratres,
1174 3448 1296 3524 statim
1318 3476 1404 3524 cum
1419 3449 1559 3553 recepti
1579 3467 1665 3525 sunt
1686 3451 1731 3525 ad
1753 3448 1897 3526 dictum

481 3577 668 3664 ordinem,
686 3594 774 3653 sunt
793 3577 966 3681 professi,
987 3579 1246 3682 promittentes
1265 3577 1495 3684 simpliciter,
1515 3606 1591 3656 non
1608 3581 1774 3684 jurantes
1792 3580 1898 3683 quod

480 3725 691 3812 susceptum
710 3708 880 3784 ordinem
898 3710 1044 3814 Templi
1061 3736 1127 3812 pro
1146 3708 1276 3815 quovis
1291 3707 1364 3785 alio
1383 3707 1528 3785 fortiori
1538 3709 1594 3784 vel
1603 3707 1732 3785 leviori
1748 3737 1821 3784 noii
1836 3739 1898 3785 re-

480 3837 666 3942 linqiient;
688 3855 839 3944 possent
859 3855 1001 3924 tamen,
1025 3838 1055 3913 si
1076 3838 1230 3926 vellent,
1252 3837 1404 3916 obtenta
1427 3837 1581 3915 licencia
1596 3839 1814 3942 superioris,
1837 3841 1897 3916 cui

481 3984 577 4043 esset
595 3967 748 4044 facultas
766 3967 882 4044 libera
898 3968 1142 4044 concedendi.

536 4096 691 4172 Addidit
710 4098 826 4173 eciam
852 4099 956 4204 quod
974 4099 1020 4173 ad
1042 4097 1182 4173 dictum
1202 4098 1372 4174 ordinem
1396 4098 1545 4203 Templi
1569 4097 1612 4175 fit
1632 4100 1800 4204 recepcio
1825 4100 1898 4176 fra-

480 4243 577 4301 trum
607 4227 645 4301 in
666 4227 829 4304 ecclesiis
853 4257 920 4304 seu
942 4228 1091 4333 capellis
1109 4228 1308 4304 domorum
1335 4228 1423 4304 dicti
1444 4228 1600 4316 ordinis,
1623 4227 1756 4304 clausis
1771 4228 1897 4333 januis

479 4356 717 4460 capellarum,
740 4371 777 4432 et
793 4357 949 4433 exclusis
964 4357 1140 4434 omnibus
1159 4372 1284 4461 preter
1303 4356 1433 4433 fratres
1450 4356 1591 4434 ordinis
1611 4357 1800 4434 antedicti.

535 4489 784 4594 Interrogatus
803 4516 916 4594 quare
939 4486 1164 4564 clauduntur
1177 4488 1292 4593 janue
1316 4487 1453 4592 capelle
1475 4487 1514 4563 in
1533 4515 1608 4593 qua
1622 4488 1753 4566 fratres
1772 4488 1822 4564 ad
1836 4516 1898 4566 or·

481 4616 605 4692 dinem
619 4619 827 4724 predictum
842 4617 1044 4722 recipiendi
1060 4634 1163 4703 sunt,
1185 4617 1278 4694 dixit
1295 4618 1399 4724 quod
1416 4617 1468 4694 sic
1483 4645 1522 4695 se
1538 4618 1677 4694 habent
1692 4636 1896 4696 consuetu·

483 4744 589 4820 dines
610 4764 647 4822 et
665 4765 797 4824 statuta
817 4749 957 4824 ordinis
979 4748 1068 4824 dicti
1089 4746 1249 4850 Templi.
