4230 5956
653 464 849 555 esoces
875 482 970 554 nes
996 481 1295 553 rrnrums.
1608 484 1676 555 aar

262 641 428 729 rogatus,
450 622 680 726 respondens
700 623 846 727 negavit
866 623 967 728 ipsos
987 622 1163 698 articulos
1183 638 1220 697 et
1240 623 1362 697 omnia
1384 638 1422 696 et
1441 623 1581 729 singula
1604 654 1685 701 con-

260 771 360 830 tenta
388 754 425 828 in
450 754 520 840 eis,
549 752 646 829 salve
672 753 777 859 quod
801 752 932 829 fratres
950 754 1015 859 qui
1038 753 1271 858 recipiuntur
1289 751 1337 828 ad
1356 751 1495 828 dictum
1517 757 1685 831 ordinem

261 885 427 991 Templi,
462 912 610 990 semper
640 885 873 990 recipiuntur
905 885 944 960 in
969 883 1137 990 capitulis
1171 902 1207 959 et
1236 911 1309 959 non
1336 882 1451 971 aliter,
1483 900 1520 958 et
1544 912 1584 960 ea
1611 915 1684 991 que

261 1018 358 1092 fiunt
379 1015 436 1092 vel
453 1017 628 1092 dicuntur
643 1017 682 1090 in
702 1017 869 1122 capitulis
884 1015 1024 1094 habent
1037 1015 1119 1091 ficri
1137 1017 1173 1090 in
1190 1033 1348 1103 secreto,
1367 1043 1436 1091 nec
1448 1016 1532 1091 sciri
1550 1016 1684 1093 debent
1765 1052 1768 1057 ·

261 1146 306 1222 ab
327 1147 421 1234 aliis,
442 1162 682 1253 preterquam
699 1145 842 1223 abillis
861 1149 927 1252 qui
948 1148 1087 1223 suntin
1109 1148 1196 1252 ipsis
1212 1144 1380 1252 capitulis
1395 1164 1431 1222 et
1454 1147 1501 1221 de
1523 1148 1683 1252 capitulo

262 1277 483 1384 congregati.
501 1275 590 1354 Ideo
607 1276 736 1354 fratres
750 1278 814 1383 qui
830 1279 1059 1383 recipiuntur
1078 1278 1115 1352 in
1137 1277 1297 1355 conclavi
1315 1294 1351 1354 et
1372 1277 1408 1351 in
1430 1294 1571 1353 secreto
1592 1281 1684 1355 rcci-

261 1409 427 1512 piuntur,
445 1407 540 1483 sicut
556 1424 593 1484 et
608 1407 830 1516 generaliter
843 1409 1006 1515 religiosi
1025 1408 1181 1514 quilibet
1200 1409 1274 1484 hoc
1289 1407 1390 1483 idem
1411 1406 1549 1484 faciunt
1566 1426 1603 1485 et
1621 1409 1685 1487 ob·

261 1556 420 1624 servant,
438 1538 611 1616 videlicet
633 1556 676 1615 ut
695 1557 834 1616 secrete
853 1557 1003 1616 teneant
1023 1568 1097 1646 que
1119 1541 1155 1615 in
1178 1539 1265 1645 ipsis
1283 1538 1453 1644 capitulis
1474 1558 1634 1647 aguntur
1648 1560 1683 1616 et

259 1667 364 1743 fiunt.

315 1798 417 1873 Dixit
432 1800 548 1873 eciam
570 1800 673 1904 quod
688 1799 780 1877 facta
803 1802 1021 1907 receptione
1041 1801 1088 1876 de
1105 1802 1158 1877 eis
1182 1799 1227 1874 ad
1251 1800 1393 1876 dictum
1410 1799 1594 1887 ordinem,
1615 1826 1682 1903 pro

260 1926 434 2032 professis
449 1928 638 2005 habentur
650 1930 752 2035 juxta
763 1947 895 2007 statuta
907 1932 1050 2007 ordinis
1064 1929 1283 2035 supradicti,
1302 1947 1338 2005 et
1351 1929 1454 2034 quod
1463 1929 1591 2034 jurant
1604 1958 1680 2006 non

260 2057 469 2162 relinquere
488 2057 630 2134 dictum
647 2077 878 2165 assumptum
899 2060 1071 2137 ordinem
1085 2086 1154 2166 pro
1168 2059 1298 2165 majori
1322 2058 1395 2135 alio
1415 2058 1473 2135 vel
1494 2059 1610 2134 eciam
1634 2060 1681 2136 le·

260 2189 368 2279 viori,
385 2188 454 2263 nisi
469 2188 541 2264 hoc
555 2186 661 2264 fieret
677 2188 723 2264 de
743 2189 933 2265 voluntate
949 2189 1030 2296 ejus
1047 2191 1111 2295 qui
1133 2188 1324 2266 licenciam
1337 2191 1455 2294 possit
1471 2186 1570 2265 dare.

316 2317 473 2394 Addidit
490 2345 641 2424 quoque
655 2318 774 2424 quod,
795 2346 864 2425 pro
882 2319 1044 2426 eoquod
1059 2319 1098 2395 in
1113 2335 1255 2397 secreto
1269 2318 1431 2425 capitulo
1448 2319 1535 2396 dicti
1551 2319 1681 2398 fratres

260 2450 489 2554 recipiuntur
508 2451 553 2525 ad
573 2450 762 2540 ordinem,
777 2451 937 2557 suspicio
955 2451 1155 2528 vehemens
1170 2451 1218 2527 sit
1232 2451 1357 2527 habita
1378 2452 1473 2527 inter
1492 2479 1629 2557 paucos
1646 2468 1682 2527 et

261 2579 376 2655 malos
395 2579 565 2657 homines
585 2580 742 2686 quinon
761 2581 958 2658 attendunt
979 2583 1025 2659 ad
1040 2584 1230 2660 veritatem
1257 2611 1369 2688 quam
1395 2583 1483 2657 dicti
1499 2581 1629 2658 fratres
1643 2585 1682 2658 in

261 2711 391 2787 ordine
411 2728 448 2787 et
467 2741 531 2787 sua
553 2713 771 2818 receptione
792 2713 1003 2800 observant,
1025 2714 1064 2789 in
1084 2742 1158 2819 qua
1179 2711 1295 2788 nichil
1316 2713 1437 2819 agitur
1458 2713 1527 2788 nisi
1549 2740 1681 2789 secun-

262 2841 353 2916 dum
374 2842 444 2918 Dei
461 2840 707 2948 beneplacita,
728 2860 841 2948 prout
859 2842 988 2920 credit.

315 2970 373 3047 Ad
392 2971 543 3049 xl—xlv
558 2972 731 3050 articulos
747 2973 938 3062 inclusive,
956 2971 1156 3079 diligenter
1168 2988 1205 3048 et
1217 2971 1402 3079 sigillatim
1416 2972 1678 3078 interrogatus,

260 3103 403 3206 negavit
423 3103 523 3208 ipsos
544 3103 717 3180 articulos
736 3120 775 3180 et
795 3104 921 3180 omnia
941 3120 980 3181 et
998 3101 1141 3208 singula
1168 3119 1341 3180 contenta
1364 3103 1403 3178 in
1423 3103 1491 3190 eis,
1521 3130 1588 3178 nec
1613 3104 1680 3179 scit

164 3307 166 3312 .
259 3231 315 3307 vel
337 3232 454 3309 credit
472 3261 541 3338 per
555 3232 717 3339 aliquem
733 3233 791 3310 vel
809 3233 953 3340 aliquos
972 3234 1011 3308 in
1037 3232 1136 3309 dicto
1157 3233 1288 3309 ordine
1306 3260 1471 3338 unquam
1491 3231 1604 3310 firisse
1624 3262 1680 3311 co·

259 3363 383 3451 missa,
407 3392 493 3440 cum
511 3364 585 3439 sint
603 3362 795 3441 horribilia
811 3381 849 3441 et
864 3362 1021 3440 nefanda
1040 3381 1076 3440 et
1100 3380 1227 3440 contra
1247 3381 1415 3439 naturam
1436 3362 1650 3441 humanam.
1746 3372 1755 3385 ‘

314 3492 371 3568 Ad
384 3492 611 3572 xlvi-lxxiii
627 3494 800 3571 articulos
814 3493 1002 3583 inclusive,
1015 3493 1213 3600 diligenter
1226 3510 1264 3569 et
1279 3492 1464 3598 sigillatim
1481 3495 1681 3600 interroga-

258 3641 335 3710 tus,
359 3625 505 3730 negavit
523 3624 625 3728 ipsos
649 3624 824 3700 articulos
844 3642 881 3701 et
900 3624 1024 3700 omnia
1052 3641 1091 3699 et
1110 3622 1252 3728 singula
1274 3638 1442 3698 contenta
1467 3622 1504 3696 in
1534 3622 1604 3708 eis,
1632 3651 1678 3698 eo

259 3752 358 3829 salvo
374 3751 494 3857 quod,
514 3769 683 3856 ternpore
699 3781 764 3828 sue
777 3753 1022 3857 recepcionis,
1045 3750 1116 3828 tuit
1131 3750 1201 3828 sibi
1216 3751 1458 3857 injunctuma
1475 3751 1677 3855 recipiente

260 3910 347 3958 eum
365 3898 408 3958 ut
427 3882 618 3960 cordulam
637 3882 978 3990 quandamlineam
998 3881 1056 3959 vel
1069 3881 1228 3970 laneam,
1247 3883 1286 3959 in
1303 3884 1449 3988 signum
1467 3881 1678 3983 castitatis&

260 4042 298 4090 se
313 4015 510 4118 promisse,
525 4009 688 4120 portaret
700 4013 873 4092 continue
893 4013 955 4092 die
970 4030 1156 4120 nocteque
1174 4041 1282 4119 supra
1299 4013 1496 4089 camisiam.
1512 4013 1679 4119 Quaqui-

260 4142 347 4246 dem
368 4142 520 4220 cordula
534 4173 612 4222 non
628 4143 699 4221 luit
714 4161 854 4222 tactum
872 4144 1029 4252 ydolum
1049 4173 1171 4250 neque
1195 4143 1316 4251 capud
1337 4142 1383 4219 de
1403 4143 1541 4250 quibus
1559 4142 1679 4250 agitur

260 4274 298 4347 in
317 4274 480 4351 articulis
494 4274 702 4380 prelibatis·;
720 4303 790 4353 nec
809 4275 878 4352 scit
900 4274 995 4382 quid
1011 4275 1059 4352 sit
1080 4273 1252 4381 ydolum,
1270 4274 1357 4381 quia
1380 4300 1564 4379 nusquam
1584 4272 1677 4349 illud

258 4403 366 4494 vidit,
387 4432 458 4480 nec
478 4405 525 4482 de
541 4433 587 4482 eo
602 4407 640 4482 in
655 4407 736 4511 ipso
752 4407 886 4484 ordine
905 4434 1069 4514 unquam
1087 4406 1228 4482 audivit
1246 4403 1327 4482 lieri
1348 4405 1594 4493 mentionem3
1611 4402 1678 4480 sed

259 4551 364 4638 putat
379 4535 482 4641 quod
503 4536 552 4612 sit
569 4564 628 4613 res
648 4536 805 4644 maligna
823 4554 861 4613 et
873 4538 960 4614 mali
979 4538 1119 4644 operis,
1141 4565 1216 4613 non
1236 4537 1375 4613 salutis.

317 4664 373 4741 Ad
385 4665 498 4743 lxrun
513 4666 708 4743 articulum
724 4667 921 4775 diligenter
935 4668 1193 4777 interrogatus,
1209 4667 1301 4744 dixit
1310 4665 1414 4773 quod
1423 4667 1461 4742 in
1474 4665 1674 4743 deffectum

260 4796 462 4873 sacerdotis
480 4795 601 4874 fratris
622 4796 794 4875 videlicet
814 4797 989 4905 capellani
1012 4797 1178 4905 ejusdem
1199 4797 1358 4887 ordinis,
1383 4796 1527 4874 licitum
1549 4813 1605 4874 est
1624 4797 1677 4873 eis
