<?xml version="1.0" encoding="UTF-8"?>
<!DOCTYPE html PUBLIC "-//W3C//DTD XHTML 1.0 Transitional//EN"
    "http://www.w3.org/TR/xhtml1/DTD/xhtml1-transitional.dtd">
<html xmlns="http://www.w3.org/1999/xhtml" xml:lang="en" lang="en">
 <head>
  <title>
</title>
<meta http-equiv="Content-Type" content="text/html;charset=utf-8" />
  <meta name='ocr-system' content='tesseract 3.04.00' />
  <meta name='ocr-capabilities' content='ocr_page ocr_carea ocr_par ocr_line ocrx_word'/>
</head>
<body>
  <div class='ocr_page' id='page_1' title='image "./procsdestemplie01defegoog/procsdestemplie01defegoog_0528.png"; bbox 0 0 4230 5956; ppageno 0'>
   <div class='ocr_carea' id='block_1_1' title="bbox 577 432 1602 532">
    <p class='ocr_par' dir='ltr' id='par_1_1' title="bbox 577 432 1602 532">
     <span class='ocr_line' id='line_1_1' title="bbox 577 432 1602 532; baseline -0.014 0"><span class='ocrx_word' id='word_1_1' title='bbox 577 462 650 532; x_wconf 79' lang='lat'><strong>502</strong></span> <span class='ocrx_word' id='word_1_2' title='bbox 960 432 1155 523; x_wconf 74' lang='lat' dir='ltr'><strong>procas</strong></span> <span class='ocrx_word' id='word_1_3' title='bbox 1181 451 1276 521; x_wconf 86' lang='lat' dir='ltr'><strong>uus</strong></span> <span class='ocrx_word' id='word_1_4' title='bbox 1301 448 1602 521; x_wconf 80' lang='lat' dir='ltr'><strong>rnurtrnns.</strong></span> 
     </span>
    </p>
   </div>
   <div class='ocr_carea' id='block_1_2' title="bbox 574 582 2043 829">
    <p class='ocr_par' dir='ltr' id='par_1_2' title="bbox 574 582 2043 829">
     <span class='ocr_line' id='line_1_2' title="bbox 574 582 2043 696; baseline -0.01 -22"><span class='ocrx_word' id='word_1_5' title='bbox 574 594 736 674; x_wconf 89' lang='lat' dir='ltr'><strong>nunciari</strong></span> <span class='ocrx_word' id='word_1_6' title='bbox 758 591 920 668; x_wconf 81' lang='lat' dir='ltr'><strong>Ecclesia</strong></span> <span class='ocrx_word' id='word_1_7' title='bbox 936 607 1155 696; x_wconf 93' lang='lat' dir='ltr'><strong>potuerunt,</strong></span> <span class='ocrx_word' id='word_1_8' title='bbox 1176 618 1221 667; x_wconf 91' lang='lat' dir='ltr'><strong>eo</strong></span> <span class='ocrx_word' id='word_1_9' title='bbox 1244 588 1348 694; x_wconf 81' lang='lat' dir='ltr'><strong>quod</strong></span> <span class='ocrx_word' id='word_1_10' title='bbox 1371 616 1446 664; x_wconf 92' lang='lat' dir='ltr'><strong>non</strong></span> <span class='ocrx_word' id='word_1_11' title='bbox 1473 586 1643 674; x_wconf 82' lang='lat' dir='ltr'><strong>luerunt,</strong></span> <span class='ocrx_word' id='word_1_12' title='bbox 1664 584 1756 691; x_wconf 87' lang='lat' dir='ltr'><strong>quia</strong></span> <span class='ocrx_word' id='word_1_13' title='bbox 1781 609 1875 659; x_wconf 92' lang='lat' dir='ltr'><strong>non</strong></span> <span class='ocrx_word' id='word_1_14' title='bbox 1900 582 2043 688; x_wconf 90' lang='lat' dir='ltr'><strong>potuit</strong></span> 
     </span>
     <span class='ocr_line' id='line_1_3' title="bbox 574 711 2043 829; baseline -0.009 -27"><span class='ocrx_word' id='word_1_15' title='bbox 574 724 707 829; x_wconf 84' lang='lat' dir='ltr'><strong>corrigi</strong></span> <span class='ocrx_word' id='word_1_16' title='bbox 727 750 796 797; x_wconf 93' lang='lat' dir='ltr'><strong>uec</strong></span> <span class='ocrx_word' id='word_1_17' title='bbox 815 721 981 797; x_wconf 89' lang='lat' dir='ltr'><strong>nunciari</strong></span> <span class='ocrx_word' id='word_1_18' title='bbox 1002 719 1167 797; x_wconf 82' lang='lat' dir='ltr'><strong>Ecclesia</strong></span> <span class='ocrx_word' id='word_1_19' title='bbox 1187 718 1290 824; x_wconf 89' lang='lat' dir='ltr'><strong>qnod</strong></span> <span class='ocrx_word' id='word_1_20' title='bbox 1309 745 1386 794; x_wconf 94' lang='lat' dir='ltr'><strong>non</strong></span> <span class='ocrx_word' id='word_1_21' title='bbox 1408 716 1496 805; x_wconf 85' lang='lat' dir='ltr'><strong>luit,</strong></span> <span class='ocrx_word' id='word_1_22' title='bbox 1519 744 1589 793; x_wconf 92' lang='lat' dir='ltr'><strong>nec</strong></span> <span class='ocrx_word' id='word_1_23' title='bbox 1603 713 1784 790; x_wconf 83' lang='lat' dir='ltr'><strong>desinere</strong></span> <span class='ocrx_word' id='word_1_24' title='bbox 1805 711 1935 819; x_wconf 91' lang='lat' dir='ltr'><strong>quod</strong></span> <span class='ocrx_word' id='word_1_25' title='bbox 1957 739 2043 789; x_wconf 93' lang='lat' dir='ltr'><strong>non</strong></span> 
     </span>
    </p>
   </div>
   <div class='ocr_carea' id='block_1_3' title="bbox 478 871 2042 4478">
    <p class='ocr_par' dir='ltr' id='par_1_3' title="bbox 574 871 1567 932">
     <span class='ocr_line' id='line_1_4' title="bbox 574 871 1567 932; baseline -0.001 -1"><span class='ocrx_word' id='word_1_26' title='bbox 574 884 615 932; x_wconf 89' lang='lat' dir='ltr'><strong>ce</strong></span> <span class='ocrx_word' id='word_1_27' title='bbox 642 871 683 930; x_wconf 84' lang='lat' dir='ltr'><strong>rt.</strong></span> <span class='ocrx_word' id='word_1_28' title='bbox 1564 910 1567 914; x_wconf 89' lang='lat'><em>-</em></span> 
     </span>
    </p>

    <p class='ocr_par' dir='ltr' id='par_1_4' title="bbox 574 884 2042 1606">
     <span class='ocr_line' id='line_1_5' title="bbox 616 884 2041 1082; baseline -0.006 -23"><span class='ocrx_word' id='word_1_29' title='bbox 616 884 688 1059; x_wconf 69' lang='lat' dir='ltr'><strong>pild</strong></span> <span class='ocrx_word' id='word_1_30' title='bbox 706 981 844 1066; x_wconf 84' lang='lat' dir='ltr'><strong>lxxxru,</strong></span> <span class='ocrx_word' id='word_1_31' title='bbox 861 979 997 1055; x_wconf 85' lang='lat' dir='ltr'><strong>lxxxuu</strong></span> <span class='ocrx_word' id='word_1_32' title='bbox 1017 995 1054 1054; x_wconf 92' lang='lat' dir='ltr'><strong>et</strong></span> <span class='ocrx_word' id='word_1_33' title='bbox 1069 978 1174 1055; x_wconf 80' lang='lat' dir='ltr'>lxxxv</span> <span class='ocrx_word' id='word_1_34' title='bbox 1196 978 1371 1054; x_wconf 80' lang='lat' dir='ltr'><strong>articulos</strong></span> <span class='ocrx_word' id='word_1_35' title='bbox 1392 976 1595 1082; x_wconf 81' lang='lat' dir='ltr'><strong>diligenter</strong></span> <span class='ocrx_word' id='word_1_36' title='bbox 1613 991 1652 1051; x_wconf 89' lang='lat' dir='ltr'><strong>et</strong></span> <span class='ocrx_word' id='word_1_37' title='bbox 1668 972 1886 1081; x_wconf 82' lang='lat' dir='ltr'><strong>sigillatim</strong></span> <span class='ocrx_word' id='word_1_38' title='bbox 1910 972 2041 1050; x_wconf 86' lang='lat' dir='ltr'><strong>inter-</strong></span> 
     </span>
     <span class='ocr_line' id='line_1_6' title="bbox 575 1104 2042 1221; baseline -0.007 -30"><span class='ocrx_word' id='word_1_39' title='bbox 575 1132 740 1221; x_wconf 90' lang='lat' dir='ltr'><strong>rogatus,</strong></span> <span class='ocrx_word' id='word_1_40' title='bbox 759 1110 850 1186; x_wconf 84' lang='lat' dir='ltr'><strong>dixit</strong></span> <span class='ocrx_word' id='word_1_41' title='bbox 864 1107 969 1214; x_wconf 91' lang='lat' dir='ltr'><strong>qnod</strong></span> <span class='ocrx_word' id='word_1_42' title='bbox 984 1107 1114 1184; x_wconf 78' lang='lat' dir='ltr'><strong>lintres</strong></span> <span class='ocrx_word' id='word_1_43' title='bbox 1130 1107 1220 1184; x_wconf 90' lang='lat' dir='ltr'><strong>dicti</strong></span> <span class='ocrx_word' id='word_1_44' title='bbox 1238 1107 1383 1183; x_wconf 87' lang='lat' dir='ltr'><strong>ordinis</strong></span> <span class='ocrx_word' id='word_1_45' title='bbox 1395 1107 1461 1212; x_wconf 86' lang='lat' dir='ltr'><strong>qui</strong></span> <span class='ocrx_word' id='word_1_46' title='bbox 1476 1104 1636 1183; x_wconf 77' lang='lat' dir='ltr'><strong>confessi</strong></span> <span class='ocrx_word' id='word_1_47' title='bbox 1655 1122 1747 1182; x_wconf 87' lang='lat' dir='ltr'><strong>sunt</strong></span> <span class='ocrx_word' id='word_1_48' title='bbox 1764 1131 1817 1180; x_wconf 93' lang='lat' dir='ltr'><strong>ea</strong></span> <span class='ocrx_word' id='word_1_49' title='bbox 1837 1131 1930 1211; x_wconf 83' lang='lat' dir='ltr'><strong>que</strong></span> <span class='ocrx_word' id='word_1_50' title='bbox 1948 1131 2042 1181; x_wconf 86' lang='lat' dir='ltr'><strong>eon·</strong></span> 
     </span>
     <span class='ocr_line' id='line_1_7' title="bbox 574 1234 2040 1342; baseline -0.005 -22"><span class='ocrx_word' id='word_1_51' title='bbox 574 1246 741 1320; x_wconf 91' lang='lat' dir='ltr'><strong>tinentur</strong></span> <span class='ocrx_word' id='word_1_52' title='bbox 760 1242 798 1316; x_wconf 92' lang='lat' dir='ltr'><strong>in</strong></span> <span class='ocrx_word' id='word_1_53' title='bbox 819 1238 982 1315; x_wconf 71' lang='lat' dir='ltr'><strong>articulis</strong></span> <span class='ocrx_word' id='word_1_54' title='bbox 1008 1238 1157 1314; x_wconf 89' lang='lat' dir='ltr'><strong>mentiti</strong></span> <span class='ocrx_word' id='word_1_55' title='bbox 1181 1254 1270 1313; x_wconf 89' lang='lat' dir='ltr'><strong>sunt</strong></span> <span class='ocrx_word' id='word_1_56' title='bbox 1296 1237 1335 1313; x_wconf 96' lang='lat' dir='ltr'><strong>in</strong></span> <span class='ocrx_word' id='word_1_57' title='bbox 1360 1236 1483 1342; x_wconf 87' lang='lat' dir='ltr'><strong>capud</strong></span> <span class='ocrx_word' id='word_1_58' title='bbox 1508 1264 1637 1323; x_wconf 91' lang='lat' dir='ltr'><strong>suum,</strong></span> <span class='ocrx_word' id='word_1_59' title='bbox 1666 1234 1839 1311; x_wconf 81' lang='lat' dir='ltr'><strong>veritate</strong></span> <span class='ocrx_word' id='word_1_60' title='bbox 1864 1261 2040 1339; x_wconf 87' lang='lat' dir='ltr'><strong>prorsus</strong></span> 
     </span>
     <span class='ocr_line' id='line_1_8' title="bbox 576 1362 2039 1472; baseline -0.004 -23"><span class='ocrx_word' id='word_1_61' title='bbox 576 1374 751 1460; x_wconf 87' lang='lat' dir='ltr'><strong>obmissa,</strong></span> <span class='ocrx_word' id='word_1_62' title='bbox 773 1369 868 1447; x_wconf 85' lang='lat' dir='ltr'><strong>salva</strong></span> <span class='ocrx_word' id='word_1_63' title='bbox 892 1368 1113 1445; x_wconf 88' lang='lat' dir='ltr'><strong>excellencia</strong></span> <span class='ocrx_word' id='word_1_64' title='bbox 1138 1385 1176 1444; x_wconf 90' lang='lat' dir='ltr'><strong>et</strong></span> <span class='ocrx_word' id='word_1_65' title='bbox 1199 1367 1390 1444; x_wconf 77' lang='lat' dir='ltr'><strong>sanctitate</strong></span> <span class='ocrx_word' id='word_1_66' title='bbox 1411 1362 1527 1444; x_wconf 54' lang='lat' dir='ltr'><strong>Sedis*</strong></span> <span class='ocrx_word' id='word_1_67' title='bbox 1543 1364 1748 1472; x_wconf 89' lang='lat' dir='ltr'><strong>apostolice</strong></span> <span class='ocrx_word' id='word_1_68' title='bbox 1776 1381 1822 1441; x_wconf 92' lang='lat' dir='ltr'><strong>et</strong></span> <span class='ocrx_word' id='word_1_69' title='bbox 1845 1365 2039 1472; x_wconf 87' lang='lat' dir='ltr'><strong>ejusdem</strong></span> 
     </span>
     <span class='ocr_line' id='line_1_9' title="bbox 577 1496 1795 1606; baseline -0.006 -28"><span class='ocrx_word' id='word_1_70' title='bbox 577 1502 719 1580; x_wconf 91' lang='lat' dir='ltr'><strong>domini</strong></span> <span class='ocrx_word' id='word_1_71' title='bbox 739 1501 856 1578; x_wconf 92' lang='lat' dir='ltr'><strong>nostri</strong></span> <span class='ocrx_word' id='word_1_72' title='bbox 876 1527 989 1606; x_wconf 92' lang='lat' dir='ltr'><strong>pape,</strong></span> <span class='ocrx_word' id='word_1_73' title='bbox 1012 1516 1050 1575; x_wconf 90' lang='lat' dir='ltr'><strong>et</strong></span> <span class='ocrx_word' id='word_1_74' title='bbox 1069 1500 1213 1575; x_wconf 88' lang='lat' dir='ltr'><strong>honore</strong></span> <span class='ocrx_word' id='word_1_75' title='bbox 1227 1526 1271 1574; x_wconf 89' lang='lat' dir='ltr'><strong>ae</strong></span> <span class='ocrx_word' id='word_1_76' title='bbox 1288 1497 1501 1574; x_wconf 84' lang='lat' dir='ltr'><strong>reverencia</strong></span> <span class='ocrx_word' id='word_1_77' title='bbox 1515 1497 1669 1574; x_wconf 80' lang='lat' dir='ltr'><strong>sratnrm</strong></span> <span class='ocrx_word' id='word_1_78' title='bbox 1690 1496 1795 1604; x_wconf 83' lang='lat' dir='ltr'><strong>ejus.</strong></span> 
     </span>
    </p>

    <p class='ocr_par' dir='ltr' id='par_1_5' title="bbox 575 1625 2036 2645">
     <span class='ocr_line' id='line_1_10' title="bbox 632 1625 2036 1734; baseline -0.003 -25"><span class='ocrx_word' id='word_1_79' title='bbox 632 1632 691 1709; x_wconf 84' lang='lat' dir='ltr'><strong>Ad</strong></span> <span class='ocrx_word' id='word_1_80' title='bbox 708 1631 825 1708; x_wconf 83' lang='lat' dir='ltr'><strong>lxxxvi</strong></span> <span class='ocrx_word' id='word_1_81' title='bbox 842 1627 1039 1705; x_wconf 89' lang='lat' dir='ltr'><strong>articulum</strong></span> <span class='ocrx_word' id='word_1_82' title='bbox 1059 1628 1255 1733; x_wconf 81' lang='lat' dir='ltr'><strong>diligenter</strong></span> <span class='ocrx_word' id='word_1_83' title='bbox 1269 1628 1534 1734; x_wconf 88' lang='lat' dir='ltr'><strong>interrogatus,</strong></span> <span class='ocrx_word' id='word_1_84' title='bbox 1548 1627 1792 1732; x_wconf 87' lang='lat' dir='ltr'><strong>respondens</strong></span> <span class='ocrx_word' id='word_1_85' title='bbox 1805 1625 1916 1703; x_wconf 81' lang='lat' dir='ltr'><strong>dixit</strong></span> <span class='ocrx_word' id='word_1_86' title='bbox 1925 1626 2036 1733; x_wconf 89' lang='lat' dir='ltr'><strong>quod</strong></span> 
     </span>
     <span class='ocr_line' id='line_1_11' title="bbox 575 1756 2036 1867; baseline -0.002 -29"><span class='ocrx_word' id='word_1_87' title='bbox 575 1764 687 1838; x_wconf 88' lang='lat' dir='ltr'><strong>lrater</strong></span> <span class='ocrx_word' id='word_1_88' title='bbox 705 1761 949 1867; x_wconf 90' lang='lat' dir='ltr'><strong>Raymundus</strong></span> <span class='ocrx_word' id='word_1_89' title='bbox 961 1759 1009 1835; x_wconf 90' lang='lat' dir='ltr'><strong>de</strong></span> <span class='ocrx_word' id='word_1_90' title='bbox 1026 1757 1163 1837; x_wconf 89' lang='lat' dir='ltr'><strong>Gardia</strong></span> <span class='ocrx_word' id='word_1_91' title='bbox 1178 1775 1376 1864; x_wconf 87' lang='lat' dir='ltr'><strong>preceptor</strong></span> <span class='ocrx_word' id='word_1_92' title='bbox 1395 1758 1534 1834; x_wconf 91' lang='lat' dir='ltr'><strong>domus</strong></span> <span class='ocrx_word' id='word_1_93' title='bbox 1545 1757 1663 1835; x_wconf 80' lang='lat' dir='ltr'><strong>blansi</strong></span> <span class='ocrx_word' id='word_1_94' title='bbox 1672 1756 1747 1835; x_wconf 90' lang='lat' dir='ltr'><strong>Dei</strong></span> <span class='ocrx_word' id='word_1_95' title='bbox 1766 1756 1936 1835; x_wconf 87' lang='lat' dir='ltr'><strong>ordinis</strong></span> <span class='ocrx_word' id='word_1_96' title='bbox 1951 1786 2036 1865; x_wconf 73' lang='lat' dir='ltr'><strong>pre·</strong></span> 
     </span>
     <span class='ocr_line' id='line_1_12' title="bbox 577 1887 2029 1994; baseline -0.002 -26"><span class='ocrx_word' id='word_1_97' title='bbox 577 1892 682 1980; x_wconf 93' lang='lat' dir='ltr'><strong>dicti,</strong></span> <span class='ocrx_word' id='word_1_98' title='bbox 704 1892 766 1967; x_wconf 90' lang='lat' dir='ltr'><strong>die</strong></span> <span class='ocrx_word' id='word_1_99' title='bbox 784 1889 981 1968; x_wconf 90' lang='lat' dir='ltr'><strong>Dominica</strong></span> <span class='ocrx_word' id='word_1_100' title='bbox 999 1888 1224 1994; x_wconf 86' lang='lat' dir='ltr'><strong>precedente</strong></span> <span class='ocrx_word' id='word_1_101' title='bbox 1244 1887 1454 1965; x_wconf 77' lang='lat' dir='ltr'><strong>Adventum</strong></span> <span class='ocrx_word' id='word_1_102' title='bbox 1475 1888 1629 1965; x_wconf 89' lang='lat' dir='ltr'><strong>Domini</strong></span> <span class='ocrx_word' id='word_1_103' title='bbox 1648 1887 1811 1967; x_wconf 75' lang='lat' dir='ltr'><strong>fuerumt</strong></span> <span class='ocrx_word' id='word_1_104' title='bbox 1830 1903 1926 1965; x_wconf 70' lang='lat' dir='ltr'><strong>tur*</strong></span> <span class='ocrx_word' id='word_1_105' title='bbox 1939 1890 2029 1967; x_wconf 88' lang='lat' dir='ltr'><strong>anni</strong></span> 
     </span>
     <span class='ocr_line' id='line_1_13' title="bbox 577 2018 2028 2129; baseline -0.001 -30"><span class='ocrx_word' id='word_1_106' title='bbox 577 2023 706 2129; x_wconf 89' lang='lat' dir='ltr'><strong>elapsi,</strong></span> <span class='ocrx_word' id='word_1_107' title='bbox 725 2022 865 2127; x_wconf 89' lang='lat' dir='ltr'><strong>recepit</strong></span> <span class='ocrx_word' id='word_1_108' title='bbox 880 2021 1004 2126; x_wconf 89' lang='lat' dir='ltr'><strong>ipsum</strong></span> <span class='ocrx_word' id='word_1_109' title='bbox 1022 2036 1060 2096; x_wconf 94' lang='lat' dir='ltr'><strong>et</strong></span> <span class='ocrx_word' id='word_1_110' title='bbox 1078 2020 1287 2096; x_wconf 88' lang='lat' dir='ltr'><strong>Johannem</strong></span> <span class='ocrx_word' id='word_1_111' title='bbox 1303 2018 1420 2097; x_wconf 90' lang='lat' dir='ltr'><strong>Coma</strong></span> <span class='ocrx_word' id='word_1_112' title='bbox 1440 2034 1479 2094; x_wconf 92' lang='lat' dir='ltr'><strong>et</strong></span> <span class='ocrx_word' id='word_1_113' title='bbox 1500 2018 1772 2124; x_wconf 87' lang='lat' dir='ltr'><strong>Raymundum</strong></span> <span class='ocrx_word' id='word_1_114' title='bbox 1792 2019 1963 2097; x_wconf 83' lang='lat' dir='ltr'><strong>Remilli</strong></span> <span class='ocrx_word' id='word_1_115' title='bbox 1990 2020 2028 2097; x_wconf 92' lang='lat' dir='ltr'><strong>in</strong></span> 
     </span>
     <span class='ocr_line' id='line_1_14' title="bbox 577 2149 2027 2256; baseline 0.001 -28"><span class='ocrx_word' id='word_1_116' title='bbox 577 2153 705 2231; x_wconf 86' lang='lat' dir='ltr'><strong>fratres</strong></span> <span class='ocrx_word' id='word_1_117' title='bbox 720 2153 809 2230; x_wconf 91' lang='lat' dir='ltr'><strong>dicti</strong></span> <span class='ocrx_word' id='word_1_118' title='bbox 828 2150 989 2237; x_wconf 87' lang='lat' dir='ltr'><strong>ordinis,</strong></span> <span class='ocrx_word' id='word_1_119' title='bbox 1011 2151 1051 2225; x_wconf 94' lang='lat' dir='ltr'><strong>in</strong></span> <span class='ocrx_word' id='word_1_120' title='bbox 1063 2149 1203 2255; x_wconf 89' lang='lat' dir='ltr'><strong>capella</strong></span> <span class='ocrx_word' id='word_1_121' title='bbox 1219 2150 1337 2256; x_wconf 92' lang='lat' dir='ltr'><strong>ipsius</strong></span> <span class='ocrx_word' id='word_1_122' title='bbox 1352 2150 1490 2227; x_wconf 92' lang='lat' dir='ltr'><strong>domus</strong></span> <span class='ocrx_word' id='word_1_123' title='bbox 1509 2150 1630 2226; x_wconf 87' lang='lat' dir='ltr'><strong>Mansi</strong></span> <span class='ocrx_word' id='word_1_124' title='bbox 1649 2150 1742 2237; x_wconf 90' lang='lat' dir='ltr'><strong>Dei,</strong></span> <span class='ocrx_word' id='word_1_125' title='bbox 1767 2150 2027 2255; x_wconf 84' lang='lat' dir='ltr'><strong>presentibus</strong></span> 
     </span>
     <span class='ocr_line' id='line_1_15' title="bbox 577 2278 2023 2389; baseline 0.001 -30"><span class='ocrx_word' id='word_1_126' title='bbox 577 2301 614 2359; x_wconf 92' lang='lat' dir='ltr'><strong>et</strong></span> <span class='ocrx_word' id='word_1_127' title='bbox 636 2283 779 2359; x_wconf 90' lang='lat' dir='ltr'><strong>ibidem</strong></span> <span class='ocrx_word' id='word_1_128' title='bbox 805 2280 1009 2358; x_wconf 87' lang='lat' dir='ltr'><strong>astantibus</strong></span> <span class='ocrx_word' id='word_1_129' title='bbox 1031 2278 1241 2358; x_wconf 90' lang='lat' dir='ltr'><strong>Guillelmo</strong></span> <span class='ocrx_word' id='word_1_130' title='bbox 1266 2280 1315 2356; x_wconf 93' lang='lat' dir='ltr'><strong>de</strong></span> <span class='ocrx_word' id='word_1_131' title='bbox 1339 2279 1520 2368; x_wconf 89' lang='lat' dir='ltr'><strong>Tamarit,</strong></span> <span class='ocrx_word' id='word_1_132' title='bbox 1550 2278 1774 2358; x_wconf 85' lang='lat' dir='ltr'><strong>Guillelmo¹</strong></span> <span class='ocrx_word' id='word_1_133' title='bbox 1794 2282 2023 2389; x_wconf 83' lang='lat' dir='ltr'><strong>Raymnndi</strong></span> 
     </span>
     <span class='ocr_line' id='line_1_16' title="bbox 577 2408 2021 2517; baseline 0.003 -31"><span class='ocrx_word' id='word_1_134' title='bbox 577 2410 776 2498; x_wconf 85' lang='lat' dir='ltr'><strong>militibus,</strong></span> <span class='ocrx_word' id='word_1_135' title='bbox 801 2408 1067 2486; x_wconf 87' lang='lat' dir='ltr'><strong>Bartholomeo</strong></span> <span class='ocrx_word' id='word_1_136' title='bbox 1091 2410 1137 2485; x_wconf 92' lang='lat' dir='ltr'><strong>de</strong></span> <span class='ocrx_word' id='word_1_137' title='bbox 1158 2410 1278 2485; x_wconf 89' lang='lat' dir='ltr'><strong>Turre</strong></span> <span class='ocrx_word' id='word_1_138' title='bbox 1304 2426 1343 2485; x_wconf 92' lang='lat' dir='ltr'><strong>et</strong></span> <span class='ocrx_word' id='word_1_139' title='bbox 1359 2409 1568 2486; x_wconf 89' lang='lat' dir='ltr'><strong>Bertrando</strong></span> <span class='ocrx_word' id='word_1_140' title='bbox 1586 2408 1785 2487; x_wconf 90' lang='lat' dir='ltr'><strong>Guerrerii</strong></span> <span class='ocrx_word' id='word_1_141' title='bbox 1808 2411 2021 2517; x_wconf 81' lang='lat' dir='ltr'><strong>capellanis</strong></span> 
     </span>
     <span class='ocr_line' id='line_1_17' title="bbox 578 2538 1627 2645; baseline 0 -29"><span class='ocrx_word' id='word_1_142' title='bbox 578 2539 808 2644; x_wconf 90' lang='lat' dir='ltr'><strong>presbiteris,</strong></span> <span class='ocrx_word' id='word_1_143' title='bbox 824 2556 862 2615; x_wconf 91' lang='lat' dir='ltr'><strong>et</strong></span> <span class='ocrx_word' id='word_1_144' title='bbox 880 2538 1052 2645; x_wconf 91' lang='lat' dir='ltr'><strong>pluribus</strong></span> <span class='ocrx_word' id='word_1_145' title='bbox 1068 2538 1150 2615; x_wconf 90' lang='lat' dir='ltr'><strong>aliis</strong></span> <span class='ocrx_word' id='word_1_146' title='bbox 1168 2538 1345 2615; x_wconf 86' lang='lat' dir='ltr'><strong>lratribus</strong></span> <span class='ocrx_word' id='word_1_147' title='bbox 1364 2538 1462 2616; x_wconf 91' lang='lat' dir='ltr'><strong>dicte</strong></span> <span class='ocrx_word' id='word_1_148' title='bbox 1478 2540 1627 2616; x_wconf 89' lang='lat' dir='ltr'><strong>domus.</strong></span> 
     </span>
    </p>

    <p class='ocr_par' dir='ltr' id='par_1_6' title="bbox 577 2669 2017 3168">
     <span class='ocr_line' id='line_1_18' title="bbox 633 2669 2017 2783; baseline 0.003 -37"><span class='ocrx_word' id='word_1_149' title='bbox 633 2669 790 2746; x_wconf 84' lang='lat' dir='ltr'><strong>Modum</strong></span> <span class='ocrx_word' id='word_1_150' title='bbox 811 2688 937 2747; x_wconf 90' lang='lat' dir='ltr'><strong>antem</strong></span> <span class='ocrx_word' id='word_1_151' title='bbox 954 2698 1019 2746; x_wconf 90' lang='lat' dir='ltr'><strong>sue</strong></span> <span class='ocrx_word' id='word_1_152' title='bbox 1039 2669 1268 2775; x_wconf 86' lang='lat' dir='ltr'><strong>recepcionis</strong></span> <span class='ocrx_word' id='word_1_153' title='bbox 1286 2686 1326 2747; x_wconf 90' lang='lat' dir='ltr'><strong>et</strong></span> <span class='ocrx_word' id='word_1_154' title='bbox 1343 2669 1503 2746; x_wconf 89' lang='lat' dir='ltr'><strong>aliorum</strong></span> <span class='ocrx_word' id='word_1_155' title='bbox 1526 2699 1654 2748; x_wconf 88' lang='lat' dir='ltr'><strong>secum</strong></span> <span class='ocrx_word' id='word_1_156' title='bbox 1674 2672 1825 2776; x_wconf 84' lang='lat' dir='ltr'><strong>pariter</strong></span> <span class='ocrx_word' id='word_1_157' title='bbox 1842 2693 2017 2783; x_wconf 81' lang='lat' dir='ltr'><strong>recepto-</strong></span> 
     </span>
     <span class='ocr_line' id='line_1_19' title="bbox 577 2797 2011 2907; baseline 0.006 -33"><span class='ocrx_word' id='word_1_158' title='bbox 577 2828 662 2875; x_wconf 91' lang='lat' dir='ltr'><strong>rum</strong></span> <span class='ocrx_word' id='word_1_159' title='bbox 675 2799 768 2877; x_wconf 83' lang='lat' dir='ltr'><strong>dixit</strong></span> <span class='ocrx_word' id='word_1_160' title='bbox 780 2799 820 2874; x_wconf 92' lang='lat' dir='ltr'><strong>in</strong></span> <span class='ocrx_word' id='word_1_161' title='bbox 835 2798 969 2875; x_wconf 81' lang='lat' dir='ltr'><strong>ellectu</strong></span> <span class='ocrx_word' id='word_1_162' title='bbox 978 2859 988 2888; x_wconf 92' lang='lat'><strong>,</strong></span> <span class='ocrx_word' id='word_1_163' title='bbox 997 2797 1505 2876; x_wconf 84' lang='lat' dir='ltr'><strong>sicutlraterssartbolomeus</strong></span> <span class='ocrx_word' id='word_1_164' title='bbox 1519 2799 1567 2875; x_wconf 93' lang='lat' dir='ltr'><strong>de</strong></span> <span class='ocrx_word' id='word_1_165' title='bbox 1576 2801 1710 2890; x_wconf 90' lang='lat' dir='ltr'><strong>Turre,</strong></span> <span class='ocrx_word' id='word_1_166' title='bbox 1722 2801 1882 2907; x_wconf 90' lang='lat' dir='ltr'><strong>primus</strong></span> <span class='ocrx_word' id='word_1_167' title='bbox 1895 2806 2011 2897; x_wconf 76' lang='lat' dir='ltr'><strong>testis,</strong></span> 
     </span>
     <span class='ocr_line' id='line_1_20' title="bbox 578 2928 2011 3035; baseline 0.007 -30"><span class='ocrx_word' id='word_1_168' title='bbox 578 2930 751 3035; x_wconf 90' lang='lat' dir='ltr'><strong>deposuit</strong></span> <span class='ocrx_word' id='word_1_169' title='bbox 765 2930 805 3006; x_wconf 92' lang='lat' dir='ltr'><strong>in</strong></span> <span class='ocrx_word' id='word_1_170' title='bbox 821 2957 888 3005; x_wconf 88' lang='lat' dir='ltr'><strong>sna</strong></span> <span class='ocrx_word' id='word_1_171' title='bbox 902 2929 1144 3035; x_wconf 90' lang='lat' dir='ltr'><strong>deposicione</strong></span> <span class='ocrx_word' id='word_1_172' title='bbox 1161 2929 1198 3004; x_wconf 96' lang='lat' dir='ltr'><strong>in</strong></span> <span class='ocrx_word' id='word_1_173' title='bbox 1218 2928 1353 3005; x_wconf 90' lang='lat' dir='ltr'><strong>eodem</strong></span> <span class='ocrx_word' id='word_1_174' title='bbox 1367 2928 1524 3007; x_wconf 92' lang='lat' dir='ltr'><strong>articulo</strong></span> <span class='ocrx_word' id='word_1_175' title='bbox 1538 2958 1666 3034; x_wconf 88' lang='lat' dir='ltr'><strong>supra,</strong></span> <span class='ocrx_word' id='word_1_176' title='bbox 1683 2948 1724 3007; x_wconf 87' lang='lat' dir='ltr'><strong>et</strong></span> <span class='ocrx_word' id='word_1_177' title='bbox 1738 2932 1843 3012; x_wconf 86' lang='lat' dir='ltr'><strong>sicut</strong></span> <span class='ocrx_word' id='word_1_178' title='bbox 1856 2935 1898 3011; x_wconf 93' lang='lat' dir='ltr'><strong>in</strong></span> <span class='ocrx_word' id='word_1_179' title='bbox 1913 2936 2011 3015; x_wconf 90' lang='lat' dir='ltr'><strong>libro</strong></span> 
     </span>
     <span class='ocr_line' id='line_1_21' title="bbox 578 3058 1602 3168; baseline 0.005 -35"><span class='ocrx_word' id='word_1_180' title='bbox 578 3076 798 3139; x_wconf 88' lang='lat' dir='ltr'><strong>statutorum</strong></span> <span class='ocrx_word' id='word_1_181' title='bbox 818 3078 856 3137; x_wconf 93' lang='lat' dir='ltr'><strong>et</strong></span> <span class='ocrx_word' id='word_1_182' title='bbox 875 3059 1002 3166; x_wconf 89' lang='lat' dir='ltr'><strong>regule</strong></span> <span class='ocrx_word' id='word_1_183' title='bbox 1022 3060 1194 3168; x_wconf 84' lang='lat' dir='ltr'><strong>ejusdem</strong></span> <span class='ocrx_word' id='word_1_184' title='bbox 1215 3058 1357 3137; x_wconf 89' lang='lat' dir='ltr'><strong>ordinis</strong></span> <span class='ocrx_word' id='word_1_185' title='bbox 1377 3061 1602 3138; x_wconf 85' lang='lat' dir='ltr'><strong>continetur.</strong></span> 
     </span>
    </p>

    <p class='ocr_par' dir='ltr' id='par_1_7' title="bbox 478 3188 2007 4334">
     <span class='ocr_line' id='line_1_22' title="bbox 633 3188 2002 3302; baseline 0.007 -39"><span class='ocrx_word' id='word_1_186' title='bbox 633 3188 692 3264; x_wconf 81' lang='lat' dir='ltr'><strong>td</strong></span> <span class='ocrx_word' id='word_1_187' title='bbox 710 3189 842 3268; x_wconf 84' lang='lat' dir='ltr'><strong>lxxxvu</strong></span> <span class='ocrx_word' id='word_1_188' title='bbox 862 3205 901 3265; x_wconf 92' lang='lat' dir='ltr'><strong>et</strong></span> <span class='ocrx_word' id='word_1_189' title='bbox 918 3190 1063 3266; x_wconf 84' lang='lat' dir='ltr'><strong>lxxxvru</strong></span> <span class='ocrx_word' id='word_1_190' title='bbox 1079 3207 1117 3266; x_wconf 89' lang='lat' dir='ltr'><strong>et</strong></span> <span class='ocrx_word' id='word_1_191' title='bbox 1134 3189 1308 3266; x_wconf 90' lang='lat' dir='ltr'><strong>ultimum</strong></span> <span class='ocrx_word' id='word_1_192' title='bbox 1328 3190 1505 3270; x_wconf 81' lang='lat' dir='ltr'><strong>articulos</strong></span> <span class='ocrx_word' id='word_1_193' title='bbox 1524 3190 1726 3297; x_wconf 86' lang='lat' dir='ltr'><strong>diligenter</strong></span> <span class='ocrx_word' id='word_1_194' title='bbox 1749 3211 1792 3271; x_wconf 92' lang='lat' dir='ltr'><strong>et</strong></span> <span class='ocrx_word' id='word_1_195' title='bbox 1811 3194 2002 3302; x_wconf 66' lang='lat' dir='ltr'><strong>sig‘llatim</strong></span> 
     </span>
     <span class='ocr_line' id='line_1_23' title="bbox 580 3318 2007 3433; baseline 0.009 -43"><span class='ocrx_word' id='word_1_196' title='bbox 580 3318 841 3422; x_wconf 88' lang='lat' dir='ltr'><strong>interrogatus,</strong></span> <span class='ocrx_word' id='word_1_197' title='bbox 863 3318 1092 3423; x_wconf 90' lang='lat' dir='ltr'><strong>respondens</strong></span> <span class='ocrx_word' id='word_1_198' title='bbox 1111 3320 1254 3424; x_wconf 83' lang='lat' dir='ltr'><strong>negavit</strong></span> <span class='ocrx_word' id='word_1_199' title='bbox 1273 3320 1373 3424; x_wconf 89' lang='lat' dir='ltr'><strong>ipsos</strong></span> <span class='ocrx_word' id='word_1_200' title='bbox 1395 3320 1571 3398; x_wconf 85' lang='lat' dir='ltr'><strong>articulos</strong></span> <span class='ocrx_word' id='word_1_201' title='bbox 1591 3337 1629 3396; x_wconf 91' lang='lat' dir='ltr'><strong>et</strong></span> <span class='ocrx_word' id='word_1_202' title='bbox 1648 3322 1780 3400; x_wconf 89' lang='lat' dir='ltr'><strong>omnia</strong></span> <span class='ocrx_word' id='word_1_203' title='bbox 1801 3342 1841 3403; x_wconf 90' lang='lat' dir='ltr'><strong>et</strong></span> <span class='ocrx_word' id='word_1_204' title='bbox 1860 3326 2007 3433; x_wconf 86' lang='lat' dir='ltr'><strong>singula</strong></span> 
     </span>
     <span class='ocr_line' id='line_1_24' title="bbox 579 3447 2004 3562; baseline 0.008 -41"><span class='ocrx_word' id='word_1_205' title='bbox 579 3464 753 3523; x_wconf 83' lang='lat' dir='ltr'><strong>contenta</strong></span> <span class='ocrx_word' id='word_1_206' title='bbox 773 3448 811 3523; x_wconf 93' lang='lat' dir='ltr'><strong>in</strong></span> <span class='ocrx_word' id='word_1_207' title='bbox 830 3447 902 3536; x_wconf 92' lang='lat' dir='ltr'><strong>eis,</strong></span> <span class='ocrx_word' id='word_1_208' title='bbox 918 3464 955 3524; x_wconf 90' lang='lat' dir='ltr'><strong>et</strong></span> <span class='ocrx_word' id='word_1_209' title='bbox 975 3449 1067 3523; x_wconf 87' lang='lat' dir='ltr'><strong>dixit</strong></span> <span class='ocrx_word' id='word_1_210' title='bbox 1090 3476 1128 3525; x_wconf 92' lang='lat' dir='ltr'><strong>se</strong></span> <span class='ocrx_word' id='word_1_211' title='bbox 1151 3477 1220 3525; x_wconf 94' lang='lat' dir='ltr'><strong>nec</strong></span> <span class='ocrx_word' id='word_1_212' title='bbox 1245 3450 1337 3525; x_wconf 90' lang='lat' dir='ltr'><strong>scire</strong></span> <span class='ocrx_word' id='word_1_213' title='bbox 1358 3478 1426 3526; x_wconf 91' lang='lat' dir='ltr'><strong>nec</strong></span> <span class='ocrx_word' id='word_1_214' title='bbox 1446 3450 1599 3527; x_wconf 90' lang='lat' dir='ltr'><strong>credere</strong></span> <span class='ocrx_word' id='word_1_215' title='bbox 1616 3481 1763 3530; x_wconf 89' lang='lat' dir='ltr'><strong>errores</strong></span> <span class='ocrx_word' id='word_1_216' title='bbox 1784 3455 1935 3562; x_wconf 89' lang='lat' dir='ltr'><strong>aliquos</strong></span> <span class='ocrx_word' id='word_1_217' title='bbox 1959 3456 2004 3532; x_wconf 88' lang='lat' dir='ltr'><strong>de</strong></span> 
     </span>
     <span class='ocr_line' id='line_1_25' title="bbox 478 3576 2006 3687; baseline 0.007 -35"><span class='ocrx_word' id='word_1_218' title='bbox 478 3584 482 3589; x_wconf 83' lang='lat'>&#39;</span> <span class='ocrx_word' id='word_1_219' title='bbox 578 3576 716 3685; x_wconf 90' lang='lat' dir='ltr'><strong>quibus</strong></span> <span class='ocrx_word' id='word_1_220' title='bbox 741 3579 862 3685; x_wconf 93' lang='lat' dir='ltr'><strong>agitur</strong></span> <span class='ocrx_word' id='word_1_221' title='bbox 882 3579 920 3653; x_wconf 94' lang='lat' dir='ltr'><strong>in</strong></span> <span class='ocrx_word' id='word_1_222' title='bbox 937 3578 1102 3655; x_wconf 87' lang='lat' dir='ltr'><strong>articulis</strong></span> <span class='ocrx_word' id='word_1_223' title='bbox 1123 3580 1345 3685; x_wconf 89' lang='lat' dir='ltr'><strong>supradictis</strong></span> <span class='ocrx_word' id='word_1_224' title='bbox 1364 3579 1478 3657; x_wconf 85' lang='lat' dir='ltr'><strong>luisse</strong></span> <span class='ocrx_word' id='word_1_225' title='bbox 1498 3610 1665 3687; x_wconf 88' lang='lat' dir='ltr'><strong>unquam</strong></span> <span class='ocrx_word' id='word_1_226' title='bbox 1683 3611 1753 3659; x_wconf 90' lang='lat' dir='ltr'><strong>nec</strong></span> <span class='ocrx_word' id='word_1_227' title='bbox 1774 3613 1859 3663; x_wconf 88' lang='lat' dir='ltr'><strong>esse</strong></span> <span class='ocrx_word' id='word_1_228' title='bbox 1886 3589 1926 3663; x_wconf 95' lang='lat' dir='ltr'><strong>in</strong></span> <span class='ocrx_word' id='word_1_229' title='bbox 1946 3615 2006 3665; x_wconf 90' lang='lat' dir='ltr'><strong>or·</strong></span> 
     </span>
     <span class='ocr_line' id='line_1_26' title="bbox 580 3707 2002 3818; baseline 0.009 -36"><span class='ocrx_word' id='word_1_230' title='bbox 580 3707 832 3814; x_wconf 89' lang='lat' dir='ltr'><strong>dineTempli‚</strong></span> <span class='ocrx_word' id='word_1_231' title='bbox 843 3736 912 3784; x_wconf 91' lang='lat' dir='ltr'><strong>nec</strong></span> <span class='ocrx_word' id='word_1_232' title='bbox 926 3736 1093 3814; x_wconf 87' lang='lat' dir='ltr'><strong>unquam</strong></span> <span class='ocrx_word' id='word_1_233' title='bbox 1109 3709 1155 3785; x_wconf 93' lang='lat' dir='ltr'><strong>de</strong></span> <span class='ocrx_word' id='word_1_234' title='bbox 1166 3710 1220 3785; x_wconf 88' lang='lat' dir='ltr'><strong>eis</strong></span> <span class='ocrx_word' id='word_1_235' title='bbox 1230 3709 1370 3786; x_wconf 89' lang='lat' dir='ltr'><strong>audivit</strong></span> <span class='ocrx_word' id='word_1_236' title='bbox 1384 3740 1503 3817; x_wconf 91' lang='lat' dir='ltr'><strong>usque</strong></span> <span class='ocrx_word' id='word_1_237' title='bbox 1514 3739 1615 3788; x_wconf 92' lang='lat' dir='ltr'><strong>nunc</strong></span> <span class='ocrx_word' id='word_1_238' title='bbox 1630 3713 1669 3788; x_wconf 94' lang='lat' dir='ltr'><strong>in</strong></span> <span class='ocrx_word' id='word_1_239' title='bbox 1680 3714 1858 3818; x_wconf 91' lang='lat' dir='ltr'><strong>predicto</strong></span> <span class='ocrx_word' id='word_1_240' title='bbox 1869 3717 2002 3795; x_wconf 86' lang='lat' dir='ltr'><strong>ordine</strong></span> 
     </span>
     <span class='ocr_line' id='line_1_27' title="bbox 580 3839 2004 3956; baseline 0.01 -44"><span class='ocrx_word' id='word_1_241' title='bbox 580 3839 660 3913; x_wconf 81' lang='lat' dir='ltr'><strong>lieri</strong></span> <span class='ocrx_word' id='word_1_242' title='bbox 676 3839 921 3931; x_wconf 90' lang='lat' dir='ltr'><strong>mentionem,</strong></span> <span class='ocrx_word' id='word_1_243' title='bbox 933 3868 1001 3916; x_wconf 91' lang='lat' dir='ltr'><strong>nec</strong></span> <span class='ocrx_word' id='word_1_244' title='bbox 1021 3840 1124 3915; x_wconf 89' lang='lat' dir='ltr'><strong>scivit</strong></span> <span class='ocrx_word' id='word_1_245' title='bbox 1144 3868 1309 3946; x_wconf 89' lang='lat' dir='ltr'><strong>unquam</strong></span> <span class='ocrx_word' id='word_1_246' title='bbox 1328 3871 1398 3918; x_wconf 90' lang='lat' dir='ltr'><strong>nec</strong></span> <span class='ocrx_word' id='word_1_247' title='bbox 1413 3842 1554 3919; x_wconf 90' lang='lat' dir='ltr'><strong>audivit</strong></span> <span class='ocrx_word' id='word_1_248' title='bbox 1575 3843 1732 3922; x_wconf 91' lang='lat' dir='ltr'><strong>indicto</strong></span> <span class='ocrx_word' id='word_1_249' title='bbox 1752 3846 1894 3926; x_wconf 90' lang='lat' dir='ltr'><strong>ordine</strong></span> <span class='ocrx_word' id='word_1_250' title='bbox 1913 3849 2004 3956; x_wconf 86' lang='lat' dir='ltr'><strong>qnid</strong></span> 
     </span>
     <span class='ocr_line' id='line_1_28' title="bbox 579 3966 2006 4087; baseline 0.011 -45"><span class='ocrx_word' id='word_1_251' title='bbox 579 3968 626 4043; x_wconf 93' lang='lat' dir='ltr'><strong>sit</strong></span> <span class='ocrx_word' id='word_1_252' title='bbox 643 3966 813 4073; x_wconf 89' lang='lat' dir='ltr'><strong>ydolum,</strong></span> <span class='ocrx_word' id='word_1_253' title='bbox 830 3998 898 4046; x_wconf 89' lang='lat' dir='ltr'><strong>nec</strong></span> <span class='ocrx_word' id='word_1_254' title='bbox 916 3970 985 4047; x_wconf 90' lang='lat' dir='ltr'><strong>scit</strong></span> <span class='ocrx_word' id='word_1_255' title='bbox 1009 3970 1048 4045; x_wconf 95' lang='lat' dir='ltr'><strong>in</strong></span> <span class='ocrx_word' id='word_1_256' title='bbox 1068 3971 1200 4047; x_wconf 91' lang='lat' dir='ltr'><strong>ordine</strong></span> <span class='ocrx_word' id='word_1_257' title='bbox 1221 3971 1278 4047; x_wconf 83' lang='lat' dir='ltr'><strong>vel</strong></span> <span class='ocrx_word' id='word_1_258' title='bbox 1300 3971 1421 4078; x_wconf 90' lang='lat' dir='ltr'><strong>aliqua</strong></span> <span class='ocrx_word' id='word_1_259' title='bbox 1438 3990 1541 4078; x_wconf 89' lang='lat' dir='ltr'><strong>parte</strong></span> <span class='ocrx_word' id='word_1_260' title='bbox 1562 3973 1642 4080; x_wconf 88' lang='lat' dir='ltr'><strong>ejus</strong></span> <span class='ocrx_word' id='word_1_261' title='bbox 1661 3975 1826 4080; x_wconf 84' lang='lat' dir='ltr'><strong>ydolum</strong></span> <span class='ocrx_word' id='word_1_262' title='bbox 1849 3978 2006 4087; x_wconf 83' lang='lat' dir='ltr'><strong>aliquod</strong></span> 
     </span>
     <span class='ocr_line' id='line_1_29' title="bbox 579 4097 2005 4218; baseline 0.013 -47"><span class='ocrx_word' id='word_1_263' title='bbox 579 4097 755 4174; x_wconf 91' lang='lat' dir='ltr'><strong>custodiri</strong></span> <span class='ocrx_word' id='word_1_264' title='bbox 770 4127 839 4176; x_wconf 90' lang='lat' dir='ltr'><strong>nec</strong></span> <span class='ocrx_word' id='word_1_265' title='bbox 856 4100 893 4175; x_wconf 92' lang='lat' dir='ltr'><strong>in</strong></span> <span class='ocrx_word' id='word_1_266' title='bbox 909 4101 1141 4178; x_wconf 89' lang='lat' dir='ltr'><strong>veneratione</strong></span> <span class='ocrx_word' id='word_1_267' title='bbox 1163 4100 1306 4192; x_wconf 85' lang='lat' dir='ltr'><strong>haberi3</strong></span> <span class='ocrx_word' id='word_1_268' title='bbox 1326 4105 1413 4209; x_wconf 87' lang='lat' dir='ltr'><strong>quia</strong></span> <span class='ocrx_word' id='word_1_269' title='bbox 1427 4132 1495 4180; x_wconf 93' lang='lat' dir='ltr'><strong>nec</strong></span> <span class='ocrx_word' id='word_1_270' title='bbox 1513 4105 1678 4182; x_wconf 91' lang='lat' dir='ltr'><strong>venerari</strong></span> <span class='ocrx_word' id='word_1_271' title='bbox 1700 4109 1829 4212; x_wconf 90' lang='lat' dir='ltr'><strong>potuit</strong></span> <span class='ocrx_word' id='word_1_272' title='bbox 1848 4111 2005 4218; x_wconf 79' lang='lat' dir='ltr'><strong>ydolum</strong></span> 
     </span>
     <span class='ocr_line' id='line_1_30' title="bbox 579 4227 879 4334; baseline 0.007 -29"><span class='ocrx_word' id='word_1_273' title='bbox 579 4227 681 4334; x_wconf 83' lang='lat' dir='ltr'><strong>quod</strong></span> <span class='ocrx_word' id='word_1_274' title='bbox 700 4258 775 4305; x_wconf 94' lang='lat' dir='ltr'><strong>non</strong></span> <span class='ocrx_word' id='word_1_275' title='bbox 796 4229 879 4307; x_wconf 89' lang='lat' dir='ltr'><strong>luit.</strong></span> 
     </span>
    </p>

    <p class='ocr_par' dir='ltr' id='par_1_8' title="bbox 635 4359 2009 4478">
     <span class='ocr_line' id='line_1_31' title="bbox 635 4359 2009 4478; baseline 0.012 -43"><span class='ocrx_word' id='word_1_276' title='bbox 635 4359 755 4466; x_wconf 88' lang='lat' dir='ltr'><strong>Super</strong></span> <span class='ocrx_word' id='word_1_277' title='bbox 774 4361 854 4439; x_wconf 87' lang='lat' dir='ltr'><strong>aliis</strong></span> <span class='ocrx_word' id='word_1_278' title='bbox 873 4390 960 4438; x_wconf 90' lang='lat' dir='ltr'><strong>vero</strong></span> <span class='ocrx_word' id='word_1_279' title='bbox 984 4379 1059 4438; x_wconf 92' lang='lat' dir='ltr'><strong>tam</strong></span> <span class='ocrx_word' id='word_1_280' title='bbox 1079 4364 1366 4442; x_wconf 86' lang='lat' dir='ltr'><strong>circumstanciis</strong></span> <span class='ocrx_word' id='word_1_281' title='bbox 1387 4395 1498 4471; x_wconf 87' lang='lat' dir='ltr'><strong>quam</strong></span> <span class='ocrx_word' id='word_1_282' title='bbox 1516 4368 1787 4449; x_wconf 87' lang='lat' dir='ltr'><strong>coherentibus</strong></span> <span class='ocrx_word' id='word_1_283' title='bbox 1805 4373 1903 4478; x_wconf 91' lang='lat' dir='ltr'><strong>ipsis</strong></span> <span class='ocrx_word' id='word_1_284' title='bbox 1919 4375 2009 4454; x_wconf 89' lang='lat' dir='ltr'><strong>arti-</strong></span> 
     </span>
    </p>
   </div>
   <div class='ocr_carea' id='block_1_4' title="bbox 580 4488 2012 4727">
    <p class='ocr_par' dir='ltr' id='par_1_9' title="bbox 580 4488 2012 4727">
     <span class='ocr_line' id='line_1_32' title="bbox 580 4488 2012 4603; baseline 0.015 -40"><span class='ocrx_word' id='word_1_285' title='bbox 580 4488 670 4565; x_wconf 88' lang='lat' dir='ltr'><strong>culis</strong></span> <span class='ocrx_word' id='word_1_286' title='bbox 690 4489 885 4597; x_wconf 89' lang='lat' dir='ltr'><strong>diligenter</strong></span> <span class='ocrx_word' id='word_1_287' title='bbox 904 4493 1165 4600; x_wconf 87' lang='lat' dir='ltr'><strong>interrogatus,</strong></span> <span class='ocrx_word' id='word_1_288' title='bbox 1190 4496 1280 4572; x_wconf 82' lang='lat' dir='ltr'><strong>dixit</strong></span> <span class='ocrx_word' id='word_1_289' title='bbox 1298 4525 1336 4573; x_wconf 91' lang='lat' dir='ltr'><strong>se</strong></span> <span class='ocrx_word' id='word_1_290' title='bbox 1351 4498 1494 4574; x_wconf 89' lang='lat' dir='ltr'><strong>nescire</strong></span> <span class='ocrx_word' id='word_1_291' title='bbox 1513 4497 1620 4603; x_wconf 88' lang='lat' dir='ltr'><strong>plura</strong></span> <span class='ocrx_word' id='word_1_292' title='bbox 1633 4527 1705 4576; x_wconf 88' lang='lat' dir='ltr'><strong>nec</strong></span> <span class='ocrx_word' id='word_1_293' title='bbox 1721 4503 1888 4584; x_wconf 89' lang='lat' dir='ltr'><strong>credere</strong></span> <span class='ocrx_word' id='word_1_294' title='bbox 1902 4506 2012 4585; x_wconf 85' lang='lat' dir='ltr'><strong>aliter</strong></span> 
     </span>
     <span class='ocr_line' id='line_1_33' title="bbox 581 4622 1172 4727; baseline 0.019 -35"><span class='ocrx_word' id='word_1_295' title='bbox 581 4646 692 4720; x_wconf 86' lang='lat' dir='ltr'><strong>quam</strong></span> <span class='ocrx_word' id='word_1_296' title='bbox 712 4622 881 4727; x_wconf 90' lang='lat' dir='ltr'><strong>superius</strong></span> <span class='ocrx_word' id='word_1_297' title='bbox 901 4641 957 4701; x_wconf 91' lang='lat' dir='ltr'><strong>est</strong></span> <span class='ocrx_word' id='word_1_298' title='bbox 971 4622 1172 4703; x_wconf 84' lang='lat' dir='ltr'><strong>confessus.</strong></span> 
     </span>
    </p>
   </div>
   <div class='ocr_carea' id='block_1_5' title="bbox 0 0 2130 5956">
    <p class='ocr_par' dir='ltr' id='par_1_10' title="bbox 0 0 2130 5956">
     <span class='ocr_line' id='line_1_34' title="bbox 0 0 2130 5956; baseline 0 0"><span class='ocrx_word' id='word_1_299' title='bbox 0 0 2130 5956; x_wconf 95' lang='lat' dir='ltr'><strong> </strong></span> 
     </span>
    </p>
   </div>
  </div>
 </body>
</html>
