4230 5956
669 445 864 538 Procas
894 464 990 535 ons
1021 461 1323 538 rnurmuas.
1625 469 1701 541 aso

290 631 378 707 pum
393 602 651 693 Parisicnscm,
665 602 771 681 lectis
784 620 822 680 et
837 602 1038 709 diligenter
1046 602 1221 707 expositis
1228 602 1300 680 sibi
1313 604 1491 680 omnibus
1500 621 1537 681 et
1545 606 1703 713 singulis

285 731 468 820 articulis,
485 733 681 836 respondit
699 726 803 838 quod
821 761 1014 838 nunquam
1039 732 1182 808 viderat
1204 731 1368 838 aliquem
1387 730 1504 808 alium
1529 735 1644 838 recipi
1664 734 1704 809 in

285 862 436 952 ordine,
457 860 558 938 unde
573 861 776 950 nesciebat,
798 891 868 939 nec
887 861 1083 952 credebat,
1102 889 1170 939 nec
1189 861 1379 937 audiverat
1398 860 1474 938 dici
1492 859 1539 937 de
1557 879 1705 938 conten

283 991 332 1067 tis
346 993 384 1066 in
401 992 455 1068 eis
475 992 545 1067 nisi
561 993 667 1096 quod
681 993 851 1098 sequitur
867 1025 876 1069 :
895 991 1070 1069 videlicet
1084 994 1205 1098 quod,
1223 991 1291 1070 illo
1309 1018 1407 1081 anuo
1423 1019 1499 1095 quo
1514 989 1616 1068 Acon
1632 991 1704 1071 luit

284 1120 500 1224 perditum,
529 1121 610 1226 ipse
630 1121 736 1198 testis
762 1120 834 1198 luit
860 1138 1031 1227 receptus
1059 1122 1157 1199 ultra
1184 1148 1306 1211 mare,
1333 1121 1373 1196 in
1403 1119 1544 1227 capella
1567 1102 1703 1201 domis

285 1249 437 1355 Templi
471 1249 518 1325 de
541 1249 711 1356 Sydouc,
737 1279 804 1356 per
832 1249 984 1328 fratrem
1013 1250 1243 1328 Ademarum
1275 1250 1322 1327 de
1355 1251 1509 1327 Perussa
1535 1248 1701 1331 militem

285 1378 495 1483 quondam,
513 1380 748 1482 presentibus
771 1381 918 1457 circiter
936 1408 981 1458 ιι
1001 1380 1192 1470 fratribus,
1215 1382 1312 1457 inter
1329 1407 1425 1487 quos
1445 1396 1550 1457 erant
1572 1379 1703 1457 fratres

283 1508 464 1583 Ricardus
476 1524 515 1584 et
525 1509 767 1614 Raymundus
781 1511 979 1615 Stephani,
997 1509 1226 1588 Guillelmus
1236 1510 1445 1615 delluppe,
1459 1509 1702 1615 Raymundus

284 1637 533 1742 d'Espinasses
548 1638 706 1726 milites,
721 1642 854 1718 Petrus
868 1643 1073 1719 Tarassone
1095 1644 1142 1719 de
1162 1643 1307 1748 Lingua
1322 1642 1498 1723 Occitana
1518 1640 1699 1726 serviens,

283 1797 379 1874 quos
399 1769 520 1845 credit
538 1797 618 1846 esse
637 1771 677 1845 iu
697 1771 850 1877 Chipro.
872 1772 905 1850 A
923 1802 1002 1878 quo
1020 1791 1333 1878 receptore‚cum
1353 1771 1431 1875 ipse
1446 1769 1551 1846 testis
1570 1767 1703 1846 suisset

151 1956 156 1969 .
282 1899 502 2003 peregrinus
519 1899 617 1975 ultra
637 1928 739 1977 mare
764 1919 802 1977 et
823 1900 1040 1978 defficerent
1061 1901 1132 1978 sibi
1159 1927 1333 2005 expense,
1356 1897 1548 2004 requisivit
1572 1924 1639 2001 per
1660 1926 1700 1974 se

287 2044 325 2101 et
338 2055 406 2130 per
415 2027 554 2103 amicos
565 2055 652 2104 suos
666 2056 704 2104 se
716 2029 763 2104 ad
779 2028 920 2106 dictum
938 2031 1111 2109 ordinem
1126 2029 1260 2133 recipi;
1277 2044 1411 2105 etcum
1427 2027 1461 2104 ei
1479 2054 1698 2132 responsum

283 2154 415 2230 fuisset
434 2155 536 2259 quod
552 2154 650 2230 bene
668 2154 910 2244 deliberaret,
925 2157 1011 2262 quia
1026 2173 1217 2261 oporteret
1237 2185 1322 2233 eum
1337 2186 1357 2232 a
1372 2184 1411 2234 se
1426 2155 1598 2234 abdicare
1613 2187 1700 2262 pro·

284 2285 400 2388 priam
417 2283 664 2370 voluntatem,
687 2301 725 2359 et
743 2283 861 2360 multa
877 2286 970 2363 dura
983 2302 1020 2361 et
1034 2313 1161 2390 aspera
1176 2286 1377 2377 sustinere,
1403 2287 1532 2391 etipse
1546 2314 1699 2392 respon-

284 2413 398 2489 disset
412 2413 516 2518 quod
530 2414 627 2490 bene
644 2413 770 2489 omnia
790 2415 1009 2504 sustineret,
1033 2415 1214 2495 concessit
1229 2414 1350 2493 dictus
1366 2431 1551 2520 receptor,
1573 2415 1621 2493 de
1638 2444 1699 2493 vo·

283 2542 424 2618 luntate
445 2543 623 2631 aliorum,
642 2541 746 2647 quod
760 2543 942 2648 reciperet
953 2573 1060 2636 eum,
1072 2546 1227 2651 prestito
1244 2545 1347 2649 prius
1359 2573 1427 2650 per
1440 2546 1698 2651 juramentum

283 2670 392 2747 abeo
413 2670 516 2776 quod
534 2688 614 2749 erat
630 2669 753 2748 bonus
767 2671 1014 2763 Christianus,
1032 2690 1070 2750 et
1087 2675 1191 2779 quod
1209 2702 1286 2750 non
1306 2690 1385 2750 erat
1403 2676 1699 2751 excommunica·

282 2817 359 2891 tus,
381 2830 450 2878 nec
462 2802 623 2879 habebat
634 2802 889 2880 infirmitatem
900 2804 1097 2894 latentem,
1119 2833 1188 2880 nec
1204 2821 1282 2881 erat
1296 2802 1401 2881 alteri
1418 2804 1609 2909 religioni,
1625 2832 1698 2881 ma·

282 2931 461 3009 trimonio
472 2960 541 3008 nec
550 2932 688 3010 debitis
700 2961 774 3037 que
786 2961 862 3010 non
873 2952 999 3039 posset
1011 2934 1153 3012 solvere
1165 2933 1362 3042 obligatus
1377 2951 1416 3010 et
1426 2933 1519 3010 dixit
1532 2934 1565 3010 ei
1579 2935 1693 3039 quod,

280 3061 310 3135 si
330 3060 473 3165 aliquid
489 3091 533 3139 ex
552 3063 729 3169 predictis
748 3063 1027 3169 impedimentis
1047 3093 1090 3142 ex
1109 3064 1307 3170 postfacto
1326 3065 1554 3170 reperiretur
1572 3065 1612 3141 in
1630 3093 1693 3153 eo,

279 3190 528 3295 expelleretur
540 3193 588 3269 de
599 3192 733 3269 ordine
744 3194 968 3299 supradicto.
981 3195 1069 3272 Post
1082 3223 1156 3301 que
1171 3194 1359 3272 lecit-cum
1375 3222 1508 3273 vovere
1522 3212 1561 3272 et
1568 3197 1695 3303 jurare

279 3321 500 3412 castitatem,
523 3322 796 3412 obedienciam,
818 3324 939 3402 vivere
958 3325 1038 3402 sine
1056 3325 1226 3431 proprio,
1248 3353 1390 3402 servare
1401 3323 1533 3402 bonos
1551 3353 1641 3402 usus
1657 3343 1695 3403 ct

278 3449 394 3528 bonas
410 3451 786 3559 consuetudinesque
801 3472 1008 3533 tunccrant
1021 3455 1061 3531 in
1079 3455 1212 3532 ordine
1228 3473 1266 3531 et
1280 3483 1354 3559 quc
1368 3455 1408 3531 in
1423 3473 1616 3560 posterum
1632 3456 1695 3531 irn-

278 3584 807 3691 ponerenturperMegistrum
817 3614 905 3663 cum
920 3585 1076 3664 consilio
1089 3586 1384 3691 presbiterorum
1399 3585 1553 3673 ordinis,
1566 3602 1603 3661 et
1617 3612 1692 3662 non

279 3713 459 3791 revelaret
475 3733 618 3793 secreta
631 3715 911 3820 capituliorum,
933 3715 981 3792 de
997 3716 1113 3793 modo
1127 3716 1356 3822 recepcionis
1367 3714 1516 3822 speciali
1535 3741 1611 3791 non
1628 3714 1693 3789 ba·

280 3842 357 3919 bita
375 3846 589 3932 mencione;
607 3862 644 3922 et
658 3846 835 3951 imposito
853 3846 924 3923 sibi
941 3845 1138 3935 mantello,
1156 3864 1329 3952 receptor
1342 3864 1381 3923 et
1393 3859 1552 3923 astantes
1564 3841 1693 3919 fratres

276 3971 324 4047 de
345 3974 487 4080 Lingua
505 3975 679 4053 Occituna
698 3972 907 4052 luerunt'in
922 4004 987 4053 ore
1003 3975 1157 4053 osculati
1171 3976 1360 4053 eumdem.
1378 3976 1465 4051 Post
1479 4000 1552 4078 que
1572 3972 1692 4055 dictus

281 4119 450 4205 receptor
459 4105 633 4181 iustruxit
646 4133 733 4181 eum
745 4122 838 4210 quot
848 4107 960 4184 Pater
970 4121 1084 4182 noster
1091 4104 1234 4181 diceret
1244 4131 1313 4209 pro
1323 4103 1426 4183 horis
1434 4101 1694 4209 suis,etquali·

279 4247 337 4305 ter
347 4250 491 4336 regeret
500 4262 540 4310 se
556 4236 595 4310 in
610 4236 756 4311 ordine.
773 4235 861 4327 Quo
875 4234 983 4324 lacto,
997 4233 1111 4310 frater
1123 4233 1326 4339 Rayuerius
1338 4232 1475 4340 Lorgni
1491 4232 1600 4309 miles
1608 4231 1694 4329 ¹Gal·

276 4359 417 4436 licsuus
432 4377 469 4436 et
484 4379 560 4438 tres
575 4362 706 4440 fratres
719 4362 939 4454 servientes,
955 4390 1118 4469 quorum
1131 4361 1284 4439 nomina
1298 4380 1339 4440 et·
1351 4363 1573 4468 cognomina
1586 4363 1692 4469 igno-

274 4509 340 4580 rat,
355 4493 530 4570 dixerunt
545 4494 669 4570 eidem
682 4494 767 4570 testi
777 4493 925 4570 sedenti
933 4520 1058 4571 coram
1070 4492 1170 4571 dicto
1178 4511 1383 4598 receptore,
1395 4492 1500 4599 quod
1510 4508 1689 4598 surgeret,

276 4621 360 4725 quia
378 4622 559 4699 ducerent
574 4652 661 4700 eum
680 4623 727 4701 ad
743 4623 981 4702 induendum
1000 4639 1118 4702 vestes
1130 4622 1333 4731 religionis
1349 4641 1487 4701 etcum
1502 4621 1691 4699 duxissent

273 4780 360 4828 eum
373 4755 420 4830 ad
430 4756 631 4831 sacristiam
640 4755 888 4861 propinquam
899 4755 996 4833 dicte
1010 4755 1176 4843 ecclesie,
1194 4770 1232 4830 et
1240 4754 1422 4835 induisset
1432 4754 1548 4832 dictas
1558 4769 1688 4839 vestes,

1488 4871 1536 4931 33.
