4230 5956
619 459 812 552 procos
839 457 933 549 oss
960 477 1257 549 reuertens.
1601 485 1648 554 ss

235 619 316 694 ium
344 616 518 693 illicitum
539 615 598 692 vel
622 617 864 696 inhonestum
891 635 981 693 tunc
1002 616 1060 692 vel
1083 633 1166 721 post
1187 616 1384 692 intervenit
1404 617 1441 689 in
1465 622 1651 724 recepcio-

234 748 347 824 nibus
366 746 597 851 supradictis.
617 747 664 824 Et
682 777 749 855 per
770 747 947 826 eumdem
969 749 1128 824 modum
1149 747 1243 824 vidit
1262 746 1376 850 recipi
1396 745 1526 822 fratres
1546 749 1652 828 Guit-

234 877 390 954 lelmum
409 876 456 952 de
464 875 606 952 Madito
619 876 777 954 militem
795 877 1005 983 quondam,
1020 877 1248 954 Ademarum
1258 873 1402 952 Baiotel
1416 877 1650 966 servientem,

235 1006 460 1095 deffunctos‚
477 1005 590 1081 simul
608 1006 648 1081 in
666 1007 829 1113 quadam
849 1032 993 1082 camera
1011 1006 1147 1083 domus
1162 1005 1309 1110 Templi
1339 1004 1385 1080 de
1413 1005 1576 1116 Vilagast
1593 1009 1652 1084 Pi-

234 1136 413 1213 ctavensis
438 1134 612 1223 diocesis,
642 1137 680 1211 in
706 1136 856 1214 instanti
884 1152 999 1213 estate
1030 1154 1141 1212 erunt
1167 1163 1244 1212 xuu
1266 1133 1351 1210 anni
1372 1133 1432 1209 vel
1451 1134 1563 1226 circa,
1586 1165 1653 1242 per

235 1266 387 1343 fratrem
408 1263 639 1351 Gaufredum
662 1266 709 1342 de
728 1266 876 1345 Vilzero
900 1264 1060 1341 militem
1080 1265 1290 1372 quondam,
1315 1279 1406 1339 tunc
1425 1265 1652 1343 visitatorem

234 1396 323 1473 citra
353 1421 474 1481 mare,
518 1395 753 1499 presentibus
778 1393 986 1474 Guillelmo
1013 1394 1061 1470 de
1088 1394 1196 1471 Blere
1235 1410 1325 1470 tunc
1354 1410 1570 1499 preceptore
1604 1397 1650 1471 de

233 1523 456 1613 Cbausilho‚
488 1523 553 1628 qui
586 1525 775 1601 detinetur
800 1524 902 1630 apud
926 1523 1143 1631 Caynonem
1170 1522 1391 1599 Pictavensis
1415 1523 1587 1612 diocesis,
1616 1543 1653 1601 et

232 1651 397 1730 Geraldo
412 1651 604 1757 quondam
625 1652 659 1728 la
678 1647 845 1744 Vernha‚
862 1671 901 1731 et
918 1652 1125 1732 Guillelmo
1141 1652 1391 1740 Chandelier‚
1406 1654 1597 1758 predictis,
1616 1672 1652 1728 et

233 1782 460 1887 quibusdam
481 1782 563 1860 aliis
581 1784 628 1860 de
648 1811 813 1889 quorum
832 1784 1050 1863 nominibus
1070 1811 1145 1861 non
1167 1783 1397 1861 recordatur.
1415 1781 1520 1860 Vidit
1534 1783 1650 1857 eciam

233 1911 347 2017 recipi
368 1911 519 1987 fratrem
536 1913 746 1989 Johanuem
776 1912 883 1989 Folhi
913 1913 1157 1998 servientem,
1182 1912 1229 1987 de
1243 1911 1362 1987 Podio
1381 1909 1521 1987 Revelli
1541 1911 1654 1986 Picta·

232 2042 353 2118 vensis
381 2041 556 2128 diocesis,
592 2042 657 2145 qui
692 2040 883 2117 detinetur
897 2041 1077 2129 Turonis,
1101 2040 1288 2116 dominica
1305 2040 1344 2114 in
1363 2040 1488 2114 Ramis
1511 2040 1653 2144 palmo-

232 2197 317 2245 rum
338 2170 506 2275 proxima
526 2185 638 2244 erunt
652 2186 797 2274 septem
818 2170 905 2245 anni
925 2169 985 2245 rel
1004 2169 1110 2259 circa,
1133 2170 1171 2243 in
1187 2168 1327 2273 capeila
1349 2170 1485 2244 domus
1502 2168 1649 2274 Templi

235 2299 281 2375 de
301 2295 419 2374 Podio
438 2296 595 2386 Revelli,
616 2325 684 2401 per
704 2298 847 2374 dictum
869 2297 1021 2374 fratrem
1037 2296 1273 2375 Guillemum
1292 2297 1340 2372 de
1356 2297 1482 2383 Blere‚
1501 2325 1652 2402 presen-

232 2425 334 2502 tibus
353 2423 530 2502 sratribus
547 2425 815 2501 Bartholomeo
832 2425 878 2501 de
895 2425 1014 2501 Podio
1034 2423 1190 2511 revelli,
1204 2441 1299 2499 teste
1319 2453 1429 2529 supra
1443 2426 1568 2529 jurato
1585 2429 1650 2503 sed

234 2554 405 2631 nondum
428 2553 653 2639 examinato,
676 2569 713 2628 et
736 2552 905 2629 Johanne
927 2552 1091 2630 Criando
1117 2554 1164 2629 de
1186 2570 1285 2628 terra
1303 2553 1517 2630 Vindocinii
1537 2583 1652 2659 quon-

235 2684 338 2770 dam,
367 2682 475 2789 cujus
500 2708 708 2788 cognomen
732 2681 893 2789 ignorat;
924 2680 1092 2786 plurium
1117 2680 1399 2785 recepcionibus
1423 2709 1500 2758 non
1520 2684 1651 2760 recolit

234 2839 273 2888 se
299 2810 425 2887 fuisse.
449 2810 663 2915 Requisitus
688 2811 718 2885 si
743 2837 782 2886 se
809 2808 998 2886 obtulerat
1020 2808 1242 2885 deffensioni
1269 2808 1431 2896 ordinis,
1456 2815 1651 2915 respondit

233 2941 337 3047 quod
358 2966 455 3027 non,
483 2940 549 3016 sed
572 2939 670 3015 bene
699 2954 849 3015 venerat
867 2955 1021 3046 propter
1041 2937 1205 3044 predicta
1225 2965 1300 3014 una
1320 2966 1405 3013 cum
1431 2939 1511 3015 aliis
1530 2969 1649 3046 usque

233 3070 404 3147 Parisius.

289 3199 502 3304 Requisitus
512 3199 541 3275 si
559 3199 611 3275 sic
623 3198 848 3304 deposuerat
862 3227 987 3304 prece,
1005 3218 1200 3307 precepto,
1216 3200 1369 3289 timore,
1385 3228 1526 3289 amore,
1542 3202 1646 3289 odio,

233 3327 290 3403 vel
305 3326 502 3433 temporali
525 3327 686 3404 comodo
707 3327 836 3404 habito
856 3327 914 3404 vel
934 3327 1121 3416 habendo,
1145 3330 1339 3433 respondit
1352 3332 1453 3435 quod
1473 3356 1566 3420 non,
1583 3333 1649 3408 sed

233 3485 300 3563 pro
328 3458 480 3534 veritate
506 3457 683 3548 dicenda3
710 3457 768 3534 cui
797 3457 870 3533 suit
894 3457 1105 3564 injunctum
1129 3459 1235 3564 quod
1259 3486 1335 3536 non
1356 3459 1536 3536 revelaret
1555 3462 1650 3536 hanc

233 3615 338 3664 suam
360 3588 656 3693 deposicionem‚
675 3615 873 3694 quousque
892 3590 1150 3665 attestaciones
1169 3587 1308 3665 fuerint
1327 3588 1527 3692 publicate.

289 3852 416 3926 Frater
429 3848 665 3927 Hunbaudus
679 3851 727 3927 de
740 3851 776 3926 la
789 3851 973 3956 Boyssada
993 3852 1173 3939 serviens,
1190 3852 1461 3927 Lemovicensis
1478 3852 1647 3937 diocesis,

233 3972 419 4057 adductus
434 4005 502 4084 pro
519 3994 613 4055 teste
628 3981 675 4056 ad
691 3979 921 4086 presenciam
939 3981 1162 4057 eorumdem
1179 3978 1422 4056 dominorum
1440 3980 1651 4055 commissa-

233 4108 392 4193 riorum,
409 4108 516 4184 tactis
533 4108 771 4184 sacrosanctis
784 4109 1010 4214 Evangeliis‚
1027 4108 1165 4213 juravit
1182 4107 1305 4182 dicere
1324 4105 1514 4181 veritatem
1525 4107 1563 4182 in
1579 4108 1648 4184 isto

233 4235 407 4339 negocio,
435 4235 643 4311 secuudum
669 4235 826 4313 sormam
850 4235 1011 4312 aliorum
1033 4236 1185 4311 testium
1205 4233 1375 4339 superius
1400 4236 1647 4340 registratam‚

234 4362 437 4468 expositam
468 4379 505 4437 et
530 4362 790 4470 vulgarizatam
816 4364 963 4454 eidem;
991 4381 1028 4440 et
1054 4390 1129 4439 non
1152 4363 1390 4442 detinebatur
1413 4382 1555 4471 captus,
1583 4396 1651 4444 nec

232 4489 375 4568 serebat
392 4489 613 4567 mantellum
633 4492 777 4570 ordinis
796 4520 918 4599 neque
938 4494 1111 4577 barbam,
1134 4493 1221 4598 quia
1238 4510 1321 4599 post
1338 4496 1418 4602 ejus
1436 4496 1649 4600 capcionem

239 4621 448 4701 voluntarie
469 4622 591 4728 ipsum
619 4624 810 4701 dimiserat
832 4642 868 4700 et
892 4627 972 4702 radi
996 4625 1132 4703 fecerat
1156 4625 1225 4702 sibi
1245 4625 1419 4715 barbanu
1443 4653 1511 4706 xxv
1536 4654 1648 4703 anno·

234 4780 315 4828 rum
339 4750 396 4828 vei
420 4752 532 4841 circa,
562 4781 645 4830 cum
673 4782 749 4859 quo
776 4754 994 4860 inquisitum
1019 4755 1138 4832 suerat
1162 4784 1229 4860 per
1248 4755 1379 4833 fratres
1400 4757 1649 4863 predicatores
