4230 5956
733 480 928 573 rnocrts
956 501 1051 572 nus
1075 499 1377 572 reuellens.
1691 503 1764 576 sar

349 622 544 725 umbilico,
567 657 604 716 et
629 656 755 745 postea
780 640 819 715 in
839 668 921 728 ore,
950 659 987 717 et
1010 657 1174 746 apostata
1199 669 1325 725 cruce,
1353 639 1440 716 fecit
1470 667 1556 715 eum
1585 642 1767 749 abnegare

347 798 427 847 eam
452 789 521 858 ter,
547 787 583 846 et
607 769 803 848 Christum
816 771 881 877 qui
907 772 947 847 in
968 799 1011 849 ea
1029 799 1158 877 passus
1177 770 1314 856 fuerat,
1338 788 1376 847 et
1394 772 1561 877 precepit
1576 770 1647 847 sibi
1663 775 1768 878 quod

345 930 422 978 non
445 901 600 978 baberet
623 928 703 978 rem
730 930 815 978 cum
839 902 1078 992 mulieribus,
1101 901 1229 978 dicens
1255 901 1324 977 sibi
1351 901 1456 1006 quod
1477 901 1563 978 satis
1589 919 1695 981 erant
1720 904 1767 979 de

345 1033 578 1120 hominibus,
606 1032 730 1109 dando
760 1032 829 1108 sibi
857 1032 1068 1122 licenciam,
1101 1033 1308 1109 secundum
1336 1032 1439 1137 quod
1461 1030 1530 1107 sibi
1559 1030 1765 1120 ridebatur,

345 1164 448 1267 quod
468 1163 623 1240 haberet
638 1192 717 1240 rem
737 1163 933 1241 carnaliter
952 1193 1037 1240 cum
1059 1165 1287 1241 bominibus.

400 1295 614 1400 Requisitus
633 1322 702 1401 per
714 1297 972 1402 juramentum
997 1326 1105 1374 suum
1126 1313 1252 1374 utrum
1277 1297 1327 1384 vi,
1352 1295 1409 1371 rel
1432 1311 1535 1370 metu
1561 1312 1766 1372 tormento-

344 1452 444 1511 rum,
457 1423 515 1500 vel
530 1425 665 1501 timore
683 1426 840 1533 alicujus
849 1455 962 1534 pene,
980 1456 1047 1504 seu
1062 1427 1132 1504 alia
1150 1453 1384 1534 quacumque
1398 1425 1583 1512 decanea,
1600 1424 1764 1531 aliquam

343 1552 538 1630 falsitatem
552 1554 718 1645 dixisset,
729 1556 786 1633 vel
798 1558 988 1633 veritatem
1005 1557 1193 1645 tacuisset,
1204 1556 1295 1632 dixit
1307 1556 1637 1662 perjuramentum
1652 1582 1764 1633 suum
1858 1562 1863 1569 '

343 1683 446 1786 quod
466 1710 556 1772 non,
580 1685 696 1761 immo
715 1713 860 1761 meram
881 1705 917 1763 et
944 1715 1073 1792 puram
1095 1687 1285 1764 veritatem
1307 1684 1414 1773 dixit,
1437 1703 1590 1790 propter
1606 1684 1761 1761 salutern

343 1841 463 1888 anrme
487 1843 565 1890 sue.

397 2075 613 2162 ltemanno,
629 2076 836 2164 indicione,
851 2103 994 2163 mense,
1015 2077 1095 2163 die,
1117 2076 1335 2180 pontificatu
1349 2092 1496 2151 stanno
1512 2074 1704 2180 predictis,
1724 2077 1762 2152 in

340 2204 498 2308 predicti
517 2204 953 2310 inquisitoris-nostrum
963 2206 1200 2282 notariorum
1221 2222 1258 2281 et
1271 2206 1425 2282 testium
1444 2203 1761 2310 infrascriptorum

339 2334 530 2438 presencia
555 2334 796 2439 personaliter
820 2336 1042 2412 constitutus
1067 2334 1179 2412 lrater
1203 2336 1387 2412 lohannes
1417 2334 1463 2410 de
1491 2336 1628 2413 Sancto
1654 2336 1761 2443 Lupo

340 2465 514 2570 magister
533 2465 668 2541 domus
687 2464 735 2540 de
756 2464 920 2542 Soisiaco
935 2466 1037 2570 juxta
1058 2463 1342 2552 Taverniacum,
1358 2464 1627 2571 quinquaginta
1646 2493 1762 2544 anno-

340 2622 423 2669 rum
437 2594 495 2670 vel
514 2595 629 2682 eirca,
653 2611 696 2670 ut
715 2593 878 2682 dicebat,
903 2593 1037 2671 eodem
1057 2594 1172 2671 modo
1186 2595 1332 2700 juratus
1355 2595 1479 2672 dicere
1499 2595 1547 2671 de
1568 2621 1606 2671 se
1624 2613 1662 2672 et
1679 2597 1761 2683 aliis

340 2725 378 2798 in
399 2748 508 2801 causa
526 2724 615 2802 [idei
634 2752 766 2830 puram
786 2742 824 2801 et
844 2724 1026 2831 integram
1046 2725 1251 2815 veritatem,
1275 2742 1313 2802 et
1332 2728 1579 2831 interrogatus
1596 2726 1643 2803 de
1663 2743 1761 2803 tem-

339 2882 430 2957 pore
446 2873 483 2932 et
498 2855 614 2932 modo
634 2855 861 2960 recepoionis
880 2883 946 2933 sue
966 2857 1005 2932 in
1026 2857 1159 2933 ordine
1179 2856 1492 2962 Templariorum,
1509 2854 1601 2932 dixit
1618 2884 1687 2961 per
1695 2857 1760 2962 ju·

339 3000 547 3060 ramentum
563 3010 684 3060 suum
709 2985 813 3090 quod
836 2985 962 3092 viginti
988 2986 1074 3062 anni
1101 3003 1190 3062 sunt
1219 2986 1331 3092 elapsi
1357 2985 1463 3092 quod
1489 3002 1661 3091 receptus
1685 2985 1759 3067 ¹luit

338 3112 438 3218 apud
457 3114 708 3220 Latigniacum
727 3115 890 3204 Siecum,
911 3144 980 3222 per
1002 3118 1206 3223 quemdam
1230 3116 1380 3194 fratrem
1404 3116 1493 3193 dicti
1520 3115 1664 3192 ordinis
1690 3115 1757 3222 qui

337 3243 534 3320 vocabatur
556 3245 669 3322 lrater
692 3246 864 3324 Nicolaus
888 3249 918 3323 F
920 3248 1122 3355 lamingus,
1150 3266 1187 3324 et
1209 3246 1280 3324 fuit
1305 3263 1477 3352 receptus
1503 3244 1553 3322 de
1582 3245 1757 3324 mandato

336 3374 457 3450 fratris
476 3376 655 3453 lobannis
670 3376 718 3453 de
733 3378 863 3456 Turno
878 3394 968 3454 tunc
980 3377 1203 3457 thesaurarii
1218 3378 1396 3467 Parisius,
1418 3375 1653 3484 presentibus
1667 3393 1758 3453 tunc

336 3504 515 3583 fratribus
533 3506 732 3612 Radulpbo
753 3507 801 3584 de
816 3508 1057 3600 Hardeviller,
1076 3511 1240 3587 etlratre
1260 3509 1450 3595 Deodato,
1472 3524 1511 3584 et
1529 3507 1756 3614 quibusdam

336 3635 416 3711 aliis
431 3635 605 3714 fratribus
622 3637 712 3714 dieti
733 3639 891 3727 ordinis,
909 3640 959 3716 de
977 3668 1138 3746 quorum
1153 3639 1368 3718 nominibus
1387 3667 1462 3716 non
1477 3638 1704 3725 recordatur,
1720 3654 1757 3714 et

335 3766 407 3842 luit
426 3796 511 3844 curn
532 3796 577 3845 eo
599 3785 768 3876 receptus
788 3771 901 3848 frater
918 3771 1109 3849 lohannes
1132 3772 1178 3848 de
1199 3771 1406 3848 Balemont.
1426 3770 1528 3846 Dixit
1552 3768 1670 3845 eciam
1688 3796 1756 3872 per

330 3897 586 4000 juramentum
605 3927 714 3976 suum
731 3899 852 4006 quod,
879 3918 975 4006 post·
991 3901 1126 3979 multas
1142 3901 1410 4007 promissiones
1429 3900 1475 3977 ab
1494 3899 1583 4005 ipsis
1595 3900 1755 4003 receptis

335 4024 461 4114 lactas,
492 4056 605 4135 super
635 4029 860 4135 quibusdam
875 4030 1134 4108 observanciis
1168 4030 1255 4108 dicti
1288 4030 1445 4119 ordinis,
1473 4028 1545 4104 fuit
1574 4027 1753 4105 traditum

334 4155 550 4233 mantellum
570 4159 627 4235 illi
644 4160 712 4264 qui
732 4160 908 4266 loquitur,
926 4177 964 4237 et
977 4178 1103 4267 postea
1116 4159 1188 4236 fuit
1207 4188 1273 4263 per
1292 4159 1387 4236 duos
1406 4158 1536 4236 fratres
1557 4159 1691 4237 ductus
1705 4160 1755 4236 ed

335 4280 493 4388 partem,
511 4303 549 4362 et
569 4286 641 4365 fuit
659 4289 875 4394 compulsus
894 4317 962 4397 per
980 4318 1044 4367 eos
1064 4290 1247 4395 abnegare
1265 4289 1631 4368 lbesum-Cbristum
1647 4291 1755 4396 cujus

333 4442 464 4522 ymago
490 4435 567 4494 erat
592 4419 736 4525 depicta
762 4420 800 4494 in
823 4418 984 4525 quadam
1011 4447 1118 4496 cruce
1149 4439 1223 4527 que
1252 4390 1695 4505 tenebatur-ciramea,
1717 4436 1754 4496 et

333 4572 467 4649 spuere
492 4548 607 4626 semel
631 4578 740 4655 supra
760 4578 907 4627 crucem
925 4550 1142 4656 predictam.
1164 4551 1265 4626 Dixit
1284 4551 1400 4627 eciam
1420 4579 1487 4656 per
1497 4552 1752 4657 juramentum

333 4704 443 4751 suum
463 4679 566 4784 quod
585 4678 655 4757 luit
678 4679 975 4787 sibi-injunctum
1004 4710 1071 4788 per
1092 4709 1156 4759 eos
1174 4681 1371 4787 quodnon
1392 4680 1547 4758 heberet
1565 4707 1646 4756 rem
1666 4708 1752 4757 cum

333 4805 570 4898 mulieribus,
597 4810 675 4886 sed·
688 4811 718 4888 si
746 4810 935 4888 continere
960 4830 1035 4891 n'on
1060 4829 1201 4917 posset,
1228 4813 1485 4891 commisceret
1503 4839 1543 4890 se
1559 4809 1752 4889 carnaliter
