4230 5956
639 476 834 569 vnocns
860 496 953 567 ons
980 493 1281 566 annectens.
1596 501 1664 571 107

246 641 384 749 quibus
409 639 530 717 credit
553 637 675 714 dictos
695 663 841 714 errores
866 634 1082 711 manifestos
1102 634 1237 721 luisse,
1261 633 1413 709 luerunt
1433 633 1665 743 negligentes

244 773 423 877 quianon
442 784 683 846 correxerunt
703 795 768 842 eos
785 795 854 841 nec
869 765 1191 842 denunciaverunt
1217 764 1390 840 Ecclesie.
1410 766 1466 841 De
1489 767 1665 841 mandato

244 900 481 1007 superiorum
506 898 601 974 vidit
621 896 844 974 elemosinas
865 912 902 971 et
917 894 1208 999 hospitalitatem
1236 894 1501 970 convenienter
1524 895 1607 970 fieri
1629 915 1666 970 et

245 1030 380 1106 servari
397 1029 436 1105 iu
451 1028 630 1105 domibus
646 1026 790 1103 ordinis
810 1024 1005 1130 inquibus
1026 1025 1145 1099 extitit
1165 1041 1433 1111 commoratus,
1461 1043 1499 1100 st
1521 1025 1666 1101 dellen-

247 1159 407 1237 debatur
425 1158 479 1236 eis
498 1186 546 1234 us
562 1156 730 1234 indebite
748 1156 985 1262 acquirerent
1006 1153 1141 1229 ordini.
1171 1154 1328 1229 Audivit
1346 1154 1419 1229 dici
1445 1155 1550 1260 quod
1570 1153 1664 1230 clam

248 1316 378 1364 eorum
398 1287 571 1393 capitalia
590 1285 831 1374 tenebantur,
849 1302 887 1361 et
905 1285 1010 1390 quod
1024 1283 1287 1388 previdebatur
1304 1312 1352 1361 ne
1371 1284 1547 1361 audirent
1564 1302 1666 1361 exte-

247 1418 326 1495 rius
344 1415 449 1522 quod
473 1416 630 1494 interius
649 1413 839 1522 agebatur.
869 1413 1001 1492 Credit
1026 1414 1132 1520 quod
1159 1414 1329 1490 ordinata
1356 1443 1422 1520 per
1445 1415 1664 1519 Magistrum

248 1575 336 1624 cum
364 1564 551 1623 conventu
578 1544 738 1623 fuissent
762 1561 903 1622 servata
929 1545 968 1618 in
995 1560 1075 1620 toto
1103 1544 1252 1631 ordine,
1275 1562 1401 1621 contra
1427 1574 1541 1650 quem
1565 1573 1666 1620 nunc

248 1676 403 1780 grandia
430 1675 616 1762 scaudala,
648 1675 809 1779 suspicio
835 1691 873 1750 et
898 1671 1048 1749 infamia
1075 1691 1163 1750 sunt
1188 1692 1329 1759 exorta,
1353 1691 1389 1750 et
1417 1674 1521 1779 quod
1544 1674 1665 1749 dictus

250 1805 424 1911 Magister
446 1803 636 1882 consessus
655 1802 769 1880 suerit
788 1803 1079 1908 abnegacionsm
1101 1820 1138 1879 et
1157 1804 1390 1908 spuicionem
1410 1803 1606 1907 predictas.

306 1935 521 2040 Requisitus
534 1935 565 2011 si
578 1934 632 2010 sic
643 1932 868 2038 deposuerat
876 1960 1004 2037 prece,
1021 1949 1214 2037 precepto,
1225 1933 1377 2021 timore,
1393 1960 1539 2019 amore,
1557 1932 1663 2017 odio,

250 2064 308 2140 vel
321 2064 522 2170 temporali
537 2062 700 2140 comodo
716 2062 844 2141 babito
858 2062 918 2136 vel
934 2061 1126 2148 babendo,
1143 2060 1338 2165 respondit
1356 2062 1459 2167 quod
1481 2091 1576 2150 non,
1598 2041 1668 2139 ssd

251 2221 320 2298 pro
341 2193 494 2269 veritate
515 2191 692 2281 diceuda3
714 2191 774 2267 cui
798 2190 870 2268 suit
892 2191 1104 2298 injunctum
1131 2191 1237 2296 quod
1263 2219 1339 2267 non
1366 2191 1546 2268 revelaret
1568 2193 1665 2268 banc

250 2351 356 2398 suam
387 2321 683 2427 deposicionem,
706 2347 907 2425 quousque
933 2321 1192 2396 attestationes
1223 2318 1365 2396 luerint
1388 2320 1596 2426 publicatc;
1628 2338 1666 2396 st

250 2479 327 2526 non
349 2448 537 2527 obtulerat
554 2478 595 2526 se
615 2448 662 2524 ad
681 2447 953 2526 deffensionem
969 2448 1132 2537 ordinis,
1155 2466 1193 2526 et
1214 2448 1449 2556 intelligebat
1464 2451 1634 2528 latinum.

306 2715 405 2791 Post·
416 2712 503 2797 bec,
525 2709 720 2786 rediemnt
738 2707 787 2785 ad
804 2708 1044 2814 presenciam*
1056 2712 1277 2788 eorumdem
1295 2712 1537 2790 dominorum
1561 2739 1665 2793 comr

252 2841 507 2919 missariorum
518 2840 677 2947 predicti
693 2839 825 2916 fratres
839 2838 1022 2916 Martinus
1038 2840 1085 2917 de
1098 2843 1226 2919 Monte
1241 2843 1451 2930 Tricbardi,
1475 2843 1665 2920 lohannes

251 2970 420 3047 Durandi
444 2987 482 3046 et
499 2970 689 3047 lohannes
709 2969 757 3044 ds
777 2971 920 3054 lluam,
949 2984 1064 3046 testes
1093 2986 1179 3046 ante
1200 2973 1273 3047 arri
1303 2971 1500 3048 examinati
1529 2966 1666 3077 sigilla·

249 3101 331 3176 tim.
360 3101 407 3176 Et
426 3099 549 3174 dictus
575 3098 775 3186 Martinus,
798 3096 1014 3204 juramento
1040 3128 1108 3205 per
1133 3128 1220 3177 eum
1248 3102 1405 3208 prestito
1435 3102 1482 3177 de
1512 3101 1664 3177 veritate

251 3229 429 3313 dicenda,
451 3228 544 3305 dixit
558 3254 598 3304 se
617 3254 759 3304 errasse
779 3227 819 3302 in
839 3226 1079 3330 deposicione
1097 3257 1166 3335 per
1186 3258 1273 3306 eum
1293 3229 1384 3311 facta
1406 3258 1530 3307 coram
1556 3230 1665 3309 dictis

250 3357 415 3434 dominis
433 3356 697 3434 commissariis
716 3373 754 3434 et
773 3356 976 3433 mentitum
995 3357 1130 3446 luisse,
1152 3377 1191 3437 et
1210 3358 1401 3439 conseruit
1418 3363 1524 3468 quod
1544 3360 1583 3451 in
1606 3386 1665 3435 re-

251 3488 426 3594 cepcione
445 3517 512 3565 sua
527 3487 772 3595 abnegaverat
789 3487 946 3563 Jhesum
962 3490 1010 3566 de
1032 3489 1206 3567 mandato
1223 3492 1424 3598 receptoria
1437 3493 1513 3581 sui,
1531 3491 1569 3567 in
1582 3490 1667 3594 pre-

249 3618 373 3696 sencia
390 3616 547 3695 fratrum
572 3617 638 3723 qui
662 3616 865 3695 adfuerunt
886 3620 983 3696 dicte
1005 3621 1215 3726 recepcioni
1234 3649 1322 3712 sue,
1353 3639 1391 3699 st
1417 3621 1523 3728 quod
1542 3620 1666 3698 dictus

251 3765 422 3854 receptor
438 3746 606 3853 precepit
631 3749 790 3855 siquod
809 3770 959 3857 spueret
976 3779 1089 3858 super
1108 3753 1308 3858 quamdam
1329 3781 1478 3829 crucem
1503 3751 1665 3856 ligneam

252 3880 288 3953 in
304 3906 378 3985 qua
393 3907 470 3956 non
491 3893 570 3954 erat
587 3907 720 3987 ymago
736 3872 930 3971 Crucifixi,
953 3882 1100 3958 allatam
1124 3881 1176 3958 ibi
1195 3910 1263 3987 per
1284 3882 1435 3958 fratrent
1458 3881 1665 3958 Rbbertum

250 4009 297 4085 de
311 4008 464 4100 Chasat,
488 4026 526 4085 et
546 4009 623 4113 ipsc
643 4010 743 4114 spuit
765 4039 842 4089 non
865 4041 978 4119 super
999 4011 1066 4088 sed
1084 4013 1201 4118 juxta.
1222 4015 1264 4089 ln
1291 4012 1373 4088 aliis
1394 4011 1486 4086 dixit
1503 4037 1542 4086 se
1563 4008 1666 4086 nolle

250 4137 395 4240 aliquid
417 4137 619 4214 immutare
643 4137 684 4213 in
713 4167 780 4216 sua
808 4141 1050 4247 deposiciom
1077 4139 1260 4244 predicta,
1283 4157 1320 4215 et
1345 4138 1437 4216 dixit
1455 4138 1560 4245 quod
1581 4166 1667 4244 pre-

252 4265 350 4342 dicta
363 4266 553 4342 consessus
568 4265 691 4344 luerat
705 4296 830 4345 coram
844 4260 995 4346 officiali
1010 4267 1223 4344 Pictavensi.
1240 4268 1452 4375 Requisitus
1466 4297 1535 4375 per
1546 4296 1668 4346 ¹sacra-

252 4411 422 4472 mentum
442 4421 558 4471 suum
578 4423 692 4501 quare
713 4424 798 4474 non
811 4397 955 4474 dixerat
973 4397 1041 4474 ista
1065 4397 1241 4503 predictis
1261 4398 1428 4477 dominis
1451 4400 1668 4476 commissa-

251 4526 315 4602 riis
333 4526 373 4600 in
393 4524 514 4631 prima
533 4524 773 4631 deposicione
792 4556 878 4616 sua,
899 4527 1095 4633 respondit
1115 4528 1220 4633 quod
1242 4547 1393 4636 propter
1413 4527 1608 4606 stultitiam
1630 4547 1668 4604 et

255 4655 495 4732 nescientiam
515 4683 633 4732 suam.
656 4656 871 4762 Requisitus
894 4658 924 4735 si
946 4636 999 4734 de·
1014 4657 1087 4735 boc
1100 4657 1251 4735 locutus
1269 4658 1391 4737 suerat
1409 4659 1520 4737 alicui
1538 4657 1665 4745 alteri,

139 4844 146 4859 .
255 4780 449 4888 respondit
473 4785 577 4889 quod
596 4813 685 4861 non.
707 4786 927 4891 Requisitus
940 4788 974 4865 si
992 4787 1114 4865 fuerat
1143 4816 1211 4894 per
1236 4791 1399 4898 aliquem
1426 4791 1602 4868 inductus
1620 4790 1668 4864 ad

1475 4933 1520 4995 ιίι.
