4230 5956
613 451 620 461 ’
679 455 872 546 esoces
903 472 1001 546 nes
1032 472 1334 547 TEMPLtetts,
1627 479 1711 553 sss

298 614 579 692 intervenerunt
593 614 632 689 in
648 610 746 691 diets
763 638 830 692 sus
844 615 1063 723 recepcione
1078 641 1148 693 nec
1161 632 1257 720 post.
1273 615 1488 721 Requisitus
1503 614 1713 721 sipredicte

292 742 424 819 illicite
444 741 743 820 interveniebant
758 744 1015 822 communiter
1034 760 1072 821 et
1089 743 1233 850 ubique
1256 745 1296 821 iu
1314 743 1600 850 recepcionihus
1622 747 1714 824 elio-

295 897 378 947 rum
393 870 454 948 vel
468 887 570 976 post,
587 871 783 977 respondit
800 873 902 978 quod
922 873 989 962 sie,
1008 890 1047 949 et
1060 872 1165 979 quod
1179 873 1259 980 ipse
1276 872 1485 951 secrrndum
1498 870 1712 978 predictum
1796 899 1797 903 ’

299 1001 457 1079 modom
476 1015 668 1104 receperat
687 996 837 1078 fratrem
859 1003 1012 1080 Petrum
1035 1002 1082 1080 de
1103 1004 1205 1080 Nuce
1224 1002 1464 1091 servientem,
1480 1003 1716 1079 Turonensis

295 1129 470 1218 diocesis,
490 1154 604 1234 quem
618 1128 741 1206 credit
751 1129 890 1222 rivere,
906 1131 945 1208 in
960 1131 1101 1237 capelle
1114 1132 1251 1208 domus
1266 1127 1416 1236 Templi
1433 1129 1481 1207 de
1495 1131 1598 1207 Nuce
1614 1129 1712 1211 dicte

296 1259 472 1359 diocesis,
486 1274 576 1336 sunt
587 1259 736 1336 circiter
753 1284 816 1338 xm
833 1261 941 1355 surii,-
953 1260 1191 1367 presentibus
1202 1256 1381 1338 iratribus
1394 1258 1546 1339 Gsltero
1563 1261 1611 1338 de
1624 1260 1712 1339 Bisc

296 1386 536 1466 Biterioensis
554 1404 592 1464 et
605 1388 896 1467 Andrea-Bernii
918 1390 1173 1468 Mudoviensie
1192 1390 1416 1479 diacouem,
1439 1388 1654 1477 deducetis,
1670 1407 1714 1469 ut

296 1515 427 1592 credit.
456 1515 672 1621 Requisitus
688 1543 806 1623 quere
830 1519 969 1596 feceret
994 1516 1162 1625 predicte
1184 1518 1286 1607 lieri,
1306 1518 1503 1622 respondit
1520 1518 1712 1626 qundpm

295 1671 342 1722 en
364 1645 454 1751 quie
474 1643 596 1723 dictus
620 1664 791 1751 receptor
812 1649 958 1726 dixerat
985 1649 1153 1754 eiqnod
1176 1647 1344 1754 predicte
1368 1646 1497 1724 illicita
1525 1647 1713 1727 debebant

295 1773 378 1850 fieri
403 1790 644 1880 erprecepto
663 1775 818 1852 ordinis.
838 1777 950 1867 Item,
971 1778 1066 1854 dixit
1081 1777 1189 1882 quod
1209 1803 1278 1881 per
1298 1775 1463 1853 eundern
1481 1773 1642 1851 modurn
1660 1777 1714 1852 vi

297 1900 404 1980 deret
428 1903 542 2008 recipi
567 1902 718 1979 intrem
736 1904 948 1982 Gemrrlum
968 1906 1016 1982 de
1027 1904 1173 1982 -Folhos
1195 1902 1446 1982 xantonensis
1461 1902 1621 1979 diocesis
1632 1930 1712 1989 ser-

295 2030 484 2120 rientem,¹
496 2032 544 2106 de
563 2031 672 2136 cujus
685 2032 758 2106 vite
776 2033 834 2109 vel
852 2050 972 2109 morte
987 2060 1064 2109 non
1081 2033 1195 2109 hebet
1212 2029 1496 2117 certitudinem,
1512 2011 1553 2106 in
1572 2030 1713 2136 erpelle

298 2158 396 2236 dicte
409 2159 546 2237 demus
557 2159 606 2235 de
617 2158 775 2251 Tollius,
788 2188 857 2264 per
872 2160 1024 2239 sretrern
1037 2162 1190 2238 Petrum
1204 2161 1253 2238 de
1271 2159 1435 2239 Turonis
1451 2175 1711 2265 preceptorem

297 2286 345 2372 de
361 2288 495 2394 Fremy
513 2288 744 2366 Turonensis
764 2287 938 2381 diocesis,
959 2306 1050 2368 sunt
1062 2290 1210 2367 circiter
1223 2317 1245 2367 ι
1260 2289 1365 2389 enni,
1387 2288 1624 2394 presentibus
1638 2289 1713 2369 l're·

295 2416 418 2497 tribus
437 2419 548 2495 Petro
567 2418 617 2494 de
630 2417 818 2504 Asiniaco,
842 2436 881 2496 ct
895 2419 1088 2524 Stephano
1107 2418 1156 2496 dc
1177 2420 1307 2496 Monte
1326 2418 1446 2495 dcuto
1465 2418 1653 2522 predicto,
1672 2438 1713 2498 et

295 2545 501 2626 Guillelmo
525 2546 574 2624 de
597 2547 722 2624 Bissac
751 2548 1016 2639 servientibus,
1044 2548 1093 2626 de
1118 2574 1284 2654 qrrorum
1308 2529 1381 2623 vite
1404 2546 1463 2623 rel
1483 2564 1609 2624 morte
1632 2576 1710 2627 nnn

297 2676 412 2753 hebet
427 2677 706 2755 certitudinem.
728 2676 832 2756 Vidit
844 2678 961 2755 οοὶιιιι
982 2706 1050 2785 per
1064 2679 1232 2755 eundem
1251 2677 1412 2753 modum
1428 2676 1543 2781 recipi
1558 2675 1711 2756 fratrem

297 2806 451 2882 Petrum
467 2820 700 2912 et··nepotem
723 2803 846 2883 fremis
861 2806 1056 2885 Guillelmi
1075 2809 1187 2912 Juyto
1211 2804 1360 2894 militis,
1377 2805 1483 2910 eujus
1499 2830 1710 2909 cognomen

296 2936 461 3042 ignorem
482 2953 564 3011 eret
586 2951 714 3011 temen
740 2934 865 3024 miles,
890 2952 931 3013 et
950 2936 1023 3013 luit
1042 2952 1214 3041 receptus
1229 2933 1269 3010 in
1288 2931 1452 3039 capitulo
1469 2932 1652 3040 generali,
1670 2933 1711 3011 in

296 3063 436 3169 erpelle
451 3064 591 3142 domm
609 3065 758 3171 Templi
771 3066 819 3144 de
832 3066 933 3144 Auso
948 3065 1172 3149 Pictevensis
1187 3063 1360 3152 diocesis,
1376 3088 1454 3139 non
1465 3060 1601 3138 recolit
1611 3053 1711 3139 bene

295 3221 510 3299 perquem,
526 3210 620 3272 sunt
634 3195 782 3273 circiter
799 3221 845 3274 ιιι
860 3196 948 3273 tnui
958 3246 971 3288 ‚-
988 3213 1027 3272 et
1039 3195 1193 3273 ficerunt
1208 3209 1401 3299 presentes
1420 3190 1533 3267 lntm
1551 3188 1712 3270 Guill'el-

294 3348 380 3400 mus
393 3323 446 3400 du
460 3325 574 3433 Leige
594 3342 803 3430 preceptor·
818 3326 864 3402 dc
887 3326 1061 3432 Repello,
1089 3341 1128 3402 et
1150 3324 1263 3401 freter
1284 3323 1479 3401 lohannes
1501 3320 1713 3399 dessssncto

294 3452 518 3540 Benedicto‚
545 3470 661 3533 restes
693 3481 806 3560 supra
833 3454 1052 3547 examinati,
1086 3471 1124 3531 et
1151 3454 1275 3531 dictus
1302 3449 1532 3531 Guillelmus
1560 3449 1710 3557 loytres,

297 3582 502 3660 avunculus
515 3584 633 3690 ipsius
647 3585 760 3662 Petri.
775 3584 878 3664 Vidit
890 3585 1006 3661 eciem
1022 3614 1090 3690 per
1101 3585 1266 3662 eundem
1283 3582 1443 3660 modum
1455 3578 1569 3686 recipi
1585 3603 1713 3684 quem·

296 3713 383 3790 darn
399 3714 576 3802 militem,
595 3714 702 3820 cujus
722 3741 862 3791 nomen
878 3732 915 3792 et
931 3742 1140 3821 cognomen
1154 3715 1318 3821 ignoret,
1338 3712 1404 3818 qui
1416 3710 1488 3793 fuit
1503 3710 1542 3784 in
1557 3706 1712 3784 servicio

294 3842 385 3920 dieti
406 3843 634 3948 preceptoris
651 3843 701 3921 de
723 3842 901 3948 depelle,
933 3862 971 3920 et
994 3843 1065 3920 luit
1088 3859 1261 3948 receptus
1286 3842 1329 3917 ie
1350 3839 1451 3916 dicto
1475 3833 1641 3941 capitulo
1664 3833 1724 3911 de·

296 3973 397 4050 Auso
414 4000 504 4048 cum
520 3972 620 4050 dicto
640 3975 771 4060 Petro,
791 3973 1044 4078 per-eundem
1060 3991 1100 4049 et
1114 3972 1257 4049 eisdem
1271 3967 1529 4076 presentihum
1543 3961 1711 4069 plurium

296 4099 580 4204 reeepci'onibus
595 4127 674 4177 nou
687 4100 821 4178 recolit
832 4129 872 4177 se
885 4101 1061 4178 adfuisse.
1077 4103 1188 4190 leem,
1204 4098 1297 4175 dixit
1309 4094 1413 4202 qnod
1425 4094 1466 4170 in
1481 4093 1544 4171 ‹lie
1555 4090 1714 4172 Veneris

297 4244 422 4303 sancte
442 4245 656 4304 reverenter
676 4245 717 4306 et
735 4229 869 4307 devote
893 4228 1100 4306 edocebant
1121 4252 1289 4317 crucem,
1316 4241 1355 4302 et
1371 4223 1483 4330 quod
1505 4223 1586 4328 ipse
1610 4222 1709 4330 bene

197 4376 222 4396 ”
298 4354 475 4434 credebat
490 4356 745 4436 ecelesiasticis
753 4359 1013 4447 sacrementis,
1031 4374 1070 4435 et
1081 4356 1203 4434 credit
1216 4355 1323 4463 quod
1339 4354 1404 4432 elii
1421 4353 1555 4431 intres
1567 4350 1713 4431 ordinis

201 4513 206 4521 ·
297 4486 958 4594 eodemmodo-crederent‚etqued
968 4515 1099 4566 eorum
1110 4481 1456 4565 secerdotesdebite
1466 4481 1710 4561 celebrarent.

297 4614 537 4694 Clendestiue
557 4614 848 4720 recipiebantur,
870 4615 988 4694 nullis
1004 4615 1249 4724 pmentibus
1261 4613 1335 4691 uisi
1350 4611 1532 4690 fintribus
1549 4606 1712 4697 ordinis,

204 4737 213 4869 η’
299 4776 342 4845 er
354 4774 432 4855 que
444 4746 566 4825 credit
577 4746 683 4853 quud
698 4746 971 4855 meetnspicie‘
983 4763 1115 4827 coetu
1128 4770 1205 4826 ecs.
1225 4741 1403 4823 Gerdelis
1414 4740 1520 4821 unde
1540 4736 1716 4821 volebant

1518 4875 1568 4937 te
