4230 5956
450 468 520 541 res
820 447 1015 540 esoces
1046 466 1141 538 uss
1172 465 1479 537 rsurnnsss.

440 605 687 686 xantonensis
703 605 881 697 diocesis,
900 635 968 712 per
981 606 1133 683 fratrem
1148 605 1303 682 Petrum
1325 606 1373 681 de
1391 603 1535 682 Madito
1557 605 1718 683 militem
1741 639 1866 715 quon-

441 738 557 828 dam,-
576 735 671 812 circa
695 734 833 812 lestum
858 737 1062 814 Nativitatis
1085 736 1239 813 Domini
1266 735 1437 840 proximo
1461 737 1682 840 preteritum
1708 739 1863 818 luerunt

441 868 587 946 circiter
605 894 669 944 x111
693 867 798 958 anni,
823 867 1062 973 presentibus
1086 866 1263 944 lratribns
1291 869 1401 944 Petro
1425 867 1604 956 Danbon‚
1632 886 1670 944 et
1693 868 1862 950 Gerardo

441 1000 488 1076 de
504 999 540 1075 la
552 998 718 1084 Vernha‚
734 1015 953 1103 preceptore
969 997 1283 1104 Petragoricensi,
1296 1012 1335 1073 et
1349 997 1559 1075 Guillelmo
1585 999 1633 1074 de
1653 998 1777 1078 Plania
1792 1032 1863 1080 ser-

441 1128 644 1217 vientibus,
662 1127 878 1213 deffnnctis,
893 1127 931 1201 in
957 1126 1060 1203 hunc
1080 1128 1261 1202 modum:
1283 1155 1369 1202 nam
1384 1156 1470 1203 cum
1485 1128 1660 1232 peciisset
1673 1160 1810 1236 panem
1827 1153 1863 1211 et

442 1289 577 1369 aquam
597 1258 742 1336 ordinis
753 1275 818 1345 ‚et
832 1256 865 1332 ei
880 1256 1045 1333 concessi
1063 1254 1237 1345 luissent,
1260 1254 1347 1331 lecit
1367 1284 1453 1332 eum
1474 1257 1599 1334 dictus
1614 1278 1785 1366 receptor
1799 1292 1864 1340 vo·

440 1410 526 1470 vere
547 1407 584 1467 et
601 1389 728 1497 jurare
751 1387 974 1477 castitatem,
1000 1385 1282 1474 obedienciam,
1310 1403 1349 1461 et
1374 1387 1496 1463 vivere
1524 1388 1604 1464 sine
1629 1394 1802 1497 proprio,
1826 1413 1863 1470 et

441 1520 618 1625 imposito
639 1519 710 1596 sibi
734 1515 927 1605 mantello,
948 1533 1119 1621 receptor
1134 1532 1170 1591 et
1185 1532 1346 1592 astantes
1362 1516 1519 1593 osculati
1538 1517 1692 1596 fuerunt
1711 1550 1798 1597 eum
1822 1524 1862 1598 in

441 1678 519 1727 ore.
536 1651 711 1754 Postque
727 1648 830 1723 idern
850 1645 1202 1751 receptorprecepit
1216 1645 1276 1732 ei,
1291 1644 1331 1721 in
1346 1647 1538 1750 presencia
1556 1647 1735 1737 aliorum,
1757 1625 1862 1756 qued

441 1782 593 1886 spueret
606 1780 644 1855 in
660 1795 796 1854 terram
808 1836 816 1864 ‚
827 1777 932 1883 juxta
948 1775 1148 1881 quamdam
1168 1804 1317 1852 crucem
1335 1776 1497 1882 ligneam
1514 1777 1554 1852 in
1569 1794 1665 1854 terra
1682 1781 1857 1884 positam,

440 1915 479 1988 in
496 1904 575 2018 ‘qua
596 1936 673 1986 non
694 1925 772 1984 erat
791 1935 926 2013 ymago
951 1904 1145 1993 Crucilrxi,
1169 1905 1287 1981 nescit
1311 1933 1513 2011 perquem
1535 1906 1700 1995 allatam,
1725 1910 1859 2014 etipse

439 2041 543 2127 testis
561 2040 668 2146 spuit
695 2039 734 2114 in
761 2055 899 2114 terram
921 2037 1038 2143 juxta·
1053 2037 1190 2113 dictant
1216 2063 1375 2112 crucem.
1399 2037 1613 2143 Requisitns
1631 2039 1661 2114 si
1682 2038 1785 2114 idem
1803 2070 1861 2117 re-

441 2187 568 2277 ceptor
586 2169 643 2245 vel
668 2169 730 2244 alii
758 2168 930 2244 dixerunt
953 2167 987 2243 ei
1013 2166 1119 2272 quod
1143 2182 1294 2271 spueret
1317 2166 1356 2241 in
1380 2166 1598 2272 despectum
1621 2168 1721 2245 dicte
1743 2173 1860 2247 crucis

439 2299 497 2377 vel
516 2296 709 2386 Crucilixi,
730 2297 788 2374 vel
809 2296 952 2401 aliquid
978 2295 1083 2372 aliud
1103 2295 1277 2373 illicitum
1298 2295 1356 2372 vel
1378 2297 1639 2389 inhonestum,
1665 2302 1860 2406 respondit

440 2429 544 2538 quod
559 2454 653 2516 non,
671 2444 709 2503 et
725 2427 830 2531 quod
845 2454 922 2503 non
936 2426 1173 2533 credit-quod
1190 2426 1335 2533 aliquid
1350 2425 1523 2504 illicitum
1541 2428 1599 2504 vel
1615 2429 1856 2507 inhonestum

439 2557 680 2637 interveniret
699 2557 737 2632 in
751 2556 1035 2662 recepcionibus
1053 2557 1214 2634 alior'urn
1231 2557 1388 2635 fratrum
1407 2557 1553 2635 ordinis
1569 2557 1626 2634 vel
1647 2575 1749 2663 post,
1770 2561 1858 2665 quia

438 2718 515 2767 non
535 2687 676 2766 audivit
695 2688 768 2763 dici
789 2716 859 2764 nec
878 2688 971 2765 vidit
990 2686 1153 2794 aliquem
1176 2687 1292 2763 alium
1313 2688 1440 2793 recipi.
1459 2689 1570 2776 ltern,
1590 2688 1682 2765 dixit
1701 2717 1741 2766 se
1759 2689 1858 2766 bene

440 2822 593 2899 credere
613 2817 868 2896 ecclesiasticis
885 2817 1140 2904 sacramentis,
1163 2834 1201 2893 et
1215 2817 1320 2923 quod
1334 2816 1396 2893 alii
1415 2816 1547 2894 [ratres
1563 2817 1706 2895 ordinis
1721 2820 1857 2896 eodem

439 2950 554 3027 modo
569 2925 783 3040 crederent,
801 2965 838 3023 et
853 2946 957 3053 quod
974 2975 1105 3024 eorum
1120 2947 1333 3024 sacerdotes
1347 2946 1476 3023 debite
1491 2945 1734 3023 celebrarent.
1750 2948 1857 3026 Clan-

440 3081 584 3157 destine
602 3078 888 3184 recipiebantur,
903 3078 1020 3154 nullis
1032 3077 1271 3184 presentibus
1282 3077 1353 3154 nisi
1368 3077 1546 3154 fratribus
1561 3076 1721 3153 ordinis.
1739 3075 1857 3154 Audi-

438 3209 489 3286 vit
510 3208 584 3284 dici
605 3224 690 3283 ante
709 3235 823 3313 quarn
849 3208 1003 3285 intraret
1026 3209 1169 3284 dictum
1195 3206 1385 3298 ordinem,
1411 3205 1458 3282 ab
1478 3204 1654 3283 Arnaudo
1676 3207 1724 3283 de
1748 3207 1857 3284 rluri-

438 3337 529 3414 lolio
543 3337 590 3413 de
604 3337 738 3414 Coerel
751 3338 1042 3444 Engolismensis
1057 3338 1226 3425 diocesis,
1243 3353 1376 3442 patruo
1389 3336 1507 3441 ipsius
1518 3336 1634 3428 testis,
1650 3335 1853 3429 deffnncto,

439 3468 1110 3574 inquadamtabernavilledeGoerta,
1124 3468 1228 3573 qnod
1241 3467 1362 3543 dictus
1373 3466 1571 3542 rlruaudus
1580 3466 1771 3544 audiverat
1782 3469 1854 3544 dici

438 3627 457 3672 a
476 3598 704 3705 quibusdam
722 3598 802 3675 aliis
822 3598 1071 3687 secularibus,
1094 3626 1257 3703 quorum
1278 3597 1429 3672 nomina
1451 3612 1489 3671 et
1508 3597 1731 3704 cognomina
1750 3598 1856 3703 igno—

437 3745 511 3821 rat,
535 3728 638 3834 quod
663 3729 702 3803 in
725 3730 841 3806 domo
862 3730 1012 3834 Templi
1034 3729 1082 3805 de
1101 3727 1259 3832 Rupella
1279 3745 1358 3802 erat
1378 3726 1569 3832 quoddam
1590 3727 1764 3832 ydolum,
1788 3730 1854 3805 sed

436 3859 590 3935 nescivit
610 3857 795 3934 declarare
818 3858 939 3934 dictus
953 3860 1058 3934 testis
1075 3858 1236 3962 amplius
1253 3857 1300 3932 de
1324 3856 1614 3932 circumstanciis
1626 3856 1715 3931 dicti
1732 3856 1851 3961 ydoli,

436 4014 506 4063 nec
524 3988 790 4064 recordabatur
811 3988 874 4093 qui
902 3987 1051 4064 fuerant
1071 4005 1262 4093 presentes
1281 4014 1369 4062 cum
1396 3985 1519 4061 dictus
1540 3984 1739 4062 Arnaudus
1761 3985 1855 4062 dixit

436 4115 507 4191 sibi
527 4115 708 4221 predicta,
727 4118 794 4194 sed
815 4118 1059 4222 postmodum
1076 4117 1193 4194 nichil
1214 4116 1399 4193 intellexit
1414 4117 1463 4192 de
1483 4114 1587 4192 dicto
1600 4114 1714 4221 ydolo
1730 4116 1788 4191 vel
1808 4117 1855 4193 de

436 4244 535 4335 aliis,
561 4274 630 4322 nec
654 4248 899 4356 investigavit,
929 4266 972 4325 ut
999 4249 1102 4325 dixit.
1129 4248 1308 4326 Cordulis
1332 4245 1435 4322 unde
1458 4245 1635 4326 volebant
1656 4247 1856 4350 assumptis

434 4376 679 4486 cingebantur
702 4409 815 4485 super
839 4381 1006 4455 camisias
1033 4409 1118 4456 cum
1143 4379 1281 4485 quibus
1301 4376 1483 4485 jacebant.
1510 4375 1784 4485 lnjungebatur
1801 4377 1855 4452 eis

434 4508 539 4612 quod
565 4537 642 4586 non
666 4511 874 4586 revelarent
898 4528 1039 4586 secreta
1059 4510 1323 4614 capituliorum
1344 4534 1414 4584 nec
1437 4507 1596 4584 modum
1623 4505 1853 4610 recepcionis

436 4663 520 4726 sue;
542 4640 607 4742 qui
626 4640 849 4716 revelassent
868 4637 991 4742 puniti
1011 4637 1183 4726 luissent,
1200 4638 1268 4715 sed
1286 4637 1405 4715 nescit
1419 4636 1591 4742 qualiter.
1608 4636 1648 4712 Si
1668 4636 1854 4740 quierant

436 4765 734 4845 lratresscientes
745 4795 890 4845 errores
912 4795 990 4842 esse
1007 4769 1044 4841 in
1061 4769 1210 4852 ordine,
1226 4768 1382 4844 luerunt
1402 4767 1651 4873 negligentes,
1672 4765 1851 4870 quianon
