4230 5956
477 424 550 496 asc
862 398 1060 491 rnoons
1084 417 1180 489 nus
1205 412 1505 487 murrinos.

475 563 679 639 astantibus
705 559 969 639 Bartholomeo
996 560 1043 635 de
1070 559 1182 636 Tmri
1212 556 1420 662 capellano,
1446 554 1611 633 Amaldo
1639 554 1767 631 llocba
1799 582 1908 630 oam-

474 694 617 783 hrerio,
638 691 776 768 Jacobo
791 691 840 766 de
854 689 993 768 Oleriis
1005 688 1183 767 [numus
1202 688 1291 766 dicti
1307 687 1466 774 ordinis,
1488 703 1526 764 et
1544 684 1718 791 pluribus
1733 684 1820 761 aliis
1832 683 1907 761 fra

474 824 595 900 tribus
614 824 704 901 dieti
719 821 874 899 ordinis.

530 956 587 1030 De
608 954 723 1029 modo
742 969 869 1027 autem
882 979 949 1027 sue
969 969 1008 1027 et
1026 948 1148 1027 fratris
1163 949 1316 1026 alterius
1331 977 1417 1026 cnm
1436 975 1483 1025 eo
1502 948 1643 1053 recepti
1663 947 1898 1053 receptione,

475 1084 567 1159 dixit
586 1085 625 1159 in
646 1082 782 1159 effectu
802 1083 900 1158 sicut
919 1081 1033 1157 frater
1051 1079 1338 1158 Bartholomeus
1362 1079 1412 1156 de
1435 1081 1574 1166 Turre,
1600 1078 1748 1184 primus
1765 1078 1899 1163 testis,

474 1243 586 1320 supra
605 1212 781 1318 deposuit
795 1241 920 1289 coram
940 1212 1051 1288 nobis
1064 1210 1350 1318 inquisitoribus
1367 1208 1573 1314 prelibatis.

425 1382 428 1387 ·
533 1342 1196 1431 Adlxxxvu,lxxxvuret1dtimum
1223 1340 1399 1418 articulos
1423 1339 1624 1446 diligenter
1646 1356 1686 1414 et
1708 1337 1901 1445 sigillatim

475 1474 740 1580 interrogatus,
758 1474 989 1579 respondens
999 1472 1161 1580 negavit,
1177 1489 1217 1549 et
1229 1471 1323 1547 dixit
1335 1499 1375 1547 se
1387 1498 1456 1546 nec
1470 1471 1564 1548 scire
1576 1497 1648 1546 nec
1657 1469 1813 1546 credere
1829 1498 1901 1546 nec

476 1604 659 1681 audivisse
669 1603 792 1710 aliqua
799 1621 881 1680 toto
892 1602 1142 1708 temporevite
1152 1603 1264 1678 strein
1274 1601 1376 1678 dicto
1386 1600 1519 1677 ordine
1528 1601 1576 1676 de
1588 1601 1898 1678 contentisineis.

532 1736 655 1840 Super
666 1734 747 1810 aliis
760 1762 848 1810 vero
862 1731 1153 1810 circumstanciis
1171 1749 1211 1808 et
1227 1730 1496 1808 coherentibus
1513 1729 1681 1806 articulis
1700 1731 1902 1835 preambu-

475 1864 522 1942 lis
541 1866 745 1972 requisitus
771 1881 809 1940 et
832 1864 1032 1970 diligenter
1055 1864 1319 1968 interrogatus,
1341 1878 1444 1937 etan
1466 1859 1591 1966 aliqua
1613 1887 1688 1967 que
1710 1862 1901 1968 negarent

475 1996 646 2073 conliteri
666 1994 754 2071 velit
774 2012 811 2070 et
830 1993 933 2070 aliud
954 1994 1077 2069 dicere
1101 1992 1206 2098 quod
1226 1991 1400 2096 superius
1421 1991 1471 2066 sit
1489 1989 1723 2079 testificatus,
1744 1991 1840 2068 dixit
1859 2019 1900 2068 se

476 2125 569 2202 velle
590 2125 786 2230 persistere
805 2124 843 2200 in
865 2124 1101 2229 interrogatis
1119 2140 1158 2201 et
1174 2148 1197 2199 a
1214 2149 1254 2200 se
1271 2120 1475 2227 responsis,
1498 2146 1622 2227 neque
1641 2120 1736 2199 velle
1757 2121 1900 2199 addere

476 2254 534 2332 vel
555 2252 751 2330 detrahere
771 2253 1006 2358 supradictis.

532 2384 633 2460 Dixit
654 2383 771 2458 eciam
796 2411 836 2458 se
860 2382 999 2457 habere
1024 2381 1192 2458 officium
1213 2381 1372 2458 indicta
1396 2380 1514 2457 domo
1534 2381 1654 2457 Mansi
1679 2381 1901 2458 Deimsto

476 2512 606 2588 diendi
633 2511 798 2617 pecudes
827 2530 865 2589 et
888 2539 1022 2617 pecora
1049 2528 1088 2588 et
1107 2511 1279 2617 jumenta
1303 2510 1530 2616 pertinencia
1560 2511 1608 2588 ad
1632 2511 1791 2588 domum
1816 2540 1901 2617 pre·

476 2642 625 2721 dictam.

532 2907 639 2982 Anno
659 2924 696 2981 et
714 2905 777 2981 die
797 2904 935 3010 quibus
954 2933 1077 3011 supra.

532 3036 626 3112 xvl.
646 3036 776 3110 Frater
800 3035 1042 3143 Raymundus
1068 3037 1268 3112 Descarme
1302 3034 1443 3113 ordinis
1469 3036 1560 3111 dicti
1586 3037 1735 3144 Templi
1763 3038 1898 3116 domus

476 3164 592 3237 Maosi
610 3165 695 3250 Dei,
714 3165 817 3239 testis
831 3166 979 3269 juratus
995 3166 1042 3242 ad
1057 3182 1181 3241 sancta
1199 3167 1269 3243 Dei
1288 3167 1482 3272 Evangelia
1498 3194 1612 3272 super
1624 3167 1798 3273 predictis
1814 3170 1900 3245 arti·

476 3291 571 3368 culis
590 3308 775 3368 eteorum
791 3292 963 3398 quolibet
981 3294 1054 3369 sibi
1070 3294 1245 3398 expositis
1263 3296 1302 3370 in
1319 3294 1479 3401 vulgari,
1500 3314 1544 3373 ut
1559 3297 1774 3404 principalis
1788 3298 1840 3375 de
1857 3327 1897 3376 se

476 3423 573 3525 ipso,
592 3439 629 3497 et
644 3438 686 3497 ut
698 3423 803 3497 testis
823 3423 869 3497 de
885 3422 984 3513 aliis,
1003 3423 1201 3528 diligenter
1212 3442 1249 3499 et
1261 3423 1449 3529 sigillatim
1464 3427 1729 3534 interrogatus,
1744 3457 1899 3535 respon-

477 3553 569 3630 dens
590 3553 637 3628 ad
658 3555 837 3658 primum,
860 3581 1045 3631 rr-xxxrx
1070 3555 1245 3632 articulos
1259 3557 1452 3647 inclusive,
1472 3560 1618 3665 negavit
1637 3588 1702 3637 eos
1718 3577 1754 3636 et
1770 3562 1897 3637 omnia

476 3701 513 3758 et
526 3684 670 3791 singula
687 3701 858 3759 contenta
878 3685 916 3758 in
932 3686 1002 3774 eis;
1019 3685 1117 3762 salvo
1138 3688 1241 3791 quod
1262 3688 1340 3792 ipse
1360 3689 1426 3793 qui
1445 3687 1613 3794 loquitur
1632 3708 1670 3765 et
1692 3692 1802 3767 ceteri
1824 3691 1897 3765 fia-

476 3831 550 3889 tres
566 3815 654 3890 dicti
673 3814 817 3891 ordinis
832 3843 925 3919 quos
945 3814 1144 3893 familiares
1164 3816 1312 3906 babuit,
1332 3836 1373 3894 et
1392 3818 1493 3893 idem
1514 3821 1632 3897 credit
1651 3821 1699 3896 de
1719 3822 1897 3898 omnibus

476 3943 557 4019 aliis
583 3944 758 4021 fratribus
783 3945 953 4050 ejusdem
979 3945 1137 4035 ordinis,
1160 3974 1280 4022 unum
1305 3949 1426 4024 Deum
1452 3966 1490 4024 et
1511 3950 1716 4027 Dominum
1741 3952 1896 4029 Jhesum

476 4072 662 4148 Christum
690 4075 847 4150 credunt
874 4074 986 4151 fuisse
1010 4103 1158 4180 passum
1179 4105 1247 4182 pro
1267 4078 1532 4184 redempcione
1554 4081 1707 4157 humani
1730 4083 1894 4187 generis,

477 4229 551 4278 non
565 4230 633 4306 pro
649 4204 724 4279 suis
741 4203 959 4292 sceleribus,
977 4234 1052 4311 que
1073 4235 1264 4311 nunquam
1284 4209 1416 4286 habuit
1434 4239 1503 4286 nec
1521 4212 1685 4300 comisit;
1703 4240 1772 4317 pro
1790 4215 1897 4320 cujus

475 4333 620 4409 honore
640 4332 710 4436 ipsi
728 4332 858 4411 fratres
876 4364 1023 4412 crucem
1045 4338 1199 4413 adorant
1217 4338 1373 4444 singulis
1389 4342 1496 4417 annis
1514 4359 1583 4418 ter.

530 4464 658 4540 Credit
678 4465 793 4540 eciam
813 4483 1036 4542 sacramenta
1055 4467 1177 4544 altaris
1189 4496 1318 4546 verum
1337 4498 1432 4563 esse,
1449 4489 1486 4548 et
1499 4474 1600 4550 idem
1617 4474 1737 4550 credit
1752 4474 1800 4549 de
1813 4473 1897 4550 aliis

474 4592 633 4670 Ecclesic
653 4597 907 4685 sacramentis,
925 4615 961 4673 et
978 4598 1016 4672 in
1035 4598 1089 4673 eis
1104 4597 1259 4676 salutem
1278 4602 1430 4677 humani
1451 4604 1596 4707 generis
1611 4605 1807 4681 contineri.

530 4723 628 4798 Dixit
644 4726 759 4800 eciam
774 4754 813 4801 se
829 4728 981 4804 credere
996 4729 1099 4834 quod
1114 4758 1183 4807 nec
1199 4760 1356 4840 magnus
1372 4734 1545 4840 Magister
1560 4763 1629 4811 nec
1641 4735 1762 4842 quivis
1777 4735 1891 4820 alius,
