4230 5956
632 480 826 572 proces
853 498 948 570 nas
974 493 1275 568 inarmans.
1591 505 1660 573 175

303 644 392 717 Acta
407 638 560 732 luerunt
577 638 647 714 hec
663 637 773 714 dictis
795 637 856 714 die
881 654 920 714 et
937 636 1039 723 loco,
1061 636 1298 742 presentibus
1313 639 1489 745 magistro
1503 640 1659 726 Amisio,

247 799 307 848 me
328 768 581 846 Floriamonte
606 767 824 859 Dondedei,
844 784 883 844 et
900 766 982 843 aliis
1001 766 1154 844 notariis
1168 794 1277 873 supra
1291 767 1429 844 ultimo
1447 768 1660 845 nominatis.

246 900 376 977 Dictus
399 917 525 976 tamen
555 896 733 974 dominus
764 896 936 975 Matbeus
962 923 1039 974 non
1067 895 1239 973 interfuit
1264 897 1532 975 examinacioni
1560 901 1664 976 testis

246 1058 357 1134 supra
377 1028 512 1105 ultimo
534 1027 743 1104 exarninati.

305 1291 393 1364 Post
416 1288 503 1377 bec,
521 1286 583 1363 die
602 1287 732 1364 Martis
745 1288 934 1392 sequenti,
954 1314 1029 1394 que
1047 1287 1119 1362 luit
1138 1312 1173 1364 vr
1198 1288 1280 1365 dies
1300 1287 1389 1363 dicti
1409 1288 1548 1364 mensis
1568 1289 1665 1392 apri-

249 1419 312 1505 lis,
341 1416 413 1494 luit
440 1416 626 1493 adductus
647 1415 697 1492 ad
726 1415 955 1522 presenciam
983 1415 1171 1494 dictorum
1191 1415 1431 1494 dominorum
1449 1416 1662 1493 commissa·

249 1550 391 1625 riorum
414 1565 452 1624 et
464 1547 609 1624 domini
629 1545 787 1635 Mathai,
806 1546 845 1623 in
866 1545 982 1623 domo
1002 1546 1169 1650 predicta
1185 1544 1331 1623 domini
1352 1547 1449 1623 Petri
1466 1546 1515 1624 de
1530 1546 1665 1624 Saban-

252 1677 330 1765 dia,
360 1675 474 1753 irater
507 1676 681 1754 Matheus
716 1675 764 1751 de
798 1675 927 1752 Monte
971 1675 1130 1780 Lupello
1161 1677 1369 1782 presbiter,
1403 1677 1665 1783 Lugdunensis

250 1807 426 1895 diocesis,
447 1805 552 1882 testis
571 1832 682 1910 supra
699 1804 863 1910 juratus,
883 1803 1225 1911 quinquagenarius
1250 1804 1308 1880 vel
1329 1805 1441 1893 circa,
1466 1804 1530 1908 qui
1560 1826 1664 1880 man-

250 1935 384 2013 tellum
419 1934 627 2012 voluntarie
658 1933 865 2025 dimiserat,
895 1949 933 2010 et
962 1932 1157 2010 absolutus
1194 1951 1232 2010 et
1261 1931 1520 2009 reconciliatus
1544 1931 1665 2008 luerat

250 2093 318 2168 per
342 2064 541 2141 dominum
565 2062 885 2166 archiepiscopum
916 2063 1194 2148 Turonensem,
1216 2061 1282 2167 qui
1306 2060 1546 2166 inquisiverat
1578 2088 1664 2136 cum
1797 2049 1800 2056 ¹

252 2192 400 2269 eodem.
425 2192 545 2268 Lectis
572 2205 699 2266 autem
723 2206 763 2265 et
787 2188 988 2297 diligenter
1018 2191 1194 2294 expositis
1223 2188 1292 2267 sibi
1328 2189 1507 2267 omnibus
1537 2206 1574 2265 et
1593 2192 1665 2265 sin-

250 2322 349 2428 gulis
377 2319 561 2410 articulis,
583 2317 778 2423 respondit
805 2319 910 2423 quod
938 2345 1015 2395 non
1041 2319 1183 2396 viderat
1208 2318 1373 2425 aliquem
1403 2319 1520 2394 alium
1551 2320 1665 2424 recipi

253 2449 446 2527 inordina
470 2450 540 2527 nisi
560 2447 711 2524 fratrem
730 2447 940 2524 Iohannem
964 2447 1012 2524 de
1033 2446 1142 2524 Buris
1167 2447 1383 2555 agricolam,
1406 2449 1454 2525 de
1469 2449 1577 2556 cujus
1594 2449 1665 2524 vita

253 2580 310 2655 vel
330 2596 453 2656 morte
474 2607 551 2656 uon
579 2577 694 2655 habet
723 2576 1000 2655 certitudinem.
1029 2577 1107 2670 Qui
1133 2595 1306 2684 receptus
1328 2576 1451 2655 luerat
1480 2604 1553 2655 una
1578 2606 1665 2655 cum

254 2709 335 2813 ipso
369 2726 481 2796 teste,
507 2736 575 2814 per
603 2706 755 2783 fratrem
779 2708 934 2783 Petrum
964 2706 1012 2783 de
1045 2706 1154 2784 Buris
1175 2708 1382 2812 quondam,
1407 2723 1665 2812 preceptorem

252 2857 343 2914 tunc
358 2837 507 2916 ballivis
528 2838 575 2914 de
590 2835 702 2913 Buris
720 2836 966 2942 lingonensis
987 2835 1161 2922 diocesis,
1184 2837 1223 2911 in
1239 2834 1380 2942 capella
1398 2834 1534 2912 domus
1553 2839 1666 2912 Tem-

254 2967 307 3070 pli
329 2965 465 3044 d'Onse
492 2966 654 3043 diocesis
673 2967 875 3054 Eduensis,
904 2965 1022 3070 prima
1049 2965 1113 3041 die
1138 2965 1252 3072 hujus
1264 2965 1567 3074 quadragessimo
1585 2966 1666 3043 luc·

253 3112 343 3172 runt
370 3095 516 3172 circiter
544 3121 632 3172 svin
657 3096 763 3182 anni,
787 3093 1025 3200 presentibus
1049 3093 1227 3171 fratribus
1246 3094 1446 3172 Dominico
1472 3094 1667 3201 d’Espallre

254 3226 500 3332 Lingonensis
513 3226 691 3314 diocesis,
706 3226 773 3331 qni
788 3224 859 3302 init
872 3241 1004 3330 captus
1017 3250 1103 3301 cum
1117 3225 1216 3314 aliis,
1232 3224 1439 3304 Guillelmo
1456 3226 1503 3303 de
1519 3227 1665 3318 Ancum

255 3355 463 3434 Guillelmo
482 3354 660 3433 celerario
685 3355 785 3432 dicte
806 3353 959 3445 domus,
987 3354 1035 3431 de
1057 3356 1165 3462 cujus
1186 3357 1409 3463 cognomine
1426 3381 1503 3435 non
1519 3357 1664 3445 recolit,

255 3485 518 3576 servientibus,
546 3513 643 3590 quos
666 3485 787 3562 credit
818 3485 985 3562 obiisse:
1012 3485 1114 3561 unde
1141 3486 1343 3576 nesciebat,
1375 3513 1444 3563 nec
1471 3487 1665 3579 credebat,

256 3643 324 3691 nec
357 3615 548 3692 audiverat
581 3615 655 3691 dici
686 3613 733 3691 de
759 3615 945 3691 contentis
968 3615 1007 3692 iu
1041 3616 1095 3691 eis
1123 3616 1194 3694 nisi
1224 3616 1328 3720 quod
1360 3618 1540 3722 nequitur.
1569 3617 1668 3693 Dixit

258 3743 357 3819 enim
391 3745 601 3849 quodcum
630 3744 710 3848 ipae
736 3759 774 3819 et
803 3743 926 3821 dictus
955 3745 1142 3826 lohannes
1176 3746 1223 3822 de
1254 3747 1363 3822 Buris
1392 3745 1685 3851 requisivissent.

257 3899 391 3974 panem
418 3890 456 3949 et
481 3900 614 3979 aquam
645 3888 684 3948 et
704 3873 918 3950 societatem
951 3874 1095 3950 ordinis
1123 3902 1208 3951 cum
1232 3875 1427 3964 instancia,
1450 3890 1487 3950 ct
1505 3874 1559 3949 eis
1577 3898 1667 3948 con-

257 4027 356 4079 cessa
375 4000 556 4093 luissent,
579 3999 669 4079 fecit
694 4028 762 4079 eos
786 4026 921 4078 vovere
944 4019 981 4077 et
1004 4003 1130 4108 jurare
1150 4002 1370 4090 castitatem,
1387 4001 1664 4092 obedienciam,

259 4144 297 4203 et
315 4128 436 4205 vivere
452 4129 534 4206 siue
548 4130 721 4236 proprio,
740 4157 884 4207 semare
907 4129 1029 4207 bonos
1046 4156 1137 4206 usus
1163 4146 1201 4205 et
1216 4126 1335 4205 bonas
1359 4129 1664 4219 consuetudines,

259 4253 482 4331 elemosinas
509 4272 550 4332 et
563 4257 662 4333 bona
691 4257 852 4343 ordinis,
873 4274 912 4333 et
938 4284 1016 4333 uon
1043 4255 1207 4334 revelare
1235 4273 1376 4334 secreta
1402 4258 1666 4364 capituliorum
1705 4347 1708 4351 ,

259 4410 329 4459 nec
342 4382 501 4460 modum
520 4385 748 4488 recepcionis
772 4411 922 4472 eorum,
938 4400 978 4460 et
996 4383 1102 4488 quod
1121 4408 1199 4461 nou
1226 4382 1369 4460 exirent
1393 4384 1567 4464 ordinem
1586 4388 1667 4464 sine

260 4510 414 4588 licencia
434 4513 673 4617 superiorum
693 4537 865 4600 suorum3
885 4527 924 4588 et
943 4511 1127 4618 impositis
1144 4511 1202 4588 eis
1217 4511 1420 4606 mantellis,
1442 4531 1615 4621 receptor
1632 4534 1669 4593 et

260 4654 420 4718 astantes
438 4639 594 4717 luerunt
606 4667 671 4718 eos
690 4639 846 4719 osculati
863 4641 903 4717 in
923 4668 1005 4732 ore,
1025 4657 1064 4718 et
1080 4641 1203 4719 dimas
1221 4660 1392 4748 receptor
1416 4645 1590 4723 iustmrit
1604 4667 1668 4724 eus

261 4768 419 4874 qualiter
439 4787 612 4879 regerent
625 4796 665 4848 se
685 4770 724 4846 in
744 4770 894 4858 ordine,
913 4787 952 4848 et
970 4770 1074 4876 quod
1088 4770 1255 4876 jacerent
1275 4771 1386 4851 lineis
1406 4775 1535 4854 cinmis
1558 4800 1670 4883 super
