4230 5956
419 445 492 521 sto
808 425 1004 519 raocts
1030 443 1125 515 uss
1151 440 1450 513 rsurmsrs.

417 585 577 676 ordinis,
598 585 831 690 inquisitoris
850 584 1015 662 heretice
1029 581 1218 688 pravitatis
1242 581 1281 655 in
1304 608 1421 684 regno
1439 581 1594 658 Francis
1613 583 1834 659 auctoritate

417 715 619 821 apostoliea
659 716 842 820 deputati,
881 732 1049 790 nostrum
1086 710 1317 788 notariorum
1346 710 1583 817 publicorum
1614 729 1652 787 et
1682 714 1834 788 testium

417 845 734 951 infrascriptomm
774 845 963 949 presencia
1006 840 1247 947 personaliter
1285 840 1516 920 constitutus
1560 839 1673 918 frater
1712 842 1835 919 dictus

417 975 633 1062 Touzsains,
661 975 765 1051 etatis
788 975 938 1079 triginta
966 973 1129 1049 duorum
1154 998 1354 1059 annorum,
1377 970 1525 1078 juratus
1547 970 1597 1047 ad
1618 990 1742 1049 sancta
1764 973 1833 1049 Dei

416 1104 617 1213 Evangelia
635 1103 704 1180 sibi
726 1120 889 1185 ostensa,
913 1120 951 1178 et
968 1129 1081 1177 manu
1099 1101 1250 1205 propria
1262 1118 1374 1189 tacta,
1397 1102 1445 1177 de
1465 1129 1505 1178 se
1526 1117 1564 1177 et
1578 1099 1660 1176 aliis
1674 1101 1714 1178 in
1730 1130 1836 1179 eausa

418 1232 508 1311 fidei
532 1234 657 1311 dicere
684 1235 894 1319 veritatem,
917 1250 954 1308 et
978 1231 1225 1336 interrogatus
1245 1231 1293 1307 de
1311 1247 1482 1338 tempore
1501 1248 1539 1307 et
1557 1232 1672 1309 modo
1692 1260 1760 1310 sue
1779 1261 1837 1308 re·

418 1364 623 1469 capcionis,
656 1363 747 1439 dixit
779 1391 847 1468 per
871 1364 1128 1468 juramentum
1158 1388 1268 1438 suum
1297 1360 1410 1467 quod.
1431 1374 1604 1466 receptus
1637 1361 1710 1438 luit
1735 1362 1836 1467 apud

417 1491 661 1600 baigneville,
678 1519 746 1597 per
760 1491 912 1568 fratrem
930 1488 1169 1596 Radulphum
1186 1490 1234 1567 de
1251 1490 1335 1566 Bria
1351 1506 1609 1595 preceptorem
1623 1489 1770 1567 ballivis
1786 1492 1835 1566 de

418 1622 630 1710 hloissiaeo,
652 1650 772 1698 annus
791 1639 828 1697 et
848 1620 1026 1697 dimidius
1038 1636 1095 1695 est
1113 1617 1260 1723 elapsus
1272 1620 1331 1695 vel
1346 1619 1460 1708 circa,
1473 1620 1709 1725 presentibus
1722 1619 1834 1696 fratre

417 1750 584 1827 iohanne
603 1750 650 1826 de
670 1751 796 1827 Furno
810 1768 847 1827 et
862 1749 1058 1854 Radulpho
1073 1747 1241 1826 Guceran
1262 1748 1351 1824 dicti
1372 1748 1531 1837 ordinis,
1555 1765 1592 1824 et
1610 1749 1834 1854 quibusdam

418 1879 498 1957 aliis
517 1879 564 1955 de
585 1908 748 1985 quorum
770 1879 986 1956 nominibus
999 1905 1074 1953 uon
1089 1875 1231 1954 recolit.
1249 1877 1351 1954 Dixit
1370 1878 1487 1954 eciam
1501 1905 1570 1982 per
1580 1880 1833 1985 juramentum

418 2037 530 2097 suum
541 2012 660 2114 quod,
682 2026 767 2114 post
779 2008 915 2086 multas
929 2007 1199 2113 promissiones
1212 2006 1260 2082 de
1275 2008 1421 2083 statutis
1436 2023 1473 2084 et
1488 2007 1733 2085 observanciis
1746 2010 1833 2085 dicti

419 2139 561 2216 ordinis
579 2138 817 2215 observandis
837 2137 948 2214 factas
967 2137 1013 2213 ab
1034 2165 1096 2225 eo,
1119 2152 1157 2213 et
1176 2136 1355 2214 mantello
1367 2134 1446 2213 sibi
1467 2138 1590 2242 posito
1609 2138 1657 2213 ad
1677 2138 1832 2226 collum,

419 2267 541 2347 dictus
556 2268 739 2371 recipiens
753 2267 917 2343 ostendit
935 2265 1006 2342 sibi
1023 2292 1171 2342 crucem
1185 2266 1224 2342 in
1237 2295 1312 2373 qua
1332 2285 1410 2343 erat
1421 2295 1555 2373 ymago
1570 2267 1685 2345 lbesu
1698 2268 1834 2346 Christi

418 2395 601 2482 crucifixi,
627 2412 665 2471 et
691 2395 820 2500 petivit
844 2396 890 2472 ab
915 2423 961 2470 eo
987 2394 1107 2472 dictus
1134 2396 1317 2501 recipiens
1338 2413 1467 2473 utrum
1496 2396 1663 2474 crederet
1684 2397 1721 2472 in
1747 2425 1834 2473 eum

418 2524 525 2630 cujus
549 2541 627 2600 erat
650 2523 702 2599 ihi
728 2520 845 2629 figura
871 2525 1033 2629 depicta,
1055 2525 1121 2630 qui
1140 2524 1337 2631 respondit
1353 2525 1459 2630 quod
1479 2525 1548 2616 sic,
1570 2544 1607 2601 et
1624 2543 1715 2602 tunc
1733 2555 1834 2603 com-

417 2654 513 2759 pulit
533 2682 619 2731 eum
641 2653 687 2730 ad
703 2654 962 2762 abnegandum
981 2654 1134 2733 Jhesum
1150 2655 1342 2732 Christum
1359 2672 1398 2731 et
1415 2655 1628 2760 spuendum
1650 2674 1707 2732 ter
1725 2685 1835 2762 supra

418 2813 566 2863 crucem
587 2801 625 2862 et
637 2786 859 2892 ymaginem.
879 2787 1128 2891 Interrogatus
1148 2785 1197 2861 de
1216 2801 1301 2862 voto
1326 2785 1517 2875 castitatis,
1536 2785 1630 2861 dixit
1648 2814 1717 2890 per
1733 2788 1836 2893 jura-

419 2933 587 2991 mentum
603 2944 713 2993 suurn
734 2916 837 3021 quod
858 2914 950 2992 dixit
969 2914 1040 2993 sibi
1058 2914 1162 3022 quod
1175 2915 1328 2993 omnino
1343 2914 1546 2993 abstineret
1558 2944 1579 2991 a
1593 2915 1832 3005 mulieribus,

420 3062 457 3120 et
475 3045 505 3119 si
526 3044 627 3121 calor
645 3045 823 3121 naturalis
843 3062 1009 3123 moveret
1029 3073 1131 3134 eum,
1153 3045 1256 3151 quod
1275 3022 1543 3122 commisceret
1554 3073 1593 3120 se
1612 3073 1699 3121 eum
1717 3044 1835 3122 fratri-

419 3172 492 3251 bus
511 3173 600 3249 dicti
619 3173 772 3251 ordinis.
795 3175 1008 3279 Requisitus
1029 3175 1076 3252 de
1097 3176 1244 3264 osculo,
1266 3175 1357 3251 dixit
1370 3203 1437 3281 per
1447 3175 1704 3280 juramentum
1724 3205 1834 3253 suum

420 3301 524 3407 quod
544 3301 729 3379 osculatus
750 3302 820 3379 luit
840 3304 978 3381 dictum
999 3305 1241 3410 recipientem
1258 3306 1296 3380 in
1316 3303 1494 3381 umbilico
1510 3321 1546 3380 et
1563 3305 1602 3379 in
1619 3334 1684 3382 ore
1700 3307 1835 3383 solum-

420 3434 545 3510 modo.

476 3565 727 3671 Interrogatus
737 3583 865 3644 utrum
880 3567 926 3654 vi,
941 3568 998 3643 vel
1011 3585 1116 3645 metu
1134 3568 1290 3644 carceris
1301 3567 1360 3644 vel
1371 3582 1662 3653 tormentorum,
1684 3586 1747 3643 aut
1767 3568 1834 3642 ali-

421 3721 493 3798 qua
508 3692 578 3770 alia
601 3695 648 3771 de
669 3723 794 3784 causa,
817 3697 977 3802 aliquam
995 3697 1193 3775 salsitatem
1208 3698 1357 3786 dixerit,
1374 3714 1437 3774 aut
1454 3698 1643 3773 veritatem
1661 3699 1831 3785 tacuerit,

423 3823 513 3898 dixit
530 3852 598 3928 per
607 3827 862 3931 juramentum
884 3856 992 3904 suum
1008 3830 1112 3933 quod
1131 3857 1224 3917 non3
1247 3830 1361 3905 immo
1377 3828 1467 3903 dixit
1480 3856 1610 3932 puram
1629 3828 1831 3903 veritatem.

476 4087 568 4160 ltem
585 4085 698 4163 frater
711 4089 900 4165 lohannes
913 4088 959 4164 de
975 4087 1237 4194 Laingnevilla‚
1254 4090 1359 4166 etatis
1371 4089 1637 4195 quinquaginta
1651 4116 1833 4165 annorum

421 4214 477 4291 vel
491 4213 602 4303 circa,
615 4217 760 4322 juratus
780 4219 914 4295 eodem
934 4221 1048 4297 modo
1067 4219 1115 4297 de
1135 4247 1176 4295 se
1191 4235 1228 4295 et
1247 4219 1326 4295 aliis
1341 4220 1380 4294 in
1396 4246 1502 4296 causa
1522 4217 1611 4295 fidei
1631 4220 1779 4323 plenam
1800 4237 1836 4295 et

422 4370 553 4448 puram
564 4373 605 4421 ac
616 4345 798 4453 integram
810 4350 935 4425 dicere
944 4351 1157 4439 veritatem,
1174 4367 1212 4458 et
1220 4350 1421 4456 requisitus
1433 4350 1480 4426 de
1491 4366 1661 4454 tempore
1670 4377 1711 4424 ac
1721 4350 1834 4426 modo

421 4501 486 4552 sue
514 4476 758 4580 reeepcionis,
784 4479 875 4553 dixit
898 4508 964 4583 per
984 4480 1240 4585 juramentum
1265 4508 1378 4556 suum
1402 4481 1507 4587 quod
1531 4498 1703 4585 receptus
1724 4479 1835 4555 fuerit

422 4604 520 4706 apud
544 4608 784 4684 Summerens
813 4609 970 4685 diocesis
1000 4610 1275 4700 Anthianensis,
1304 4610 1468 4689 infesto
1498 4613 1613 4688 sancti
1644 4610 1836 4689 Michaelis

420 4729 572 4810 luerunt
599 4737 786 4813 sexdecim
811 4738 913 4825 anni,
934 4766 1002 4842 per
1028 4739 1177 4817 fratrem
1207 4740 1412 4820 Rohertum
1441 4742 1488 4817 de
1513 4741 1649 4818 Sancto
1678 4738 1834 4813 Pentha-
