4230 5956
599 445 795 538 esoces
817 466 916 539 ons
942 464 1243 537 rsurmsss.
1552 465 1624 540 aar

211 600 424 708 Requisitus
444 603 474 677 si
492 603 572 679 vult
590 606 787 707 persistere
802 607 841 681 in
857 604 965 682 dictis
984 633 1058 681 ase
1074 606 1261 709 responsis
1280 622 1318 680 et
1335 605 1548 683 confessatis
1567 606 1627 686 vel

210 731 365 835 negatis,
388 748 426 806 et
444 759 489 806 an
508 730 596 808 velit
612 732 735 839 aliqua
754 733 921 811 confiteri
940 733 1146 810 secundum
1165 733 1451 837 veritatemque
1470 762 1490 810 a
1508 764 1547 812 se
1562 764 1633 812 su·

209 861 334 964 perias
350 878 435 936 sunt
455 878 598 966 negata,
620 863 813 968 respondit
831 880 869 940 et
888 863 980 940 dixit
992 892 1031 941 se
1047 865 1140 941 scire
1160 879 1200 939 et·
1215 862 1367 941 credere
1387 863 1492 967 quod
1511 893 1604 967 pure
1616 876 1629 947 ,’

210 992 247 1065 in
255 989 430 1068 omnibus
438 1008 549 1097 etper
561 992 698 1080 omnia,
710 993 842 1071 dixerit
852 993 1054 1080 veritatem,
1067 1022 1087 1069 a
1099 1022 1173 1098 qua
1183 992 1357 1069 recedere
1366 1007 1443 1069 non
1451 992 1624 1069 intendit.

266 1253 373 1327 Anno
394 1267 431 1327 et
450 1250 511 1327 die
530 1251 669 1356 quibus
687 1280 810 1357 supra.

265 1382 341 1457 XX.
371 1383 498 1459 Frater
516 1381 740 1460 Guillelmus
759 1381 808 1459 de
828 1384 989 1459 Terratis
1008 1382 1151 1459 ordinis
1170 1382 1259 1459 dicti
1275 1381 1421 1486 Templi
1440 1399 1477 1459 et
1491 1385 1629 1460 domus

210 1511 326 1588 Mansi
351 1511 439 1600 Dei,
466 1512 571 1588 testis
594 1513 741 1617 juratus
765 1512 813 1588 ad
838 1529 960 1588 sancta
984 1513 1059 1590 Dei
1086 1512 1283 1618 Evangelia
1314 1541 1426 1616 super
1451 1512 1629 1617 predictis

209 1641 373 1716 articulis
392 1657 430 1716 et
450 1668 581 1717 eorum
601 1641 769 1746 quolibet
786 1641 856 1718 sibi
878 1643 1051 1747 expositis
1071 1642 1108 1716 in
1120 1643 1274 1748 vulgari,
1293 1660 1336 1718 ut
1351 1640 1562 1746 principalis
1580 1641 1628 1716 de

210 1797 248 1846 se
263 1770 361 1874 ipso,
385 1787 423 1845 et
442 1787 484 1846 ut
500 1771 606 1848 testis
628 1772 674 1847 de
694 1771 794 1859 aliis,
818 1772 1014 1879 diligenter
1026 1789 1064 1847 et
1079 1770 1265 1875 sigillatim
1286 1773 1550 1878 interrogatus,
1571 1799 1630 1847 re-

210 1898 399 2004 spondens
411 1898 459 1974 ad
479 1900 660 2003 primum,
677 1926 840 1977 rt-mux
855 1899 1030 1976 articulos
1050 1899 1242 1988 inclusive,
1262 1900 1462 2004 diligenter
1475 1917 1512 1976 ct
1526 1900 1629 2005 sigil-

209 2028 313 2104 latim
328 2029 592 2133 interrogatus,
614 2031 759 2135 negavit
773 2029 873 2133 ipsos
887 2029 1060 2105 articulos
1075 2046 1113 2105 et
1122 2030 1245 2106 omnia
1256 2048 1293 2106 et
1302 2028 1448 2138 singula
1460 2047 1629 2107 contenta

74 2201 77 2210 ·
211 2159 250 2233 in
267 2159 336 2246 eis3
358 2158 521 2235 adiciens
539 2157 642 2263 quod
661 2159 692 2237 si
712 2186 869 2264 magnus
887 2159 1062 2263 Magister
1086 2159 1228 2236 ordinis
1253 2159 1412 2265 predicti
1438 2159 1629 2241 confessus

212 2304 268 2364 est
287 2285 468 2394 predicta,
490 2288 668 2365 mentitus
692 2303 747 2365 est
769 2289 808 2363 in
826 2288 1083 2392 capud-suum
1109 2305 1146 2365 et
1172 2287 1263 2366 falso
1283 2289 1398 2365 modo
1418 2318 1486 2393 per
1502 2288 1628 2394 gulam

212 2446 328 2496 suam.

267 2548 325 2623 Ad
344 2573 578 2625 xxx-mm
595 2547 770 2626 articulos
790 2545 985 2637 inclusive,
1008 2546 1206 2653 diligenter
1221 2564 1258 2623 et
1273 2545 1461 2652 sigillatim
1471 2546 1630 2624 interro-

211 2692 332 2781 gatus,
354 2678 583 2789 respondens
601 2679 747 2784 negavit
763 2679 863 2783 ipsos
875 2677 1051 2761 articulos
1064 2695 1101 2753 et
1115 2677 1240 2767 omnia
1252 2694 1290 2752 et
1301 2675 1444 2781 singtda
1457 2692 1629 2752 contenta

211 2805 331 2896 ineis,
354 2826 506 2914 excepto
527 2809 603 2884 oris
622 2808 767 2897 oscado,
788 2806 893 2914 quod
909 2823 985 2884 tam
1001 2836 1021 2883 a
1040 2782 1243 2912 recipiente
1263 2805 1310 2882 ad
1329 2805 1500 2882 ordinem
1515 2833 1628 2909 quam

212 2953 395 3042 arecepto
415 2936 458 3013 sit
473 2937 651 3014 duntaxat
664 2937 705 3015 in
725 2965 803 3015 ore.

268 3066 327 3142 Ad
340 3093 638 3144 xxxiia-xxxva
650 3067 825 3145 articulos
840 3066 1035 3153 inclusive,
1053 3066 1249 3173 diligenter
1265 3081 1306 3141 st
1316 3064 1506 3170 sigillatim
1517 3065 1630 3140 iuter-

211 3213 376 3301 rogatus,
407 3198 638 3305 respondens
658 3199 749 3275 dixit
767 3227 853 3276 vera
873 3226 952 3275 esse
974 3213 1146 3275 contenta
1168 3196 1208 3272 in
1231 3195 1320 3302 ipsis
1351 3193 1534 3283 articulis-3
1550 3194 1628 3271 adi·

211 3328 311 3402 ciens
331 3325 378 3402 de
399 3355 504 3404 more
527 3355 606 3404 esse
630 3327 746 3432 ipsius
768 3327 911 3405 ordinis
935 3324 1042 3431 quod
1065 3325 1193 3402 fratres
1218 3324 1284 3430 qui
1307 3323 1445 3428 recepti
1469 3340 1555 3401 suut
1581 3324 1631 3401 ad

211 3454 334 3558 ipsum
351 3454 522 3558 ordinem
541 3457 764 3561 promittunt
786 3485 854 3562 per
872 3455 1127 3563 juramentum
1151 3484 1191 3531 se
1211 3483 1288 3531 non
1312 3453 1410 3529 exire
1427 3480 1497 3528 nec
1516 3451 1630 3532 relin-

211 3611 327 3689 quere
347 3603 558 3690 susceptum
585 3585 755 3662 ordinem
779 3614 848 3690 pro
874 3586 1004 3690 majori
1024 3584 1082 3659 vel
1104 3582 1241 3657 minori
1264 3580 1355 3667 alio,
1380 3581 1452 3656 nisi
1476 3580 1629 3659 obtenta

210 3713 357 3791 licentia
374 3741 396 3788 a
411 3714 604 3817 superiore
622 3729 843 3816 potestatem
862 3710 1020 3788 habente
1036 3711 1150 3787 dandi
1166 3709 1357 3795 licenciam
1371 3710 1421 3785 ad
1434 3708 1555 3785 alium-
1565 3736 1628 3785 or·

213 3841 340 3918 dinem
359 3843 590 3920 transeundi.

268 3969 327 4047 Ad
344 3973 594 4052 xxxam—lan
608 3974 782 4051 articulos
793 3973 986 4063 inclusive,
1002 3971 1201 4078 diligenter
1216 3988 1254 4049 et
1268 3969 1457 4078 sigillatim
1467 3970 1627 4047 interro

211 4119 332 4208 gatus,
354 4105 584 4209 respondens
603 4105 749 4210 negavit
768 4104 984 4210 simpliciter
1004 4105 1174 4180 universa
1192 4120 1231 4179 et
1250 4101 1392 4208 singula
1408 4101 1447 4177 in
1467 4099 1521 4177 eis
1539 4126 1628 4177 coo·

212 4251 329 4322 tenta,
351 4235 477 4312 dicens
496 4263 535 4312 se
551 4261 621 4312 nec
635 4236 727 4312 scire
744 4262 814 4312 nec
832 4235 986 4313 credere
1000 4233 1063 4311 illa
1077 4261 1145 4310 nec
1164 4234 1287 4340 aliqua
1308 4232 1355 4309 de
1370 4230 1464 4308 illisa

268 4363 326 4441 Ad
344 4364 537 4443 lun-lxx
551 4364 726 4444 articulos
738 4365 931 4455 inclusive,
950 4365 1150 4473 diligenter
1164 4383 1202 4441 et
1220 4362 1407 4471 sigillatim
1425 4362 1631 4464 interroga-

212 4512 283 4584 tus,
296 4497 527 4600 respondens
543 4497 687 4601 negavit
706 4496 830 4573 omnia
848 4513 886 4573 et
899 4495 1044 4605 singula
1057 4493 1288 4572 contentain
1302 4492 1393 4579 illis,
1409 4490 1508 4568 salvo
1518 4490 1629 4595 ¹quod

214 4626 347 4703 latetur
365 4626 485 4733 quod,
509 4626 739 4733 recepcionis
763 4643 931 4732 tempore
955 4624 1110 4703 fratrum
1131 4625 1219 4701 dicti
1241 4621 1401 4714 ordinis,
1423 4619 1632 4727 injungitur

215 4759 268 4834 eis
281 4774 325 4835 ut
344 4775 492 4864 portent
509 4757 687 4864 quasdam
706 4755 878 4835 sordidas
898 4755 945 4835 de
971 4755 1034 4833 filo
1054 4753 1154 4834 lineo
1173 4754 1233 4832 rel
1256 4753 1304 4830 de
1326 4776 1482 4859 canape,
1503 4748 1561 4833 vel
1580 4747 1629 4827 de

300 4915 407 4976 esocis
421 4932 474 4974 nes
489 4930 660 4973 retrectans.
677 4946 718 4959 -
733 4932 766 4973 ιι.
1161 4980 1165 4987 ¹
1423 4903 1463 4966 63
