4230 5956
472 434 546 512 rsa
856 411 1053 505 ruocts
1079 430 1174 502 mss
1200 427 1501 501 rnnrtrsns.

527 575 648 680 Super
672 573 753 650 aliis
780 599 866 649 vero
892 572 939 650 de
968 571 1103 678 quibus
1123 570 1326 675 precipitur
1354 568 1437 645 fieri
1467 565 1661 672 inquisitio
1686 561 1904 670 generalis,

469 724 581 813 prout
609 706 729 781 visum
761 703 831 779 fuit
858 702 957 780 dicto
983 702 1137 811 domino
1164 701 1337 805 episcopo
1366 715 1402 774 et
1422 696 1599 803 predictis
1618 694 1697 772 aliis
1726 693 1908 772 dominis

469 836 654 914 canonicis
675 850 712 910 et
731 832 913 940 religiosis
928 831 1014 908 viris
1034 829 1308 937 inquirentibus
1327 829 1466 934 pariter
1480 855 1568 903 cum
1589 824 1906 930 eodem,requi-

469 967 560 1043 situs
583 965 674 1041 dixit
694 991 732 1039 se
752 962 870 1039 nichil
891 960 1052 1066 amplius
1069 961 1176 1037 scire.

525 1094 633 1172 Anno
650 1111 686 1170 et
706 1094 767 1169 die
782 1091 920 1198 quibus
931 1120 1054 1196 supra.

526 1359 600 1436 Vll.
634 1357 763 1432 Frater
781 1353 1020 1460 Raymundus
1050 1356 1160 1457 Supte
1185 1351 1395 1456 capellanus
1424 1352 1609 1458 presbiter
1633 1350 1897 1433 dictedomus

473 1488 586 1565 Mansi
607 1487 676 1563 Dei
703 1485 840 1560 milicie
860 1484 1026 1589 Templi,
1050 1484 1153 1559 testis
1167 1484 1313 1588 juratus
1330 1510 1444 1588 super
1467 1481 1645 1586 predictis
1664 1482 1832 1560 articulis
1861 1502 1905 1561 et

472 1645 604 1694 eorum
617 1615 787 1721 quolibet
803 1613 873 1690 sibi
896 1614 1069 1719 expositis
1091 1614 1128 1688 in
1145 1611 1303 1718 vulgari,
1326 1628 1369 1688 ut
1388 1611 1602 1716 principalis
1616 1613 1665 1689 de
1684 1641 1723 1689 se
1743 1614 1841 1719 ipso,
1862 1632 1904 1690 et

471 1764 513 1824 ut
528 1747 633 1823 testis
648 1747 695 1823 de
713 1746 793 1822 aliis
809 1744 1005 1850 diligenter
1020 1761 1056 1819 et
1069 1741 1253 1847 sigillatim
1270 1743 1536 1850 interrogatus,
1553 1741 1790 1849 respondens
1801 1742 1902 1820 dixit

471 1907 589 1983 super¹
603 1903 754 1953 1-xx1x
770 1876 946 1952 articulos
967 1873 1166 1963 inclusive,
1189 1873 1335 1978 negavit
1351 1874 1450 1976 ipsos
1465 1872 1641 1950 articulos
1661 1890 1697 1950 et
1712 1874 1840 1951 omnia
1860 1890 1902 1950 et

472 2008 617 2115 singula
645 2023 817 2083 contenta
837 2005 875 2080 in
896 2007 970 2093 eis,
997 2004 1161 2080 adiciens
1178 2031 1217 2079 se
1234 2002 1387 2079 credere
1408 2004 1533 2080 omnia
1554 2020 1596 2080 et.
1612 2003 1752 2109 singula
1772 2033 1900 2081 sacra-

474 2155 596 2214 menta
617 2154 741 2213 sancte
764 2135 833 2212 Dei
849 2135 1030 2224 Ecclesie,
1051 2134 1279 2239 designando
1299 2151 1335 2209 et
1360 2132 1607 2239 specificando
1631 2134 1821 2240 sigillatim
1838 2164 1902 2212 ’sa-

472 2284 658 2344 cramenta
671 2265 848 2370 predicta.
865 2265 967 2342 Dixit
980 2268 1095 2351 eciam
1107 2263 1209 2368 quod
1224 2264 1302 2367 ipse
1317 2281 1354 2339 et
1368 2263 1428 2338 alii
1442 2263 1572 2341 fratres
1586 2292 1651 2340 sua
1665 2265 1901 2343 confitentur

471 2394 796 2501 peccatafratribus
805 2393 1000 2498 capellanis
1008 2393 1174 2498 ejusdem
1185 2393 1339 2481 ordinis,
1350 2423 1436 2485 cum
1446 2393 1735 2472 alteriuseorum
1742 2397 1898 2502 copiam

470 2543 625 2631 possunt
634 2524 790 2615 habere3
803 2524 983 2629 alioquin,
993 2524 1030 2598 in
1041 2550 1171 2599 eorum
1183 2522 1354 2612 deffectu,
1366 2522 1521 2600 licenter
1532 2543 1688 2629 possunt
1696 2525 1801 2603 adire
1811 2526 1900 2604 roli-

469 2657 617 2762 giosum
633 2654 809 2761 aliquem,
826 2670 889 2730 aut
908 2651 1070 2730 finaliter
1083 2652 1333 2758 presbiterum
1350 2653 1514 2759 aliquem
1529 2655 1733 2732 secularem
1750 2655 1898 2734 baben-

470 2786 844 2864 temlicenciamasuo
852 2783 992 2891 prelato
1001 2783 1178 2861 audiendi
1188 2783 1307 2861 aliena
1316 2799 1463 2889 peccata
1474 2801 1512 2861 et
1519 2785 1716 2863 salutarem
1725 2788 1896 2893 peniten-

470 2919 564 2993 ciam
577 2917 795 3025 injungendi
806 2917 994 3002 confessis,
1006 2934 1043 2992 et
1053 2917 1123 2992 hec
1134 2915 1312 3027 dixitesse
1325 2931 1458 2993 statuta
1470 2916 1611 2992 ordinis
1622 2917 1710 2994 dicti
1726 2918 1893 3024 Templi.

527 3046 582 3121 Ad
596 3074 830 3123 xxx-xxxin
845 3047 1018 3123 articulos
1033 3047 1211 3123 inclusive
1228 3046 1425 3154 diligenter
1439 3064 1478 3122 et
1488 3047 1674 3153 sigillatim
1688 3049 1897 3154 interroga·

372 3214 376 3221 ·
470 3193 546 3261 tus,
560 3176 752 3279 respoudit
768 3194 804 3251 et
820 3176 910 3250 dixit
922 3177 1026 3279 quod
1035 3193 1110 3250 tam
1122 3177 1306 3280 recipiens
1315 3205 1428 3282 quam
1439 3195 1610 3283 receptus
1622 3179 1817 3256 addictum
1836 3209 1894 3255 or-

471 3302 597 3378 dinem
613 3304 759 3406 Templi
778 3331 857 3379 sese
873 3305 1029 3380 invicem
1043 3305 1256 3382 osculantur
1268 3307 1306 3380 in
1316 3334 1380 3383 ore
1395 3324 1553 3382 tantum.
1566 3308 1721 3413 Reliqua
1731 3309 1770 3383 in
1781 3308 1894 3386 dictis

470 3433 632 3509 articulis
647 3451 820 3509 contenta
835 3451 872 3508 et
887 3434 1028 3539 singula
1042 3436 1202 3540 negavit,
1226 3452 1263 3509 et
1279 3436 1370 3510 dixit
1388 3465 1425 3512 se
1442 3463 1518 3512 non
1533 3437 1684 3513 credere
1697 3466 1777 3513 esse
1792 3468 1892 3516 vera.

526 3564 583 3639 Ad
599 3591 719 3640 xxxnn
741 3581 778 3638 et
796 3590 940 3641 xxxvnn
960 3565 1342 3654 articulosinclusive,
1357 3567 1554 3671 diligenter
1569 3585 1606 3642 et
1622 3567 1810 3673 sigillatim
1833 3571 1894 3644 in-

471 3712 687 3799 terrogatus,
706 3695 897 3798 respondit
916 3725 954 3770 se
974 3696 1114 3807 nescire
1136 3696 1277 3801 aliquid
1295 3695 1340 3770 de
1360 3697 1539 3772 contentis
1561 3697 1691 3784 ineis,
1722 3728 1767 3774 eo
1788 3699 1892 3776 salvo

469 3825 571 3929 quod
586 3825 710 3930 januis
726 3824 858 3900 clausis
880 3824 950 3899 loci
973 3826 1101 3928 inquo
1123 3842 1292 3931 receptus
1312 3808 1384 3901 suit
1405 3829 1482 3930 ipse
1508 3828 1570 3933 qui
1598 3828 1784 3932 loquitur,
1805 3859 1895 3934 pre-

469 3954 635 4029 sentibus
653 3955 821 4059 ejusdem
835 3954 905 4030 loci
924 3954 1096 4030 fratribus
1111 3956 1176 4059 qui
1191 3972 1281 4030 tunc
1301 3972 1419 4043 erant,
1437 3957 1591 4033 exclusis
1611 3959 1806 4047 extraneis,
1820 3959 1895 4037 fuit

470 4084 546 4186 ipse
568 4101 755 4188 receptus,
779 4102 814 4160 et
829 4102 913 4191 post
933 4084 1012 4188 ejus
1028 4086 1285 4189 reeepcionem
1308 4079 1384 4160 non
1407 4088 1508 4162 stetit
1529 4089 1598 4162 nisi
1618 4117 1685 4192 per
1701 4106 1785 4164 octo
1810 4090 1895 4167 dies

468 4213 505 4287 in
526 4213 660 4288 eodem
680 4212 775 4290 loco,
799 4215 874 4291 Sed
899 4232 1026 4319 postea
1053 4214 1124 4291 luit
1148 4216 1383 4291 transmissus
1403 4218 1450 4292 ad
1472 4246 1641 4293 mansum
1664 4216 1710 4292 de
1735 4217 1896 4325 Garriga

468 4343 610 4419 ordinis
643 4344 812 4450 ejusdem
848 4345 1014 4450 Templi,
1056 4347 1120 4421 ubi
1149 4347 1323 4434 continue
1358 4348 1475 4434 stetit,
1507 4347 1628 4425 donec
1659 4366 1786 4451 captus
1821 4349 1897 4428 luit

468 4472 649 4550 adductus
663 4475 709 4551 ad
732 4475 886 4550 domum
906 4476 1023 4551 Mansi
1044 4475 1135 4564 Dei,
1156 4477 1303 4552 racione
1320 4479 1518 4555 criminum
1539 4479 1659 4555 ordini
1675 4480 1895 4582 supradicto

470 4603 750 4706 impositorum,
769 4622 807 4681 et
826 4605 864 4680 in
881 4605 978 4680 dicta
995 4606 1110 4681 domo
1130 4608 1248 4684 Mansi
1269 4608 1338 4683 Dei
1360 4637 1445 4683 cum
1466 4608 1548 4685 aliis
1566 4608 1744 4685 fratribus
1767 4638 1894 4715 usque

470 4759 569 4805 nunc
588 4735 689 4808 stetit
704 4753 841 4838 captus.
