<?xml version="1.0" encoding="UTF-8"?>
<!DOCTYPE html PUBLIC "-//W3C//DTD XHTML 1.0 Transitional//EN"
    "http://www.w3.org/TR/xhtml1/DTD/xhtml1-transitional.dtd">
<html xmlns="http://www.w3.org/1999/xhtml" xml:lang="en" lang="en">
 <head>
  <title>
</title>
<meta http-equiv="Content-Type" content="text/html;charset=utf-8" />
  <meta name='ocr-system' content='tesseract 3.04.00' />
  <meta name='ocr-capabilities' content='ocr_page ocr_carea ocr_par ocr_line ocrx_word'/>
</head>
<body>
  <div class='ocr_page' id='page_1' title='image "./procsdestemplie01defegoog/procsdestemplie01defegoog_0178.png"; bbox 0 0 4230 5956; ppageno 0'>
   <div class='ocr_carea' id='block_1_1' title="bbox 440 456 1459 547">
    <p class='ocr_par' dir='ltr' id='par_1_1' title="bbox 440 456 1459 547">
     <span class='ocr_line' id='line_1_1' title="bbox 440 456 1459 547; baseline -0.001 -3"><span class='ocrx_word' id='word_1_1' title='bbox 440 475 507 547; x_wconf 82' lang='lat'><strong>152</strong></span> <span class='ocrx_word' id='word_1_2' title='bbox 824 456 1015 547; x_wconf 73' lang='lat' dir='ltr'><strong>Procas</strong></span> <span class='ocrx_word' id='word_1_3' title='bbox 1042 470 1136 543; x_wconf 81' lang='lat' dir='ltr'><strong>oss</strong></span> <span class='ocrx_word' id='word_1_4' title='bbox 1163 469 1459 545; x_wconf 75' lang='lat' dir='ltr'><strong>rennuens</strong></span> 
     </span>
    </p>
   </div>
   <div class='ocr_carea' id='block_1_2' title="bbox 429 590 1854 4898">
    <p class='ocr_par' dir='ltr' id='par_1_2' title="bbox 429 590 1854 4898">
     <span class='ocr_line' id='line_1_2' title="bbox 432 590 1852 723; baseline 0.001 -32"><span class='ocrx_word' id='word_1_5' title='bbox 432 617 534 723; x_wconf 85' lang='lat' dir='ltr'><strong>ginta</strong></span> <span class='ocrx_word' id='word_1_6' title='bbox 549 615 719 721; x_wconf 90' lang='lat' dir='ltr'><strong>quinque</strong></span> <span class='ocrx_word' id='word_1_7' title='bbox 735 590 919 692; x_wconf 88' lang='lat' dir='ltr'><strong>annorum</strong></span> <span class='ocrx_word' id='word_1_8' title='bbox 936 614 993 690; x_wconf 84' lang='lat' dir='ltr'><strong>vel</strong></span> <span class='ocrx_word' id='word_1_9' title='bbox 1012 613 1125 703; x_wconf 90' lang='lat' dir='ltr'><strong>circa,</strong></span> <span class='ocrx_word' id='word_1_10' title='bbox 1147 614 1368 690; x_wconf 88' lang='lat' dir='ltr'><strong>mantellum</strong></span> <span class='ocrx_word' id='word_1_11' title='bbox 1388 613 1532 691; x_wconf 86' lang='lat' dir='ltr'><strong>ordinis</strong></span> <span class='ocrx_word' id='word_1_12' title='bbox 1547 630 1584 690; x_wconf 89' lang='lat' dir='ltr'><strong>et</strong></span> <span class='ocrx_word' id='word_1_13' title='bbox 1598 612 1753 691; x_wconf 79' lang='lat' dir='ltr'><strong>barbam</strong></span> <span class='ocrx_word' id='word_1_14' title='bbox 1772 613 1852 693; x_wconf 85' lang='lat' dir='ltr'><strong>del-</strong></span> 
     </span>
     <span class='ocr_line' id='line_1_3' title="bbox 434 743 1852 851; baseline 0.003 -30"><span class='ocrx_word' id='word_1_15' title='bbox 434 745 567 834; x_wconf 78' lang='lat' dir='ltr'><strong>ierens,</strong></span> <span class='ocrx_word' id='word_1_16' title='bbox 580 745 751 822; x_wconf 91' lang='lat' dir='ltr'><strong>nondum</strong></span> <span class='ocrx_word' id='word_1_17' title='bbox 767 745 961 823; x_wconf 89' lang='lat' dir='ltr'><strong>absolutus</strong></span> <span class='ocrx_word' id='word_1_18' title='bbox 976 773 1045 820; x_wconf 91' lang='lat' dir='ltr'><strong>nec</strong></span> <span class='ocrx_word' id='word_1_19' title='bbox 1056 744 1316 821; x_wconf 91' lang='lat' dir='ltr'><strong>reconciliatus</strong></span> <span class='ocrx_word' id='word_1_20' title='bbox 1326 773 1394 851; x_wconf 93' lang='lat' dir='ltr'><strong>per</strong></span> <span class='ocrx_word' id='word_1_21' title='bbox 1403 743 1579 850; x_wconf 85' lang='lat' dir='ltr'><strong>aliquem.</strong></span> <span class='ocrx_word' id='word_1_22' title='bbox 1593 745 1714 823; x_wconf 81' lang='lat' dir='ltr'><strong>Lectis</strong></span> <span class='ocrx_word' id='word_1_23' title='bbox 1724 765 1852 825; x_wconf 89' lang='lat' dir='ltr'><strong>autem</strong></span> 
     </span>
     <span class='ocr_line' id='line_1_4' title="bbox 435 871 1852 983; baseline 0.006 -35"><span class='ocrx_word' id='word_1_24' title='bbox 435 891 472 949; x_wconf 88' lang='lat' dir='ltr'><strong>et</strong></span> <span class='ocrx_word' id='word_1_25' title='bbox 492 874 691 981; x_wconf 85' lang='lat' dir='ltr'><strong>diligenter</strong></span> <span class='ocrx_word' id='word_1_26' title='bbox 706 874 776 951; x_wconf 91' lang='lat' dir='ltr'><strong>sibi</strong></span> <span class='ocrx_word' id='word_1_27' title='bbox 794 876 967 981; x_wconf 84' lang='lat' dir='ltr'><strong>expositis</strong></span> <span class='ocrx_word' id='word_1_28' title='bbox 982 875 1158 951; x_wconf 90' lang='lat' dir='ltr'><strong>omnibus</strong></span> <span class='ocrx_word' id='word_1_29' title='bbox 1174 891 1211 950; x_wconf 89' lang='lat' dir='ltr'><strong>et</strong></span> <span class='ocrx_word' id='word_1_30' title='bbox 1226 875 1382 983; x_wconf 87' lang='lat' dir='ltr'><strong>singulis</strong></span> <span class='ocrx_word' id='word_1_31' title='bbox 1396 871 1578 965; x_wconf 83' lang='lat' dir='ltr'><strong>articulis,</strong></span> <span class='ocrx_word' id='word_1_32' title='bbox 1599 877 1794 981; x_wconf 78' lang='lat' dir='ltr'><strong>respondit</strong></span> <span class='ocrx_word' id='word_1_33' title='bbox 1813 907 1852 956; x_wconf 89' lang='lat' dir='ltr'><strong>se</strong></span> 
     </span>
     <span class='ocr_line' id='line_1_5' title="bbox 434 1003 1853 1115; baseline 0.006 -36"><span class='ocrx_word' id='word_1_34' title='bbox 434 1003 592 1091; x_wconf 88' lang='lat' dir='ltr'><strong>nescire,</strong></span> <span class='ocrx_word' id='word_1_35' title='bbox 614 1032 684 1081; x_wconf 90' lang='lat' dir='ltr'><strong>nec</strong></span> <span class='ocrx_word' id='word_1_36' title='bbox 703 1005 868 1094; x_wconf 90' lang='lat' dir='ltr'><strong>credere,</strong></span> <span class='ocrx_word' id='word_1_37' title='bbox 891 1034 960 1082; x_wconf 89' lang='lat' dir='ltr'><strong>nec</strong></span> <span class='ocrx_word' id='word_1_38' title='bbox 980 1005 1163 1081; x_wconf 87' lang='lat' dir='ltr'><strong>audivisse</strong></span> <span class='ocrx_word' id='word_1_39' title='bbox 1185 1004 1257 1081; x_wconf 94' lang='lat' dir='ltr'><strong>dici</strong></span> <span class='ocrx_word' id='word_1_40' title='bbox 1275 1004 1322 1081; x_wconf 90' lang='lat' dir='ltr'><strong>de</strong></span> <span class='ocrx_word' id='word_1_41' title='bbox 1339 1004 1524 1083; x_wconf 88' lang='lat' dir='ltr'><strong>contentis</strong></span> <span class='ocrx_word' id='word_1_42' title='bbox 1539 1005 1578 1081; x_wconf 92' lang='lat' dir='ltr'><strong>in</strong></span> <span class='ocrx_word' id='word_1_43' title='bbox 1594 1006 1649 1082; x_wconf 93' lang='lat' dir='ltr'><strong>eis</strong></span> <span class='ocrx_word' id='word_1_44' title='bbox 1663 1006 1734 1082; x_wconf 90' lang='lat' dir='ltr'><strong>nisi</strong></span> <span class='ocrx_word' id='word_1_45' title='bbox 1749 1010 1853 1115; x_wconf 91' lang='lat' dir='ltr'><strong>quod</strong></span> 
     </span>
     <span class='ocr_line' id='line_1_6' title="bbox 433 1135 1854 1245; baseline 0.004 -34"><span class='ocrx_word' id='word_1_46' title='bbox 433 1138 614 1243; x_wconf 88' lang='lat' dir='ltr'><strong>sequitur.</strong></span> <span class='ocrx_word' id='word_1_47' title='bbox 643 1139 724 1245; x_wconf 88' lang='lat' dir='ltr'><strong>lpse</strong></span> <span class='ocrx_word' id='word_1_48' title='bbox 751 1138 907 1244; x_wconf 89' lang='lat' dir='ltr'><strong>quidem</strong></span> <span class='ocrx_word' id='word_1_49' title='bbox 933 1136 1004 1213; x_wconf 84' lang='lat' dir='ltr'><strong>luit</strong></span> <span class='ocrx_word' id='word_1_50' title='bbox 1030 1153 1201 1242; x_wconf 90' lang='lat' dir='ltr'><strong>receptus</strong></span> <span class='ocrx_word' id='word_1_51' title='bbox 1228 1135 1267 1211; x_wconf 91' lang='lat' dir='ltr'><strong>in</strong></span> <span class='ocrx_word' id='word_1_52' title='bbox 1295 1135 1434 1242; x_wconf 89' lang='lat' dir='ltr'><strong>capella</strong></span> <span class='ocrx_word' id='word_1_53' title='bbox 1461 1136 1599 1213; x_wconf 90' lang='lat' dir='ltr'><strong>domus</strong></span> <span class='ocrx_word' id='word_1_54' title='bbox 1625 1136 1779 1243; x_wconf 86' lang='lat' dir='ltr'><strong>Templi</strong></span> <span class='ocrx_word' id='word_1_55' title='bbox 1806 1139 1854 1216; x_wconf 90' lang='lat' dir='ltr'><strong>de</strong></span> 
     </span>
     <span class='ocr_line' id='line_1_7' title="bbox 433 1265 1854 1372; baseline 0.004 -29"><span class='ocrx_word' id='word_1_56' title='bbox 433 1268 535 1346; x_wconf 90' lang='lat' dir='ltr'><strong>Bella</strong></span> <span class='ocrx_word' id='word_1_57' title='bbox 555 1268 768 1347; x_wconf 90' lang='lat' dir='ltr'><strong>Chassanha</strong></span> <span class='ocrx_word' id='word_1_58' title='bbox 789 1268 1064 1346; x_wconf 87' lang='lat' dir='ltr'><strong>Lemovicensis</strong></span> <span class='ocrx_word' id='word_1_59' title='bbox 1089 1267 1264 1358; x_wconf 88' lang='lat' dir='ltr'><strong>diocesis,</strong></span> <span class='ocrx_word' id='word_1_60' title='bbox 1285 1294 1354 1372; x_wconf 91' lang='lat' dir='ltr'><strong>per</strong></span> <span class='ocrx_word' id='word_1_61' title='bbox 1379 1265 1533 1343; x_wconf 69' lang='lat' dir='ltr'><strong>inanem</strong></span> <span class='ocrx_word' id='word_1_62' title='bbox 1551 1266 1785 1345; x_wconf 86' lang='lat' dir='ltr'><strong>Franconem</strong></span> <span class='ocrx_word' id='word_1_63' title='bbox 1805 1271 1854 1348; x_wconf 87' lang='lat' dir='ltr'><strong>de</strong></span> 
     </span>
     <span class='ocr_line' id='line_1_8' title="bbox 433 1397 1854 1507; baseline -0.001 -32"><span class='ocrx_word' id='word_1_64' title='bbox 433 1400 524 1476; x_wconf 89' lang='lat' dir='ltr'><strong>Bort</strong></span> <span class='ocrx_word' id='word_1_65' title='bbox 543 1399 703 1476; x_wconf 89' lang='lat' dir='ltr'><strong>militem</strong></span> <span class='ocrx_word' id='word_1_66' title='bbox 723 1401 935 1507; x_wconf 85' lang='lat' dir='ltr'><strong>quondam,</strong></span> <span class='ocrx_word' id='word_1_67' title='bbox 958 1397 1184 1475; x_wconf 85' lang='lat' dir='ltr'><strong>avunculum</strong></span> <span class='ocrx_word' id='word_1_68' title='bbox 1204 1397 1323 1503; x_wconf 89' lang='lat' dir='ltr'><strong>ipsius</strong></span> <span class='ocrx_word' id='word_1_69' title='bbox 1340 1397 1464 1484; x_wconf 86' lang='lat' dir='ltr'><strong>testis,</strong></span> <span class='ocrx_word' id='word_1_70' title='bbox 1487 1397 1527 1473; x_wconf 92' lang='lat' dir='ltr'><strong>in</strong></span> <span class='ocrx_word' id='word_1_71' title='bbox 1547 1397 1712 1474; x_wconf 89' lang='lat' dir='ltr'><strong>secunda</strong></span> <span class='ocrx_word' id='word_1_72' title='bbox 1727 1399 1854 1477; x_wconf 91' lang='lat' dir='ltr'><strong>Domi-</strong></span> 
     </span>
     <span class='ocr_line' id='line_1_9' title="bbox 434 1527 1853 1637; baseline 0.002 -32"><span class='ocrx_word' id='word_1_73' title='bbox 434 1530 515 1606; x_wconf 88' lang='lat' dir='ltr'><strong>nica</strong></span> <span class='ocrx_word' id='word_1_74' title='bbox 526 1531 839 1637; x_wconf 88' lang='lat' dir='ltr'><strong>Quadragessime</strong></span> <span class='ocrx_word' id='word_1_75' title='bbox 855 1559 975 1636; x_wconf 89' lang='lat' dir='ltr'><strong>nuper</strong></span> <span class='ocrx_word' id='word_1_76' title='bbox 991 1530 1088 1635; x_wconf 90' lang='lat' dir='ltr'><strong>lapsa</strong></span> <span class='ocrx_word' id='word_1_77' title='bbox 1105 1529 1259 1605; x_wconf 88' lang='lat' dir='ltr'><strong>luerunt</strong></span> <span class='ocrx_word' id='word_1_78' title='bbox 1273 1554 1368 1606; x_wconf 82' lang='lat' dir='ltr'>xxxv</span> <span class='ocrx_word' id='word_1_79' title='bbox 1383 1528 1469 1604; x_wconf 91' lang='lat' dir='ltr'><strong>anni</strong></span> <span class='ocrx_word' id='word_1_80' title='bbox 1485 1527 1544 1604; x_wconf 88' lang='lat' dir='ltr'><strong>vel</strong></span> <span class='ocrx_word' id='word_1_81' title='bbox 1558 1527 1664 1617; x_wconf 90' lang='lat' dir='ltr'><strong>circa,</strong></span> <span class='ocrx_word' id='word_1_82' title='bbox 1677 1533 1853 1635; x_wconf 87' lang='lat' dir='ltr'><strong>presenti·</strong></span> 
     </span>
     <span class='ocr_line' id='line_1_10' title="bbox 432 1658 1851 1767; baseline 0.003 -32"><span class='ocrx_word' id='word_1_83' title='bbox 432 1659 504 1736; x_wconf 87' lang='lat' dir='ltr'><strong>bus</strong></span> <span class='ocrx_word' id='word_1_84' title='bbox 526 1659 701 1737; x_wconf 80' lang='lat' dir='ltr'><strong>fratribus</strong></span> <span class='ocrx_word' id='word_1_85' title='bbox 715 1662 875 1767; x_wconf 85' lang='lat' dir='ltr'><strong>Rogerio</strong></span> <span class='ocrx_word' id='word_1_86' title='bbox 895 1662 944 1739; x_wconf 92' lang='lat' dir='ltr'><strong>de</strong></span> <span class='ocrx_word' id='word_1_87' title='bbox 963 1663 1070 1752; x_wconf 91' lang='lat' dir='ltr'><strong>Bort,</strong></span> <span class='ocrx_word' id='word_1_88' title='bbox 1091 1675 1196 1765; x_wconf 90' lang='lat' dir='ltr'><strong>patre</strong></span> <span class='ocrx_word' id='word_1_89' title='bbox 1213 1658 1330 1765; x_wconf 91' lang='lat' dir='ltr'><strong>ipsius</strong></span> <span class='ocrx_word' id='word_1_90' title='bbox 1343 1658 1466 1748; x_wconf 90' lang='lat' dir='ltr'><strong>testis,</strong></span> <span class='ocrx_word' id='word_1_91' title='bbox 1485 1658 1623 1749; x_wconf 86' lang='lat' dir='ltr'><strong>milite,</strong></span> <span class='ocrx_word' id='word_1_92' title='bbox 1646 1658 1851 1739; x_wconf 89' lang='lat' dir='ltr'><strong>Guillelmo</strong></span> 
     </span>
     <span class='ocr_line' id='line_1_11' title="bbox 434 1788 1852 1895; baseline 0.001 -28"><span class='ocrx_word' id='word_1_93' title='bbox 434 1792 481 1867; x_wconf 92' lang='lat' dir='ltr'><strong>de</strong></span> <span class='ocrx_word' id='word_1_94' title='bbox 502 1792 630 1883; x_wconf 84' lang='lat' dir='ltr'><strong>Arsac,</strong></span> <span class='ocrx_word' id='word_1_95' title='bbox 652 1792 822 1869; x_wconf 90' lang='lat' dir='ltr'><strong>Dionisio</strong></span> <span class='ocrx_word' id='word_1_96' title='bbox 846 1792 893 1869; x_wconf 93' lang='lat' dir='ltr'><strong>de</strong></span> <span class='ocrx_word' id='word_1_97' title='bbox 910 1792 1049 1869; x_wconf 84' lang='lat' dir='ltr'><strong>Castris</strong></span> <span class='ocrx_word' id='word_1_98' title='bbox 1069 1804 1107 1866; x_wconf 91' lang='lat' dir='ltr'><strong>et</strong></span> <span class='ocrx_word' id='word_1_99' title='bbox 1126 1793 1270 1867; x_wconf 91' lang='lat' dir='ltr'><strong>Boneto</strong></span> <span class='ocrx_word' id='word_1_100' title='bbox 1291 1789 1339 1866; x_wconf 89' lang='lat' dir='ltr'><strong>de</strong></span> <span class='ocrx_word' id='word_1_101' title='bbox 1358 1791 1465 1895; x_wconf 85' lang='lat' dir='ltr'><strong>Rupe</strong></span> <span class='ocrx_word' id='word_1_102' title='bbox 1490 1788 1754 1879; x_wconf 86' lang='lat' dir='ltr'><strong>servientibus,</strong></span> <span class='ocrx_word' id='word_1_103' title='bbox 1778 1791 1852 1869; x_wconf 88' lang='lat' dir='ltr'><strong>def-</strong></span> 
     </span>
     <span class='ocr_line' id='line_1_12' title="bbox 433 1918 1852 2026; baseline 0.001 -30"><span class='ocrx_word' id='word_1_104' title='bbox 433 1919 583 2012; x_wconf 80' lang='lat' dir='ltr'><strong>lituctis,</strong></span> <span class='ocrx_word' id='word_1_105' title='bbox 602 1922 640 1997; x_wconf 94' lang='lat' dir='ltr'><strong>in</strong></span> <span class='ocrx_word' id='word_1_106' title='bbox 661 1923 762 1998; x_wconf 91' lang='lat' dir='ltr'><strong>hunc</strong></span> <span class='ocrx_word' id='word_1_107' title='bbox 782 1922 940 1999; x_wconf 88' lang='lat' dir='ltr'><strong>modum</strong></span> <span class='ocrx_word' id='word_1_108' title='bbox 958 1953 966 1997; x_wconf 73' lang='grc' dir='ltr'><strong><em>ε</em></strong></span> <span class='ocrx_word' id='word_1_109' title='bbox 983 1950 1070 1996; x_wconf 91' lang='lat' dir='ltr'><strong>nam</strong></span> <span class='ocrx_word' id='word_1_110' title='bbox 1090 1947 1176 1998; x_wconf 90' lang='lat' dir='ltr'><strong>curn</strong></span> <span class='ocrx_word' id='word_1_111' title='bbox 1196 1919 1371 2026; x_wconf 88' lang='lat' dir='ltr'><strong>peciisset</strong></span> <span class='ocrx_word' id='word_1_112' title='bbox 1390 1947 1436 1995; x_wconf 89' lang='lat' dir='ltr'><strong>se·</strong></span> <span class='ocrx_word' id='word_1_113' title='bbox 1451 1918 1598 1996; x_wconf 78' lang='lat' dir='ltr'><strong>admitti</strong></span> <span class='ocrx_word' id='word_1_114' title='bbox 1618 1920 1666 1998; x_wconf 90' lang='lat' dir='ltr'><strong>ad</strong></span> <span class='ocrx_word' id='word_1_115' title='bbox 1685 1919 1852 1998; x_wconf 84' lang='lat' dir='ltr'><strong>fraterni-</strong></span> 
     </span>
     <span class='ocr_line' id='line_1_13' title="bbox 431 2050 1853 2160; baseline 0.001 -32"><span class='ocrx_word' id='word_1_116' title='bbox 431 2070 547 2129; x_wconf 85' lang='lat' dir='ltr'><strong>tatem</strong></span> <span class='ocrx_word' id='word_1_117' title='bbox 563 2053 716 2146; x_wconf 89' lang='lat' dir='ltr'><strong>ordinis,</strong></span> <span class='ocrx_word' id='word_1_118' title='bbox 735 2054 857 2131; x_wconf 91' lang='lat' dir='ltr'><strong>dictus</strong></span> <span class='ocrx_word' id='word_1_119' title='bbox 872 2071 1053 2160; x_wconf 87' lang='lat' dir='ltr'><strong>receptor,</strong></span> <span class='ocrx_word' id='word_1_120' title='bbox 1074 2051 1235 2158; x_wconf 89' lang='lat' dir='ltr'><strong>prescito</strong></span> <span class='ocrx_word' id='word_1_121' title='bbox 1254 2079 1322 2157; x_wconf 94' lang='lat' dir='ltr'><strong>per</strong></span> <span class='ocrx_word' id='word_1_122' title='bbox 1336 2051 1594 2159; x_wconf 88' lang='lat' dir='ltr'><strong>juramentum</strong></span> <span class='ocrx_word' id='word_1_123' title='bbox 1615 2050 1662 2127; x_wconf 90' lang='lat' dir='ltr'><strong>ab</strong></span> <span class='ocrx_word' id='word_1_124' title='bbox 1676 2076 1727 2129; x_wconf 78' lang='lat' dir='ltr'><strong>co</strong></span> <span class='ocrx_word' id='word_1_125' title='bbox 1747 2055 1853 2159; x_wconf 90' lang='lat' dir='ltr'><strong>quod</strong></span> 
     </span>
     <span class='ocr_line' id='line_1_14' title="bbox 434 2182 1853 2290; baseline 0.002 -33"><span class='ocrx_word' id='word_1_126' title='bbox 434 2210 509 2259; x_wconf 88' lang='lat' dir='ltr'><strong>non</strong></span> <span class='ocrx_word' id='word_1_127' title='bbox 531 2199 609 2259; x_wconf 86' lang='lat' dir='ltr'><strong>erat</strong></span> <span class='ocrx_word' id='word_1_128' title='bbox 627 2185 798 2290; x_wconf 85' lang='lat' dir='ltr'><strong>religioni</strong></span> <span class='ocrx_word' id='word_1_129' title='bbox 818 2184 924 2261; x_wconf 88' lang='lat' dir='ltr'><strong>alteri</strong></span> <span class='ocrx_word' id='word_1_130' title='bbox 940 2183 997 2260; x_wconf 89' lang='lat' dir='ltr'><strong>vel</strong></span> <span class='ocrx_word' id='word_1_131' title='bbox 1013 2183 1253 2261; x_wconf 88' lang='lat' dir='ltr'><strong>matrimonio</strong></span> <span class='ocrx_word' id='word_1_132' title='bbox 1274 2182 1478 2290; x_wconf 84' lang='lat' dir='ltr'><strong>obligatus,</strong></span> <span class='ocrx_word' id='word_1_133' title='bbox 1500 2211 1577 2260; x_wconf 92' lang='lat' dir='ltr'><strong>non</strong></span> <span class='ocrx_word' id='word_1_134' title='bbox 1598 2185 1853 2262; x_wconf 87' lang='lat' dir='ltr'><strong>excommuni-</strong></span> 
     </span>
     <span class='ocr_line' id='line_1_15' title="bbox 433 2312 1850 2417; baseline 0.003 -31"><span class='ocrx_word' id='word_1_135' title='bbox 433 2329 553 2398; x_wconf 87' lang='lat' dir='ltr'><strong>catus,</strong></span> <span class='ocrx_word' id='word_1_136' title='bbox 576 2328 613 2388; x_wconf 91' lang='lat' dir='ltr'><strong>et</strong></span> <span class='ocrx_word' id='word_1_137' title='bbox 632 2312 736 2417; x_wconf 91' lang='lat' dir='ltr'><strong>quod</strong></span> <span class='ocrx_word' id='word_1_138' title='bbox 756 2341 832 2391; x_wconf 90' lang='lat' dir='ltr'><strong>non</strong></span> <span class='ocrx_word' id='word_1_139' title='bbox 853 2313 1015 2390; x_wconf 87' lang='lat' dir='ltr'><strong>habebat</strong></span> <span class='ocrx_word' id='word_1_140' title='bbox 1030 2312 1285 2390; x_wconf 88' lang='lat' dir='ltr'><strong>infirmitatem</strong></span> <span class='ocrx_word' id='word_1_141' title='bbox 1300 2312 1496 2400; x_wconf 87' lang='lat' dir='ltr'><strong>latentem,</strong></span> <span class='ocrx_word' id='word_1_142' title='bbox 1513 2313 1602 2390; x_wconf 84' lang='lat' dir='ltr'><strong>lecit</strong></span> <span class='ocrx_word' id='word_1_143' title='bbox 1616 2342 1704 2391; x_wconf 91' lang='lat' dir='ltr'><strong>eum</strong></span> <span class='ocrx_word' id='word_1_144' title='bbox 1720 2343 1850 2392; x_wconf 80' lang='lat' dir='ltr'><strong>vovere</strong></span> 
     </span>
     <span class='ocr_line' id='line_1_16' title="bbox 433 2442 1849 2551; baseline 0.004 -34"><span class='ocrx_word' id='word_1_145' title='bbox 433 2458 471 2518; x_wconf 90' lang='lat' dir='ltr'><strong>et</strong></span> <span class='ocrx_word' id='word_1_146' title='bbox 490 2443 619 2549; x_wconf 87' lang='lat' dir='ltr'><strong>jurare</strong></span> <span class='ocrx_word' id='word_1_147' title='bbox 646 2442 869 2531; x_wconf 84' lang='lat' dir='ltr'><strong>castitatem,</strong></span> <span class='ocrx_word' id='word_1_148' title='bbox 899 2443 1177 2530; x_wconf 89' lang='lat' dir='ltr'><strong>obedienciam,</strong></span> <span class='ocrx_word' id='word_1_149' title='bbox 1206 2442 1327 2519; x_wconf 83' lang='lat' dir='ltr'><strong>vivere</strong></span> <span class='ocrx_word' id='word_1_150' title='bbox 1355 2443 1434 2519; x_wconf 89' lang='lat' dir='ltr'><strong>sine</strong></span> <span class='ocrx_word' id='word_1_151' title='bbox 1456 2444 1629 2551; x_wconf 86' lang='lat' dir='ltr'><strong>proprio,</strong></span> <span class='ocrx_word' id='word_1_152' title='bbox 1651 2462 1689 2521; x_wconf 91' lang='lat' dir='ltr'><strong>et</strong></span> <span class='ocrx_word' id='word_1_153' title='bbox 1707 2472 1849 2522; x_wconf 89' lang='lat' dir='ltr'><strong>servare</strong></span> 
     </span>
     <span class='ocr_line' id='line_1_17' title="bbox 432 2573 1850 2682; baseline 0.004 -34"><span class='ocrx_word' id='word_1_154' title='bbox 432 2573 553 2649; x_wconf 89' lang='lat' dir='ltr'><strong>bonos</strong></span> <span class='ocrx_word' id='word_1_155' title='bbox 580 2601 671 2649; x_wconf 90' lang='lat' dir='ltr'><strong>usus</strong></span> <span class='ocrx_word' id='word_1_156' title='bbox 698 2591 735 2650; x_wconf 89' lang='lat' dir='ltr'><strong>et</strong></span> <span class='ocrx_word' id='word_1_157' title='bbox 760 2575 877 2653; x_wconf 90' lang='lat' dir='ltr'><strong>bonas</strong></span> <span class='ocrx_word' id='word_1_158' title='bbox 903 2574 1288 2680; x_wconf 86' lang='lat' dir='ltr'><strong>consuetudinesque</strong></span> <span class='ocrx_word' id='word_1_159' title='bbox 1307 2591 1399 2650; x_wconf 88' lang='lat' dir='ltr'><strong>tunc</strong></span> <span class='ocrx_word' id='word_1_160' title='bbox 1419 2591 1523 2651; x_wconf 88' lang='lat' dir='ltr'><strong>erant</strong></span> <span class='ocrx_word' id='word_1_161' title='bbox 1544 2575 1639 2651; x_wconf 89' lang='lat' dir='ltr'><strong>etin</strong></span> <span class='ocrx_word' id='word_1_162' title='bbox 1658 2591 1850 2682; x_wconf 86' lang='lat' dir='ltr'><strong>posterum</strong></span> 
     </span>
     <span class='ocr_line' id='line_1_18' title="bbox 431 2703 1851 2811; baseline 0.004 -33"><span class='ocrx_word' id='word_1_163' title='bbox 431 2703 717 2811; x_wconf 85' lang='lat' dir='ltr'><strong>imponerentur</strong></span> <span class='ocrx_word' id='word_1_164' title='bbox 737 2707 775 2782; x_wconf 91' lang='lat' dir='ltr'><strong>in</strong></span> <span class='ocrx_word' id='word_1_165' title='bbox 796 2707 948 2796; x_wconf 90' lang='lat' dir='ltr'><strong>ordine,</strong></span> <span class='ocrx_word' id='word_1_166' title='bbox 971 2724 1009 2782; x_wconf 88' lang='lat' dir='ltr'><strong>ct</strong></span> <span class='ocrx_word' id='word_1_167' title='bbox 1028 2734 1170 2782; x_wconf 89' lang='lat' dir='ltr'><strong>servare</strong></span> <span class='ocrx_word' id='word_1_168' title='bbox 1189 2704 1290 2782; x_wconf 90' lang='lat' dir='ltr'><strong>bona</strong></span> <span class='ocrx_word' id='word_1_169' title='bbox 1310 2723 1348 2782; x_wconf 88' lang='lat' dir='ltr'><strong>et</strong></span> <span class='ocrx_word' id='word_1_170' title='bbox 1375 2705 1596 2784; x_wconf 87' lang='lat' dir='ltr'><strong>elemosinas</strong></span> <span class='ocrx_word' id='word_1_171' title='bbox 1623 2705 1783 2795; x_wconf 87' lang='lat' dir='ltr'><strong>ordinis,</strong></span> <span class='ocrx_word' id='word_1_172' title='bbox 1814 2725 1851 2784; x_wconf 91' lang='lat' dir='ltr'><strong>et</strong></span> 
     </span>
     <span class='ocr_line' id='line_1_19' title="bbox 431 2832 1847 2945; baseline 0.001 -33"><span class='ocrx_word' id='word_1_173' title='bbox 431 2835 537 2941; x_wconf 90' lang='lat' dir='ltr'><strong>quod</strong></span> <span class='ocrx_word' id='word_1_174' title='bbox 555 2863 625 2941; x_wconf 93' lang='lat' dir='ltr'><strong>pro</strong></span> <span class='ocrx_word' id='word_1_175' title='bbox 644 2832 754 2941; x_wconf 88' lang='lat' dir='ltr'><strong>posse</strong></span> <span class='ocrx_word' id='word_1_176' title='bbox 778 2865 847 2915; x_wconf 92' lang='lat' dir='ltr'><strong>suo</strong></span> <span class='ocrx_word' id='word_1_177' title='bbox 869 2838 1016 2944; x_wconf 89' lang='lat' dir='ltr'><strong>juvaret</strong></span> <span class='ocrx_word' id='word_1_178' title='bbox 1035 2837 1083 2914; x_wconf 92' lang='lat' dir='ltr'><strong>ad</strong></span> <span class='ocrx_word' id='word_1_179' title='bbox 1103 2835 1375 2942; x_wconf 86' lang='lat' dir='ltr'><strong>acquirendum</strong></span> <span class='ocrx_word' id='word_1_180' title='bbox 1402 2863 1562 2945; x_wconf 84' lang='lat' dir='ltr'><strong>regnum</strong></span> <span class='ocrx_word' id='word_1_181' title='bbox 1586 2836 1847 2914; x_wconf 89' lang='lat' dir='ltr'><strong>Jhercsolime.</strong></span> 
     </span>
     <span class='ocr_line' id='line_1_20' title="bbox 432 2963 1849 3072; baseline 0.003 -32"><span class='ocrx_word' id='word_1_182' title='bbox 432 2965 519 3057; x_wconf 87' lang='lat' dir='ltr'><strong>Quo</strong></span> <span class='ocrx_word' id='word_1_183' title='bbox 540 2963 635 3043; x_wconf 88' lang='lat' dir='ltr'><strong>facto</strong></span> <span class='ocrx_word' id='word_1_184' title='bbox 653 2967 833 3072; x_wconf 90' lang='lat' dir='ltr'><strong>imposuit</strong></span> <span class='ocrx_word' id='word_1_185' title='bbox 852 2967 922 3043; x_wconf 91' lang='lat' dir='ltr'><strong>sibi</strong></span> <span class='ocrx_word' id='word_1_186' title='bbox 943 2966 1186 3055; x_wconf 89' lang='lat' dir='ltr'><strong>mantellum,</strong></span> <span class='ocrx_word' id='word_1_187' title='bbox 1209 2983 1246 3042; x_wconf 90' lang='lat' dir='ltr'><strong>et</strong></span> <span class='ocrx_word' id='word_1_188' title='bbox 1262 2966 1342 3071; x_wconf 90' lang='lat' dir='ltr'><strong>ipse</strong></span> <span class='ocrx_word' id='word_1_189' title='bbox 1358 2983 1396 3042; x_wconf 90' lang='lat' dir='ltr'><strong>et</strong></span> <span class='ocrx_word' id='word_1_190' title='bbox 1410 2981 1570 3043; x_wconf 82' lang='lat' dir='ltr'><strong>astantes</strong></span> <span class='ocrx_word' id='word_1_191' title='bbox 1587 2964 1741 3042; x_wconf 87' lang='lat' dir='ltr'><strong>fuerunt</strong></span> <span class='ocrx_word' id='word_1_192' title='bbox 1760 2994 1849 3044; x_wconf 90' lang='lat' dir='ltr'><strong>eum</strong></span> 
     </span>
     <span class='ocr_line' id='line_1_21' title="bbox 435 3094 1850 3203; baseline 0.003 -33"><span class='ocrx_word' id='word_1_193' title='bbox 435 3094 590 3171; x_wconf 90' lang='lat' dir='ltr'><strong>osculati</strong></span> <span class='ocrx_word' id='word_1_194' title='bbox 616 3096 653 3170; x_wconf 90' lang='lat' dir='ltr'><strong>in</strong></span> <span class='ocrx_word' id='word_1_195' title='bbox 686 3124 768 3185; x_wconf 91' lang='lat' dir='ltr'><strong>ore,</strong></span> <span class='ocrx_word' id='word_1_196' title='bbox 800 3114 837 3173; x_wconf 90' lang='lat' dir='ltr'><strong>et</strong></span> <span class='ocrx_word' id='word_1_197' title='bbox 867 3097 1042 3174; x_wconf 89' lang='lat' dir='ltr'><strong>instruxit</strong></span> <span class='ocrx_word' id='word_1_198' title='bbox 1062 3125 1150 3174; x_wconf 87' lang='lat' dir='ltr'><strong>eum</strong></span> <span class='ocrx_word' id='word_1_199' title='bbox 1173 3097 1221 3173; x_wconf 93' lang='lat' dir='ltr'><strong>de</strong></span> <span class='ocrx_word' id='word_1_200' title='bbox 1241 3095 1448 3203; x_wconf 70' lang='lat' dir='ltr'><strong>aliquibus,</strong></span> <span class='ocrx_word' id='word_1_201' title='bbox 1474 3113 1513 3174; x_wconf 89' lang='lat' dir='ltr'><strong>et</strong></span> <span class='ocrx_word' id='word_1_202' title='bbox 1532 3097 1579 3174; x_wconf 88' lang='lat' dir='ltr'><strong>de</strong></span> <span class='ocrx_word' id='word_1_203' title='bbox 1599 3094 1771 3203; x_wconf 88' lang='lat' dir='ltr'><strong>pluribus</strong></span> <span class='ocrx_word' id='word_1_204' title='bbox 1790 3098 1850 3174; x_wconf 93' lang='lat' dir='ltr'><strong>in-</strong></span> 
     </span>
     <span class='ocr_line' id='line_1_22' title="bbox 433 3225 1849 3335; baseline 0.004 -36"><span class='ocrx_word' id='word_1_205' title='bbox 433 3225 626 3301; x_wconf 87' lang='lat' dir='ltr'><strong>struxisset</strong></span> <span class='ocrx_word' id='word_1_206' title='bbox 641 3253 745 3312; x_wconf 76' lang='lat' dir='ltr'><strong>sum,</strong></span> <span class='ocrx_word' id='word_1_207' title='bbox 763 3244 805 3302; x_wconf 89' lang='lat' dir='ltr'><strong>ut</strong></span> <span class='ocrx_word' id='word_1_208' title='bbox 831 3226 979 3303; x_wconf 88' lang='lat' dir='ltr'><strong>dicebat</strong></span> <span class='ocrx_word' id='word_1_209' title='bbox 1002 3227 1105 3305; x_wconf 91' lang='lat' dir='ltr'><strong>idem</strong></span> <span class='ocrx_word' id='word_1_210' title='bbox 1129 3245 1312 3333; x_wconf 90' lang='lat' dir='ltr'><strong>receptor,</strong></span> <span class='ocrx_word' id='word_1_211' title='bbox 1335 3229 1401 3304; x_wconf 88' lang='lat' dir='ltr'><strong>sed</strong></span> <span class='ocrx_word' id='word_1_212' title='bbox 1421 3243 1575 3335; x_wconf 89' lang='lat' dir='ltr'><strong>propter</strong></span> <span class='ocrx_word' id='word_1_213' title='bbox 1593 3227 1849 3306; x_wconf 86' lang='lat' dir='ltr'><strong>vicecomitem</strong></span> 
     </span>
     <span class='ocr_line' id='line_1_23' title="bbox 433 3351 1850 3465; baseline 0.006 -37"><span class='ocrx_word' id='word_1_214' title='bbox 433 3351 480 3428; x_wconf 90' lang='lat' dir='ltr'><strong>de</strong></span> <span class='ocrx_word' id='word_1_215' title='bbox 500 3354 757 3432; x_wconf 89' lang='lat' dir='ltr'><strong>Venthedorio</strong></span> <span class='ocrx_word' id='word_1_216' title='bbox 779 3373 817 3433; x_wconf 89' lang='lat' dir='ltr'><strong>et</strong></span> <span class='ocrx_word' id='word_1_217' title='bbox 837 3356 976 3434; x_wconf 91' lang='lat' dir='ltr'><strong>multos</strong></span> <span class='ocrx_word' id='word_1_218' title='bbox 999 3356 1091 3436; x_wconf 88' lang='lat' dir='ltr'><strong>alios</strong></span> <span class='ocrx_word' id='word_1_219' title='bbox 1115 3357 1263 3436; x_wconf 89' lang='lat' dir='ltr'><strong>nobiles</strong></span> <span class='ocrx_word' id='word_1_220' title='bbox 1287 3359 1335 3435; x_wconf 92' lang='lat' dir='ltr'><strong>de</strong></span> <span class='ocrx_word' id='word_1_221' title='bbox 1354 3357 1445 3436; x_wconf 87' lang='lat' dir='ltr'><strong>foris</strong></span> <span class='ocrx_word' id='word_1_222' title='bbox 1465 3374 1699 3464; x_wconf 85' lang='lat' dir='ltr'><strong>expectantes</strong></span> <span class='ocrx_word' id='word_1_223' title='bbox 1718 3385 1850 3465; x_wconf 89' lang='lat' dir='ltr'><strong>super-</strong></span> 
     </span>
     <span class='ocr_line' id='line_1_24' title="bbox 432 3484 1848 3596; baseline 0.006 -37"><span class='ocrx_word' id='word_1_224' title='bbox 432 3484 539 3561; x_wconf 89' lang='lat' dir='ltr'><strong>sedit.</strong></span> <span class='ocrx_word' id='word_1_225' title='bbox 567 3487 735 3592; x_wconf 91' lang='lat' dir='ltr'><strong>Precepit</strong></span> <span class='ocrx_word' id='word_1_226' title='bbox 753 3506 879 3564; x_wconf 88' lang='lat' dir='ltr'><strong>tamen</strong></span> <span class='ocrx_word' id='word_1_227' title='bbox 900 3490 935 3564; x_wconf 89' lang='lat' dir='ltr'><strong>ei</strong></span> <span class='ocrx_word' id='word_1_228' title='bbox 956 3490 1060 3595; x_wconf 93' lang='lat' dir='ltr'><strong>quod</strong></span> <span class='ocrx_word' id='word_1_229' title='bbox 1081 3518 1194 3596; x_wconf 93' lang='lat' dir='ltr'><strong>super</strong></span> <span class='ocrx_word' id='word_1_230' title='bbox 1218 3489 1421 3594; x_wconf 90' lang='lat' dir='ltr'><strong>quamdam</strong></span> <span class='ocrx_word' id='word_1_231' title='bbox 1446 3517 1596 3566; x_wconf 89' lang='lat' dir='ltr'><strong>crucem</strong></span> <span class='ocrx_word' id='word_1_232' title='bbox 1616 3489 1848 3567; x_wconf 85' lang='lat' dir='ltr'><strong>metallinam</strong></span> 
     </span>
     <span class='ocr_line' id='line_1_25' title="bbox 432 3614 1846 3726; baseline 0.006 -37"><span class='ocrx_word' id='word_1_233' title='bbox 432 3614 469 3690; x_wconf 93' lang='lat' dir='ltr'><strong>in</strong></span> <span class='ocrx_word' id='word_1_234' title='bbox 491 3643 564 3721; x_wconf 85' lang='lat' dir='ltr'><strong>qua</strong></span> <span class='ocrx_word' id='word_1_235' title='bbox 590 3635 668 3692; x_wconf 88' lang='lat' dir='ltr'><strong>erat</strong></span> <span class='ocrx_word' id='word_1_236' title='bbox 686 3647 818 3725; x_wconf 85' lang='lat' dir='ltr'><strong>ymago</strong></span> <span class='ocrx_word' id='word_1_237' title='bbox 837 3620 1030 3707; x_wconf 83' lang='lat' dir='ltr'><strong>Crucifixi,</strong></span> <span class='ocrx_word' id='word_1_238' title='bbox 1053 3621 1201 3696; x_wconf 87' lang='lat' dir='ltr'><strong>allatam</strong></span> <span class='ocrx_word' id='word_1_239' title='bbox 1221 3619 1276 3696; x_wconf 92' lang='lat' dir='ltr'><strong>ibi</strong></span> <span class='ocrx_word' id='word_1_240' title='bbox 1296 3621 1414 3697; x_wconf 89' lang='lat' dir='ltr'><strong>nescit</strong></span> <span class='ocrx_word' id='word_1_241' title='bbox 1433 3647 1654 3726; x_wconf 89' lang='lat' dir='ltr'><strong>perquem,</strong></span> <span class='ocrx_word' id='word_1_242' title='bbox 1675 3638 1846 3725; x_wconf 80' lang='lat' dir='ltr'><strong>&#39;spueret3</strong></span> 
     </span>
     <span class='ocr_line' id='line_1_26' title="bbox 432 3747 1851 3857; baseline 0.004 -36"><span class='ocrx_word' id='word_1_243' title='bbox 432 3764 470 3822; x_wconf 94' lang='lat' dir='ltr'><strong>et</strong></span> <span class='ocrx_word' id='word_1_244' title='bbox 485 3776 570 3823; x_wconf 89' lang='lat' dir='ltr'><strong>cum</strong></span> <span class='ocrx_word' id='word_1_245' title='bbox 584 3747 705 3824; x_wconf 90' lang='lat' dir='ltr'><strong>dictus</strong></span> <span class='ocrx_word' id='word_1_246' title='bbox 713 3750 818 3826; x_wconf 88' lang='lat' dir='ltr'><strong>testis</strong></span> <span class='ocrx_word' id='word_1_247' title='bbox 833 3767 1001 3857; x_wconf 90' lang='lat' dir='ltr'><strong>stuperet</strong></span> <span class='ocrx_word' id='word_1_248' title='bbox 1016 3751 1063 3828; x_wconf 91' lang='lat' dir='ltr'><strong>de</strong></span> <span class='ocrx_word' id='word_1_249' title='bbox 1077 3753 1159 3842; x_wconf 90' lang='lat' dir='ltr'><strong>hoc,</strong></span> <span class='ocrx_word' id='word_1_250' title='bbox 1170 3751 1294 3828; x_wconf 90' lang='lat' dir='ltr'><strong>dictus</strong></span> <span class='ocrx_word' id='word_1_251' title='bbox 1306 3766 1478 3856; x_wconf 88' lang='lat' dir='ltr'><strong>receptor</strong></span> <span class='ocrx_word' id='word_1_252' title='bbox 1494 3750 1588 3828; x_wconf 83' lang='lat' dir='ltr'><strong>dixit</strong></span> <span class='ocrx_word' id='word_1_253' title='bbox 1601 3750 1635 3826; x_wconf 87' lang='lat' dir='ltr'><strong>ei</strong></span> <span class='ocrx_word' id='word_1_254' title='bbox 1647 3781 1656 3824; x_wconf 78' lang='lat' dir='ltr'><strong>t</strong></span> <span class='ocrx_word' id='word_1_255' title='bbox 1670 3788 1682 3817; x_wconf 78' lang='grc' dir='ltr'>ι</span> <span class='ocrx_word' id='word_1_256' title='bbox 1697 3750 1851 3827; x_wconf 88' lang='lat' dir='ltr'><strong>Faciatis</strong></span> 
     </span>
     <span class='ocr_line' id='line_1_27' title="bbox 433 3876 1849 3986; baseline 0.002 -34"><span class='ocrx_word' id='word_1_257' title='bbox 433 3876 618 3966; x_wconf 86' lang='lat' dir='ltr'><strong>audacter,</strong></span> <span class='ocrx_word' id='word_1_258' title='bbox 641 3878 729 3984; x_wconf 90' lang='lat' dir='ltr'><strong>quia</strong></span> <span class='ocrx_word' id='word_1_259' title='bbox 749 3880 866 3957; x_wconf 90' lang='lat' dir='ltr'><strong>nichil</strong></span> <span class='ocrx_word' id='word_1_260' title='bbox 888 3882 935 3958; x_wconf 88' lang='lat' dir='ltr'><strong>de</strong></span> <span class='ocrx_word' id='word_1_261' title='bbox 951 3883 1059 3986; x_wconf 91' lang='lat' dir='ltr'><strong>(hoc)</strong></span> <span class='ocrx_word' id='word_1_262' title='bbox 1081 3897 1240 3967; x_wconf 88' lang='lat' dir='ltr'><strong>constat,</strong></span> <span class='ocrx_word' id='word_1_263' title='bbox 1257 3919 1269 3949; x_wconf 78' lang='grc' dir='ltr'>ι</span> <span class='ocrx_word' id='word_1_264' title='bbox 1285 3881 1413 3959; x_wconf 87' lang='lat' dir='ltr'><strong>dicens</strong></span> <span class='ocrx_word' id='word_1_265' title='bbox 1433 3880 1616 3960; x_wconf 77' lang='lat' dir='ltr'><strong>submissa</strong></span> <span class='ocrx_word' id='word_1_266' title='bbox 1635 3906 1724 3958; x_wconf 88' lang='lat' dir='ltr'><strong>voce</strong></span> <span class='ocrx_word' id='word_1_267' title='bbox 1744 3881 1849 3986; x_wconf 90' lang='lat' dir='ltr'><strong>quod</strong></span> 
     </span>
     <span class='ocr_line' id='line_1_28' title="bbox 433 4010 1847 4118; baseline 0.002 -36"><span class='ocrx_word' id='word_1_268' title='bbox 433 4027 582 4112; x_wconf 85' lang='lat' dir='ltr'><strong>spueret</strong></span> <span class='ocrx_word' id='word_1_269' title='bbox 595 4011 700 4115; x_wconf 82' lang='lat' dir='ltr'><strong>juxta</strong></span> <span class='ocrx_word' id='word_1_270' title='bbox 720 4040 885 4101; x_wconf 87' lang='lat' dir='ltr'><strong>crucem,</strong></span> <span class='ocrx_word' id='word_1_271' title='bbox 909 4030 946 4088; x_wconf 92' lang='lat' dir='ltr'><strong>et</strong></span> <span class='ocrx_word' id='word_1_272' title='bbox 964 4030 1056 4089; x_wconf 90' lang='lat' dir='ltr'><strong>tunc</strong></span> <span class='ocrx_word' id='word_1_273' title='bbox 1075 4012 1199 4089; x_wconf 88' lang='lat' dir='ltr'><strong>dictus</strong></span> <span class='ocrx_word' id='word_1_274' title='bbox 1217 4011 1324 4088; x_wconf 87' lang='lat' dir='ltr'><strong>testis</strong></span> <span class='ocrx_word' id='word_1_275' title='bbox 1343 4010 1445 4117; x_wconf 86' lang='lat' dir='ltr'><strong>spuit</strong></span> <span class='ocrx_word' id='word_1_276' title='bbox 1460 4039 1537 4088; x_wconf 91' lang='lat' dir='ltr'><strong>uon</strong></span> <span class='ocrx_word' id='word_1_277' title='bbox 1554 4025 1664 4118; x_wconf 80' lang='lat' dir='ltr'><strong>supra</strong></span> <span class='ocrx_word' id='word_1_278' title='bbox 1680 4037 1847 4097; x_wconf 88' lang='lat' dir='ltr'><strong>crucem,</strong></span> 
     </span>
     <span class='ocr_line' id='line_1_29' title="bbox 432 4138 1850 4249; baseline 0.005 -38"><span class='ocrx_word' id='word_1_279' title='bbox 432 4138 538 4213; x_wconf 88' lang='lat' dir='ltr'><strong>seda</strong></span> <span class='ocrx_word' id='word_1_280' title='bbox 561 4138 676 4217; x_wconf 89' lang='lat' dir='ltr'><strong>latere</strong></span> <span class='ocrx_word' id='word_1_281' title='bbox 701 4142 748 4217; x_wconf 94' lang='lat' dir='ltr'><strong>ad</strong></span> <span class='ocrx_word' id='word_1_282' title='bbox 774 4160 923 4219; x_wconf 87' lang='lat' dir='ltr'><strong>terram.</strong></span> <span class='ocrx_word' id='word_1_283' title='bbox 953 4143 1169 4249; x_wconf 84' lang='lat' dir='ltr'><strong>Requisitus</strong></span> <span class='ocrx_word' id='word_1_284' title='bbox 1194 4143 1224 4218; x_wconf 93' lang='lat' dir='ltr'><strong>si</strong></span> <span class='ocrx_word' id='word_1_285' title='bbox 1250 4142 1321 4218; x_wconf 89' lang='lat' dir='ltr'><strong>alia</strong></span> <span class='ocrx_word' id='word_1_286' title='bbox 1345 4142 1543 4220; x_wconf 89' lang='lat' dir='ltr'><strong>inhonesta</strong></span> <span class='ocrx_word' id='word_1_287' title='bbox 1567 4142 1850 4218; x_wconf 89' lang='lat' dir='ltr'><strong>intervenerunt</strong></span> 
     </span>
     <span class='ocr_line' id='line_1_30' title="bbox 432 4266 1847 4380; baseline 0.003 -37"><span class='ocrx_word' id='word_1_288' title='bbox 432 4266 471 4343; x_wconf 93' lang='lat' dir='ltr'><strong>in</strong></span> <span class='ocrx_word' id='word_1_289' title='bbox 492 4267 589 4345; x_wconf 90' lang='lat' dir='ltr'><strong>dicta</strong></span> <span class='ocrx_word' id='word_1_290' title='bbox 610 4299 676 4346; x_wconf 91' lang='lat' dir='ltr'><strong>sua</strong></span> <span class='ocrx_word' id='word_1_291' title='bbox 698 4272 916 4378; x_wconf 90' lang='lat' dir='ltr'><strong>recepcione</strong></span> <span class='ocrx_word' id='word_1_292' title='bbox 932 4271 989 4349; x_wconf 91' lang='lat' dir='ltr'><strong>vel</strong></span> <span class='ocrx_word' id='word_1_293' title='bbox 1009 4290 1111 4379; x_wconf 92' lang='lat' dir='ltr'><strong>post,</strong></span> <span class='ocrx_word' id='word_1_294' title='bbox 1133 4271 1328 4379; x_wconf 89' lang='lat' dir='ltr'><strong>respondit</strong></span> <span class='ocrx_word' id='word_1_295' title='bbox 1347 4274 1452 4380; x_wconf 87' lang='lat' dir='ltr'><strong>quod</strong></span> <span class='ocrx_word' id='word_1_296' title='bbox 1472 4301 1562 4350; x_wconf 87' lang='lat' dir='ltr'><strong>non.</strong></span> <span class='ocrx_word' id='word_1_297' title='bbox 1583 4271 1800 4378; x_wconf 86' lang='lat' dir='ltr'><strong>Requisitus</strong></span> <span class='ocrx_word' id='word_1_298' title='bbox 1817 4271 1847 4347; x_wconf 92' lang='lat' dir='ltr'><strong>si</strong></span> 
     </span>
     <span class='ocr_line' id='line_1_31' title="bbox 431 4399 1851 4508; baseline 0.001 -34"><span class='ocrx_word' id='word_1_299' title='bbox 431 4399 550 4476; x_wconf 86' lang='lat' dir='ltr'><strong>credit</strong></span> <span class='ocrx_word' id='word_1_300' title='bbox 574 4401 678 4506; x_wconf 94' lang='lat' dir='ltr'><strong>quod</strong></span> <span class='ocrx_word' id='word_1_301' title='bbox 703 4402 799 4477; x_wconf 90' lang='lat' dir='ltr'><strong>dicta</strong></span> <span class='ocrx_word' id='word_1_302' title='bbox 824 4403 967 4508; x_wconf 90' lang='lat' dir='ltr'><strong>spuicio</strong></span> <span class='ocrx_word' id='word_1_303' title='bbox 991 4403 1196 4481; x_wconf 82' lang='lat' dir='ltr'><strong>consessata</strong></span> <span class='ocrx_word' id='word_1_304' title='bbox 1214 4431 1283 4507; x_wconf 93' lang='lat' dir='ltr'><strong>per</strong></span> <span class='ocrx_word' id='word_1_305' title='bbox 1301 4430 1390 4480; x_wconf 89' lang='lat' dir='ltr'><strong>eum</strong></span> <span class='ocrx_word' id='word_1_306' title='bbox 1410 4401 1467 4478; x_wconf 83' lang='lat' dir='ltr'><strong>vel</strong></span> <span class='ocrx_word' id='word_1_307' title='bbox 1488 4401 1557 4478; x_wconf 87' lang='lat' dir='ltr'><strong>alia</strong></span> <span class='ocrx_word' id='word_1_308' title='bbox 1578 4401 1776 4479; x_wconf 86' lang='lat' dir='ltr'><strong>inhonesta</strong></span> <span class='ocrx_word' id='word_1_309' title='bbox 1797 4401 1851 4476; x_wconf 92' lang='lat' dir='ltr'><strong>in-</strong></span> 
     </span>
     <span class='ocr_line' id='line_1_32' title="bbox 429 4530 1848 4639; baseline 0.001 -35"><span class='ocrx_word' id='word_1_310' title='bbox 429 4547 669 4608; x_wconf 88' lang='lat' dir='ltr'><strong>tervenerunt</strong></span> <span class='ocrx_word' id='word_1_311' title='bbox 691 4532 729 4605; x_wconf 92' lang='lat' dir='ltr'><strong>in</strong></span> <span class='ocrx_word' id='word_1_312' title='bbox 753 4530 1038 4636; x_wconf 87' lang='lat' dir='ltr'><strong>recepciouibus</strong></span> <span class='ocrx_word' id='word_1_313' title='bbox 1056 4532 1217 4610; x_wconf 91' lang='lat' dir='ltr'><strong>aliorum</strong></span> <span class='ocrx_word' id='word_1_314' title='bbox 1236 4530 1294 4610; x_wconf 85' lang='lat' dir='ltr'><strong>vel</strong></span> <span class='ocrx_word' id='word_1_315' title='bbox 1319 4550 1422 4639; x_wconf 90' lang='lat' dir='ltr'><strong>post,</strong></span> <span class='ocrx_word' id='word_1_316' title='bbox 1444 4531 1639 4638; x_wconf 89' lang='lat' dir='ltr'><strong>respondit</strong></span> <span class='ocrx_word' id='word_1_317' title='bbox 1664 4559 1703 4608; x_wconf 89' lang='lat' dir='ltr'><strong>se</strong></span> <span class='ocrx_word' id='word_1_318' title='bbox 1731 4531 1848 4608; x_wconf 90' lang='lat' dir='ltr'><strong>nichil</strong></span> 
     </span>
     <span class='ocr_line' id='line_1_33' title="bbox 430 4659 1848 4769; baseline 0.003 -37"><span class='ocrx_word' id='word_1_319' title='bbox 430 4659 538 4748; x_wconf 90' lang='lat' dir='ltr'><strong>scire,</strong></span> <span class='ocrx_word' id='word_1_320' title='bbox 561 4661 648 4767; x_wconf 86' lang='lat' dir='ltr'><strong>quia</strong></span> <span class='ocrx_word' id='word_1_321' title='bbox 674 4688 867 4767; x_wconf 89' lang='lat' dir='ltr'><strong>nunquam</strong></span> <span class='ocrx_word' id='word_1_322' title='bbox 892 4660 1004 4747; x_wconf 82' lang='lat' dir='ltr'><strong>vidit,</strong></span> <span class='ocrx_word' id='word_1_323' title='bbox 1030 4661 1096 4737; x_wconf 88' lang='lat' dir='ltr'><strong>scd</strong></span> <span class='ocrx_word' id='word_1_324' title='bbox 1121 4661 1240 4738; x_wconf 88' lang='lat' dir='ltr'><strong>credit</strong></span> <span class='ocrx_word' id='word_1_325' title='bbox 1261 4664 1364 4769; x_wconf 90' lang='lat' dir='ltr'><strong>quod</strong></span> <span class='ocrx_word' id='word_1_326' title='bbox 1386 4663 1529 4767; x_wconf 92' lang='lat' dir='ltr'><strong>spuicio</strong></span> <span class='ocrx_word' id='word_1_327' title='bbox 1554 4660 1757 4739; x_wconf 85' lang='lat' dir='ltr'><strong>confessata</strong></span> <span class='ocrx_word' id='word_1_328' title='bbox 1779 4687 1848 4766; x_wconf 88' lang='lat' dir='ltr'><strong>per</strong></span> 
     </span>
     <span class='ocr_line' id='line_1_34' title="bbox 431 4790 1846 4898; baseline 0.002 -35"><span class='ocrx_word' id='word_1_329' title='bbox 431 4815 518 4863; x_wconf 88' lang='lat' dir='ltr'><strong>eum</strong></span> <span class='ocrx_word' id='word_1_330' title='bbox 546 4791 801 4895; x_wconf 88' lang='lat' dir='ltr'><strong>preciperetur</strong></span> <span class='ocrx_word' id='word_1_331' title='bbox 825 4790 889 4867; x_wconf 88' lang='lat' dir='ltr'><strong>eis.</strong></span> <span class='ocrx_word' id='word_1_332' title='bbox 920 4790 1135 4895; x_wconf 87' lang='lat' dir='ltr'><strong>Requisitus</strong></span> <span class='ocrx_word' id='word_1_333' title='bbox 1160 4793 1188 4865; x_wconf 85' lang='lat' dir='ltr'><strong>si</strong></span> <span class='ocrx_word' id='word_1_334' title='bbox 1215 4792 1357 4868; x_wconf 81' lang='lat' dir='ltr'><strong>viderat</strong></span> <span class='ocrx_word' id='word_1_335' title='bbox 1382 4792 1529 4898; x_wconf 75' lang='lat' dir='ltr'><strong>aliaepaos</strong></span> <span class='ocrx_word' id='word_1_336' title='bbox 1554 4793 1647 4869; x_wconf 87' lang='lat' dir='ltr'><strong>alios</strong></span> <span class='ocrx_word' id='word_1_337' title='bbox 1672 4790 1784 4898; x_wconf 89' lang='lat' dir='ltr'><strong>recipi</strong></span> <span class='ocrx_word' id='word_1_338' title='bbox 1806 4791 1846 4867; x_wconf 93' lang='lat' dir='ltr'><strong>in</strong></span> 
     </span>
    </p>
   </div>
   <div class='ocr_carea' id='block_1_3' title="bbox 0 0 2120 5956">
    <p class='ocr_par' dir='ltr' id='par_1_3' title="bbox 0 0 2120 5956">
     <span class='ocr_line' id='line_1_35' title="bbox 0 0 2120 5956; baseline 0 0"><span class='ocrx_word' id='word_1_339' title='bbox 0 0 2120 5956; x_wconf 95' lang='lat' dir='ltr'><strong> </strong></span> 
     </span>
    </p>
   </div>
  </div>
 </body>
</html>
