4230 5956
456 461 530 532 ssu
694 462 697 467 ·
841 439 1037 533 pauens
1063 453 1159 527 uus
1184 452 1481 526 auur-mnus.

453 613 578 704 geret;
599 597 691 674 dixit
713 614 840 674 tamen
862 625 930 703 per
943 597 1202 702 juramentum
1220 622 1333 671 suum
1357 593 1461 699 quod
1481 618 1673 699 nunqnam
1696 589 1807 681 lecit;
1836 608 1875 668 et

454 728 573 807 credit
591 727 698 833 quod
716 726 766 803 ita
784 726 849 804 liat
867 726 947 802 aliis
966 727 1062 804 sicut
1081 724 1153 801 luit
1170 723 1242 801 sibi
1262 723 1413 801 lactum.

508 861 757 965 Interrogatus
772 873 901 934 utrum
915 858 967 945 vi,
985 856 1044 933 vel
1061 871 1164 932 metu
1173 855 1330 933 carceris
1340 882 1408 933 seu
1416 870 1710 941 tormentorum,
1724 869 1787 929 aut
1801 852 1872 929 alia

454 990 509 1067 de·
521 1016 647 1079 carisa,
677 987 838 1093 aliquam
860 986 993 1063 dixerit
1012 984 1209 1062 falsitatem
1227 985 1286 1061 vel
1299 985 1546 1063 immiscuerit
1570 984 1616 1060 in.
1634 982 1871 1089 deposicione

453 1147 534 1208 sua,
563 1119 656 1196 dixit
673 1146 741 1224 per
754 1117 1011 1222 juramentum
1037 1143 1147 1194 suum
1167 1115 1270 1222 quod
1290 1143 1386 1204 non3
1407 1115 1524 1193 immo
1548 1112 1640 1191 dixit
1657 1141 1790 1219 puram
1814 1141 1874 1188 ve·

453 1266 611 1327 ritatem.

511 1513 604 1590 Item
627 1510 747 1589 ¹frater
779 1511 825 1589 G.
856 1513 903 1587 de
928 1510 1014 1589 Alto
1047 1508 1222 1616 Maynillo
1251 1508 1362 1589 miles
1391 1509 1532 1588 ordinis
1559 1509 1734 1617 predicti,
1766 1512 1871 1587 etatis

453 1643 580 1750 viginti
606 1641 776 1748 quinque
799 1667 978 1718 annorum
1005 1638 1062 1716 vel
1086 1639 1198 1725 circa,
1223 1639 1369 1746 juratus
1393 1640 1528 1717 eodem
1551 1639 1668 1719 modo
1696 1639 1743 1715 de
1771 1668 1810 1716 se
1834 1660 1871 1716 et

453 1772 534 1849 aliis
556 1774 593 1848 in
619 1800 725 1849 causa
746 1769 838 1848 fidei
859 1768 983 1847 dicere
1002 1770 1210 1858 veritatem,
1238 1788 1276 1846 et
1295 1770 1540 1877 interrogatus
1562 1771 1611 1849 de
1635 1788 1807 1876 tempore
1832 1787 1870 1847 et

452 1903 567 1982 modo
583 1933 651 1981 sue
670 1901 917 2008 recepcionis,
942 1899 1035 1977 dixit
1052 1928 1121 2006 per
1138 1900 1394 2008 juramentum
1413 1929 1525 1979 suum
1546 1902 1651 2008 quod
1671 1900 1744 1978 luit
1768 1929 1870 1978 rece-

451 2053 537 2139 ptus
563 2037 602 2111 in
628 2035 744 2112 domo
766 2033 812 2109 de
834 2032 960 2109 lauda
980 2032 1028 2109 de
1048 2031 1171 2118 Veni,
1190 2048 1266 2108 tres
1290 2033 1377 2109 anni
1398 2047 1508 2109 erunt
1531 2032 1625 2109 circa
1654 2032 1794 2109 instans
1818 2032 1871 2108 le-

452 2181 551 2242 stum
571 2162 774 2241 Natiuitatis
789 2162 963 2250 Domini,
983 2189 1053 2268 per
1068 2159 1220 2238 fratrem
1231 2161 1448 2240 Gnidonem
1463 2162 1510 2238 de
1527 2161 1866 2252 Forestamilitem,

451 2311 707 2399 preceptorem
732 2292 829 2369 dicte
859 2293 1011 2383 domus,
1038 2319 1114 2368 non
1144 2291 1275 2369 recolit
1303 2292 1351 2369 de
1377 2291 1597 2370 nominibus
1619 2293 1866 2398 presencium.

451 2424 551 2502 Dixit
563 2424 679 2500 eciam
694 2452 762 2530 per
773 2422 1026 2528 juramentum
1044 2450 1155 2499 suum
1171 2422 1291 2528 quod,
1304 2440 1390 2527 post
1402 2423 1536 2499 multas
1548 2423 1811 2528 promissiones
1821 2425 1867 2500 ab

452 2583 498 2632 ao
520 2555 633 2632 lactas
649 2554 696 2632 de
716 2553 955 2632 observandis
974 2552 1119 2629 statutis
1134 2569 1172 2628 et
1189 2552 1340 2629 secretis
1354 2551 1443 2630 dicti
1461 2553 1620 2642 ordinis,
1642 2553 1867 2630 etmantello

455 2683 529 2764 sibi
546 2686 595 2763 ad
613 2683 751 2764 collum
767 2685 905 2792 posito,
929 2684 1051 2760 dictus
1069 2683 1253 2789 recipiens
1272 2681 1434 2761 ostendit
1452 2682 1522 2759 sibi
1542 2710 1692 2761 crucem
1710 2683 1869 2761 existen·

451 2816 586 2893 tamin
602 2815 799 2904 mantello,
822 2831 860 2892 et
878 2814 1045 2921 precepit
1064 2813 1134 2891 sibi
1152 2813 1256 2921 quod
1280 2812 1480 2919 abnegaret
1498 2813 1639 2901 Deum,
1662 2830 1698 2889 et
1718 2831 1870 2919 spueret

451 2974 562 3054 supra
582 2976 730 3024 crucem
750 2946 957 3052 predictam
981 2944 1150 3023 mantelli
1167 2944 1207 3020 in
1227 2944 1405 3051 despectu
1419 2943 1507 3034 Dei,
1525 2960 1563 3020 et
1584 2943 1657 3020 hoc
1683 2944 1761 3048 ipse
1782 2943 1868 3021 fecit

451 3102 532 3163 ore,
552 3093 589 3152 et
605 3103 681 3152 non
698 3074 830 3161 corde,
853 3076 920 3150 sed
939 3102 1015 3151 non
1030 3074 1151 3178 spuit,
1167 3090 1212 3151 ut
1226 3073 1329 3150 dixit.
1343 3074 1446 3152 Dixit
1464 3073 1582 3150 eciam
1600 3099 1668 3178 per
1676 3071 1868 3178 juramen-

450 3220 531 3280 tum
552 3231 664 3280 suum
684 3203 787 3308 quod
802 3202 923 3281 dictus
942 3203 1125 3308 recipiens
1142 3202 1234 3279 dixit
1248 3203 1319 3281 sibi
1339 3201 1443 3309 quod
1462 3203 1493 3280 si
1513 3203 1745 3310 contingeret
1764 3206 1867 3310 quod

451 3330 550 3409 calor
568 3348 719 3439 urgeret
744 3358 833 3406 eum
854 3332 902 3407 ad
930 3331 1141 3419 libidinem,
1163 3333 1268 3439 quod
1290 3332 1424 3410 melius
1444 3352 1523 3412 erat
1541 3351 1580 3410 et
1596 3332 1682 3440 plus
1700 3334 1867 3439 placebat

450 3461 520 3539 sibi
534 3462 638 3571 quod
650 3461 908 3538 commisceret
920 3489 959 3538 se
975 3489 1060 3538 cum
1075 3490 1152 3541 uno
1166 3460 1276 3540 lratre
1290 3492 1403 3570 quam
1417 3494 1504 3542 cum
1519 3463 1754 3543 mulieribus.
1766 3466 1865 3543 Dixit

448 3621 517 3698 per
534 3592 792 3699 juramentum
802 3621 913 3671 suum
925 3592 1027 3699 quod
1041 3590 1201 3669 libenter
1215 3594 1383 3671 exivisset
1398 3594 1444 3670 de
1455 3594 1605 3684 ordine,
1622 3595 1652 3670 si
1667 3594 1795 3672 fuisset
1807 3625 1866 3672 au·

449 3751 532 3813 sus3
549 3724 617 3800 sed
632 3751 708 3801 non
721 3741 939 3813 eratausus,
957 3742 1109 3831 propter
1122 3724 1295 3803 timorem
1307 3743 1505 3832 parentum
1522 3754 1696 3815 suorum,
1713 3727 1864 3831 quiere

449 3851 588 3931 debant
606 3854 709 3960 quod
730 3855 824 3933 ordo
841 3872 939 3933 esset
957 3873 1103 3932 sanctus
1123 3874 1159 3932 et
1177 3854 1316 3946 bonus,
1336 3874 1373 3934 et
1387 3857 1549 3935 fecerant
1565 3883 1713 3963 magnas
1729 3883 1862 3963 expen-

449 4011 505 4061 sas
523 3986 771 4091 properando
789 3984 913 4090 ipsum
928 3985 975 4062 ad
992 3985 1160 4064 eundum
1179 3986 1280 4064 ultra
1291 4014 1409 4077 mare,
1430 4004 1467 4063 et
1484 4016 1531 4064 ne
1551 3986 1748 4064 crederent
1762 3989 1865 4093 quod

447 4130 600 4222 propter
620 4114 807 4193 delectum
825 4115 947 4193 cordis
964 4115 1143 4197 refutaret
1156 4118 1210 4193 ire
1226 4116 1323 4193 ultra
1342 4144 1462 4208 mare,
1484 4136 1521 4195 et
1539 4117 1609 4195 fuit
1625 4118 1671 4195 de
1688 4118 1762 4195 hoc
1779 4146 1864 4196 con-

447 4246 566 4325 sessus
584 4245 757 4353 episcopo
778 4247 998 4336 pictavensi,
1021 4247 1086 4353 qui
1104 4264 1194 4324 tunc
1212 4249 1392 4353 temporis
1413 4265 1501 4337 erat,
1520 4248 1692 4325 videlicet
1707 4248 1861 4327 domino

447 4376 610 4457 Galtero.
620 4378 833 4484 Requisitus
848 4396 975 4455 utrum
987 4379 1037 4466 vi,
1052 4377 1112 4453 vel
1127 4397 1231 4456 metu
1248 4380 1403 4458 carceris
1415 4408 1482 4457 seu
1491 4396 1785 4469 tormentorum,
1801 4398 1864 4458 aut

447 4508 518 4585 alia
542 4509 589 4585 de
615 4536 738 4597 causa,
761 4508 922 4615 aliquam
943 4507 1075 4584 dixerit
1101 4507 1294 4587 falsitatem
1311 4509 1370 4588 vel
1389 4510 1633 4588 immiscuerit
1650 4511 1690 4587 in
1716 4511 1864 4618 deposi-

447 4639 553 4715 cione
570 4667 650 4727 sua,
668 4637 760 4714 dixit
773 4666 839 4742 per
847 4639 1103 4745 juramentum
1123 4667 1235 4718 suum
1249 4640 1352 4746 quod
1373 4669 1469 4729 non;
1491 4642 1609 4719 immo
1623 4641 1716 4717 dixit
1726 4670 1858 4746 puram

447 4782 485 4843 et
503 4794 644 4845 meram
665 4767 867 4845 veritatem.
