4230 5956
435 474 505 549 ma
817 448 1012 545 eneces
1039 468 1133 539 uns
1159 463 1461 537 reuertens

430 643 606 723 magnum
623 614 842 719 Magistrum
859 632 897 690 et
908 612 1000 688 alios
1015 609 1161 714 aliquos
1176 635 1324 684 errores
1341 604 1456 682 luisse
1474 600 1676 693 confessos,
1694 604 1852 681 credens

430 746 535 853 quod
553 745 640 823 illos
659 743 707 823 de
727 743 868 849 quibus
887 745 965 848 ipse
981 767 1092 845 supra
1114 738 1299 844 deposuit.

487 874 701 982 Requisitus
720 874 750 950 si
781 873 832 949 sic
857 872 1081 977 deposuerat
1100 894 1231 973 prece,
1258 882 1453 972 precepto,
1480 865 1635 950 timore,
1663 865 1767 956 odio,
1794 867 1851 942 vel

432 1004 592 1083 comodo
609 1002 807 1108 temporali
823 1002 951 1079 habito
971 999 1028 1077 vel
1046 997 1235 1086 habendo,
1255 996 1450 1102 respondit
1465 994 1570 1102 quod
1583 1022 1680 1085 uon,
1698 995 1767 1072 sed
1783 1025 1852 1101 pro

431 1137 581 1212 veritate
603 1133 761 1211 dicenda
767 1169 776 1224 ;
801 1134 860 1209 cui
882 1132 954 1209 luit
976 1130 1187 1237 injunctum
1212 1127 1319 1235 quod
1335 1156 1411 1204 non
1431 1125 1613 1205 revelaret
1631 1127 1728 1203 hanc
1747 1156 1852 1203 suam

434 1265 730 1372 deposicionem,
748 1291 948 1370 quousque
967 1260 1226 1345 attestaciones
1245 1258 1388 1335 suerint
1402 1255 1608 1363 publicatea
1631 1274 1669 1333 et
1690 1285 1768 1335 non
1786 1256 1853 1332 ob-

433 1394 570 1470 tulerat
590 1424 628 1471 se
649 1397 696 1471 ad
717 1393 988 1471 deffensionem
1006 1390 1095 1467 dicti
1116 1388 1270 1470 ordinis.

397 1675 400 1685 '
489 1658 615 1732 Frater
632 1655 847 1733 Bernardus
870 1655 917 1731 de
946 1653 1099 1736 Alsnnio
1126 1652 1306 1740 serviens,
1330 1650 1646 1731 Claramontensia
1676 1652 1849 1743 diocesis,

432 1787 536 1865 testis
556 1814 667 1892 supra
688 1785 852 1891 juratus,
880 1782 1102 1860 mantellum
1125 1781 1269 1859 ordinis
1288 1799 1326 1857 et
1345 1781 1501 1859 barbam
1526 1781 1727 1873 defferens,
1750 1811 1852 1859 sexa-

433 1916 907 2020 genariusvelcirca,cu1n
927 1942 1004 2020 quo
1023 1913 1246 2019 inquisitum
1266 1911 1403 2001 luerat,
1421 1912 1616 1991 absolutus
1636 1930 1673 1989 et
1686 1913 1851 1991 reconci-

432 2045 541 2122 liatus
558 2075 625 2152 per
639 2046 839 2123 dominum
860 2045 1077 2150 episcopum
1091 2043 1457 2129 Claramontensem,
1476 2042 1583 2121 lectis
1599 2059 1636 2118 et
1651 2042 1851 2148 diligenter

434 2175 609 2278 expositis
628 2174 699 2251 sibi
720 2173 896 2251 omnibus
908 2191 947 2249 et
961 2173 1118 2280 singulis
1133 2171 1315 2258 articulis,
1333 2172 1529 2278 respondit
1547 2200 1586 2250 se
1607 2172 1722 2249 nichil
1741 2174 1849 2261 scire,

434 2330 502 2381 nec
526 2303 697 2389 credere,
727 2332 796 2380 nec
827 2304 1009 2381 audivisse
1040 2302 1113 2379 dici
1146 2303 1192 2381 de
1217 2303 1404 2383 contentis
1432 2303 1504 2381 nisi
1533 2304 1638 2409 quod
1667 2305 1849 2409 sequitur.

433 2433 535 2510 Dixit
552 2434 652 2510 enirn
667 2432 835 2511 sciuisse
855 2450 1064 2540 receptum,
1088 2449 1176 2510 sunt
1190 2434 1337 2511 circiter
1351 2461 1417 2512 xxv
1437 2434 1545 2521 anni,
1568 2434 1607 2510 in
1624 2433 1761 2540 capella
1785 2435 1853 2512 do·

434 2594 525 2647 mus
542 2563 690 2671 Templi
713 2566 759 2641 de
790 2564 987 2642 Braunisio
1010 2564 1049 2640 in
1075 2563 1224 2669 Apulia,
1252 2593 1320 2670 per
1345 2564 1497 2643 lratrem
1526 2564 1773 2644 Guillelmum
1803 2570 1849 2644 de

434 2698 547 2773 Noset
570 2694 730 2773 militem
754 2695 946 2802 quondam
972 2694 1254 2800 provincialem,
1282 2694 1604 2773 locumtenentem
1623 2699 1852 2802 preceptoris

435 2827 588 2931 Apulie,
611 2825 848 2932 presentibus
871 2825 1048 2903 fratribus
1068 2824 1274 2903 Guillelmo
1300 2826 1347 2904 de
1365 2826 1516 2904 Beriant
1535 2825 1852 2904 Clarnmontensis

435 2958 612 3044 diocesis,
640 2956 779 3033 Jacobo
809 2955 858 3032 de
884 2956 1036 3032 Ancona
1062 2973 1099 3033 et
1130 2955 1293 3033 Vassalio
1322 2957 1370 3033 de
1397 2955 1560 3037 Mamilia
1585 2956 1848 3042 servientibus,

435 3086 649 3169 deffuuctis,
668 3084 708 3160 in
724 3086 825 3161 hunc
844 3084 1000 3161 modum
1027 3117 1034 3159 :
1058 3112 1145 3162 nam
1168 3085 1283 3190 petita
1306 3085 1483 3163 societate
1505 3084 1662 3163 fratrum
1686 3086 1848 3175 ordinis,

435 3232 472 3289 et
491 3231 575 3319 post
594 3213 733 3290 multas
749 3215 1002 3291 exortaciones
1020 3214 1091 3290 sibi
1114 3214 1243 3303 factas,
1259 3242 1432 3293 concessa
1447 3216 1589 3303 eidem,
1609 3216 1731 3295 dictus
1750 3246 1852 3294 rece-

437 3361 520 3448 ptor
535 3344 623 3420 lecit
636 3373 724 3421 eum
732 3347 860 3452 jurare
876 3345 980 3450 quod
988 3373 1064 3423 non
1075 3345 1256 3426 revelaret
1265 3346 1679 3453 secretacapituliorum
1695 3348 1849 3436 ordinis,

435 3479 565 3551 vovere
587 3493 624 3551 et
638 3475 766 3581 jurare
786 3475 1010 3563 castitatem,
1028 3476 1309 3566 obedienciam,
1331 3496 1369 3553 et
1384 3479 1507 3554 virere
1525 3479 1604 3554 sine
1624 3479 1792 3583 proprio,
1816 3500 1853 3555 et

434 3634 578 3682 serrare
593 3605 713 3682 bonos
729 3633 820 3681 usus
838 3623 874 3680 et
894 3606 1012 3682 bonas
1028 3607 1324 3684 consuetudines
1342 3636 1417 3713 que
1434 3626 1525 3685 tunc
1545 3625 1650 3685 erant
1672 3625 1710 3684 et
1729 3610 1766 3685 in
1788 3640 1852 3714 po-

435 3754 577 3812 sterum
592 3737 877 3841 imponerentur
896 3738 932 3811 in
955 3738 1104 3826 ordine,
1123 3756 1160 3812 et
1177 3739 1305 3841 juvare
1325 3736 1533 3813 secundnm
1547 3766 1654 3843 posse
1671 3766 1782 3814 suum
1804 3741 1851 3815 ad

434 3865 704 3970 acquirendum
731 3894 888 3972 regnum
916 3867 1189 3972 lherosolynic,
1217 3885 1255 3943 et
1281 3868 1385 3973 quod
1414 3897 1490 3944 non
1517 3887 1615 3947 esset
1645 3870 1683 3944 in
1703 3868 1785 3944 loco
1805 3871 1849 3962 ‚in

317 4003 330 4027 ⁴
435 4025 510 4100 quo
522 3998 1118 4104 aliquisexheredareturinjuste,
1134 4027 1202 4075 nec
1214 3999 1422 4075 dimitteret
1437 4000 1609 4077 ordinem
1622 4027 1688 4104 pro
1701 4000 1849 4075 meliori

435 4125 492 4201 vel
510 4128 697 4204 deteriori.
715 4130 800 4221 Quo
818 4129 911 4204 lactc
928 4129 1110 4234 imposuit
1127 4129 1196 4206 sibi
1214 4127 1456 4214 mantellum,
1477 4147 1515 4205 et
1537 4131 1615 4234 ipse
1642 4146 1678 4205 et
1692 4146 1852 4206 astantes

435 4255 591 4331 osculati
609 4256 763 4333 suerunt
777 4286 866 4336 eum
887 4260 925 4334 in
948 4289 1024 4336 ore.
1047 4259 1194 4338 Deinde
1210 4258 1317 4335 allata
1338 4259 1624 4365 quadamcruce
1644 4287 1711 4364 per
1731 4289 1850 4338 unum

434 4384 482 4462 de
497 4384 690 4472 fratribus,
713 4388 829 4464 nescit
841 4417 910 4494 pen
921 4418 1054 4493 quem,
1077 4389 1201 4495 lignea
1218 4391 1313 4466 siout
1326 4390 1463 4477 credit,
1486 4391 1612 4495 inqua
1629 4409 1706 4466 erat
1719 4419 1851 4496 ymago

433 4515 605 4594 Crucifixi
624 4518 787 4621 depicta,
804 4519 971 4623 precepit
986 4521 1024 4593 ei.
1037 4519 1159 4595 dictus
1179 4538 1350 4626 receptor
1364 4521 1470 4626 quod
1489 4537 1642 4625 spueret
1657 4549 1770 4626 super
1788 4520 1851 4596 di—

434 4660 530 4720 ctam
544 4647 855 4751 crucem,quiaitn
867 4645 1026 4723 debebat
1037 4647 1167 4736 lacere,
1184 4668 1221 4725 et
1232 4653 1314 4753 ipse
1325 4651 1429 4728 testis
1441 4651 1541 4754 spuit
1545 4651 1650 4755 juxta
1659 4676 1850 4754 nonsuper

439 4774 575 4848 dictam
596 4804 757 4851 crucem.
775 4775 1022 4851 Postmodum
1044 4779 1210 4883 precepit
1227 4780 1260 4854 ei
1276 4780 1380 4886 quod
1398 4781 1598 4887 abnegaret
1615 4781 1791 4865 Jhesumr
1813 4798 1851 4856 et
