4230 5956
459 446 534 520 css
608 416 610 420 ’
839 417 1034 515 suocts
1063 436 1494 515 ousrsurcurns.

451 582 659 689 assumptis
690 577 934 688 cingebantur
964 608 1077 686 super
1108 578 1275 657 camisias
1306 609 1393 658 cum
1422 578 1563 685 quibus
1578 579 1766 687 jacebant
1797 588 1872 680 Qui

457 713 682 794 revelassent
711 726 849 788 secreta
883 709 1165 815 capitoliorum,
1200 709 1357 817 graviter
1376 707 1499 816 puniti
1527 707 1695 789 tuumne
1725 715 1874 794 Fratres

460 845 605 924 ordinis
627 842 693 950 qui
721 840 889 919 sciebant
915 838 1036 916 dictos
1062 866 1209 920 errores
1232 838 1388 917 fuerunt
1406 838 1656 946 negligentes,
1679 843 1873 948 quianon

459 989 701 1053 correxerunt
722 996 786 1047 eos
804 997 875 1046 nec
892 968 1216 1047 denunciaverunt
1238 968 1415 1046 Ecclesie.
1433 967 1488 1043 Ex
1506 985 1685 1075 precepto
1704 975 1874 1078 superio-

458 1132 545 1183 rum
560 1128 720 1181 suorum
735 1097 859 1199 {fiebat
885 1097 1090 1176 elemosina
1114 1097 1300 1204 generalis
1317 1114 1380 1174 -ter
1398 1097 1439 1173 in
1458 1096 1672 1197 ebdomada
1699 1103 1876 1182 omnibus

457 1232 696 1311 venientibus
719 1245 758 1306 et
777 1228 914 1310 cotidie
938 1227 1163 1336 peregrinis,
1180 1243 1220 1303 et
1241 1226 1519 1333 precipiebatur
1536 1229 1646 1333 quod
1660 1258 1795 1309 eorum
1816 1260 1875 1310 ca-

458 1362 576 1470 pellas
593 1362 691 1438 bene
706 1374 880 1436 tenerent
899 1374 1063 1445 ornatas,
1085 1374 1123 1435 et
1139 1357 1243 1463 quod
1266 1384 1344 1436 non
1363 1357 1603 1464 acquirerent
1624 1358 1794 1439 indebite
1813 1390 1875 1441 or-

459 1491 552 1570 dini.
569 1487 754 1596 Capitolia
766 1485 861 1564 vidit
874 1487 1012 1576 teneri,
1027 1486 1140 1564 missa
1154 1486 1357 1577 celebrata,
1371 1486 1410 1563 in
1426 1514 1575 1577 aurora,
1583 1487 1710 1595 januis
1722 1488 1871 1579 clausis,

458 1640 500 1699 et
513 1618 780 1727 providebatur
796 1644 844 1693 ne
858 1614 1057 1697 ¹audiretur
1076 1615 1237 1694 exterius
1252 1616 1358 1721 quod
1376 1615 1537 1695 interius
1552 1616 1742 1724 agebatur.
1759 1619 1872 1698 Ordi-

457 1767 543 1828 nata
558 1777 627 1855 per
641 1746 860 1854 Magistrum
872 1773 960 1822 curn
977 1762 1162 1823 conventu
1174 1762 1353 1821 servasset
1363 1761 1470 1823 totus
1483 1744 1595 1835 ordo,
1615 1762 1744 1825 contra
1757 1776 1872 1855 quem

457 1908 560 1958 nunc
577 1877 731 1987 grandia
754 1874 944 1966 scaudala,
965 1875 1127 1980 suspicio
1154 1891 1193 1951 et
1217 1872 1370 1951 infamia
1392 1892 1649 1969 surrexeris,
1673 1893 1713 1954 et
1732 1878 1874 1955 audivit

458 2008 533 2087 dici
543 2037 565 2084 a
574 2006 750 2085 fratribus
759 2004 921 2084 Geraldo
936 2003 972 2081 la
980 2004 1129 2084 Veruha
1141 2019 1359 2110 preceptore
1375 2004 1424 2081 de
1439 2005 1749 2112 Petregoricinio,
1763 2026 1802 2085 et
1811 2009 1874 2085 Pe

455 2158 516 2217 tro
530 2138 664 2217 Danbo
682 2153 775 2213 tunc
787 2151 1006 2240 preceptore
1021 2134 1062 2212 in
1076 2133 1269 2225 Vienesio,
1285 2133 1534 2213 servientibus
1551 2135 1768 2226 daffunctis,
1787 2156 1874 2215 sunt

457 2268 603 2345 circiter
615 2265 783 2356 tiranni,
795 2263 888 2340 dum
903 2263 1015 2341 simul
1026 2264 1239 2369 equitarent
1248 2264 1295 2341 de
1309 2262 1487 2371 Villagast
1499 2264 1602 2370 apud
1616 2264 1747 2373 Cirray
1760 2266 1873 2347 Picta·

457 2395 579 2477 vensis
599 2393 773 2480 diocesis,
793 2393 900 2499 quod
918 2392 1009 2470 dicti
1029 2420 1174 2470 errores
1188 2419 1264 2470 nou
1281 2392 1505 2471 duraverant
1517 2392 1632 2501 longo
1648 2410 1818 2499 tempore
1832 2397 1872 2472 in

457 2525 608 2616 ordine,
635 2540 672 2600 et
694 2521 816 2629 quod,
841 2522 872 2598 si
896 2522 980 2599 Deo
1006 2521 1185 2628 placeret,
1210 2522 1455 2629 corrigerent,
1476 2538 1516 2599 et
1533 2522 1655 2601 credit
1669 2523 1750 2629 ipse
1767 2525 1873 2602 testis

456 2655 562 2762 quod
576 2653 638 2730 alii
649 2652 779 2730 fratres
791 2650 935 2729 ordinis
945 2650 1199 2729 communiter
1210 2652 1347 2730 scirent
1359 2652 1478 2730 dictos
1489 2679 1637 2731 errores
1649 2651 1873 2731 confessatos

456 2812 525 2890 per
538 2811 645 2875 eum,
662 2798 701 2859 et
713 2779 819 2888 quod
831 2781 1008 2890 Magister
1020 2798 1058 2859 et
1072 2780 1135 2858 alii
1150 2779 1281 2860 fratres
1298 2780 1442 2859 ordinis
1460 2780 1594 2857 cadem
1609 2781 1686 2859 sint
1701 2781 1870 2861 confessi.

455 2917 541 2993 Non
565 2913 755 2991 obtulerat
773 2938 813 2989 se
833 2912 881 2989 ad
901 2911 1173 2990 deffensionem
1193 2912 1354 3002 ordinis,
1376 2939 1448 2991 nec
1466 2910 1588 2989 ficerat
1605 2911 1706 2988 ultra
1725 2939 1841 2989 mare.

511 3042 727 3149 Requisitus
738 3039 770 3116 si
783 3040 836 3118 sic
849 3040 1075 3145 deposuerat
1085 3069 1212 3147 prece,
1227 3058 1423 3147 precepto,
1437 3040 1592 3129 timore,
1607 3066 1751 3131 amore,
1762 3041 1869 3129 odio,

456 3170 515 3250 vel
528 3168 728 3274 temporali
745 3169 905 3246 comodo
924 3170 1054 3248 habito
1070 3171 1128 3248 vel
1145 3171 1339 3266 babendo,
1358 3171 1554 3276 respondit
1565 3171 1672 3278 quod
1687 3198 1783 3263 non,
1804 3172 1873 3249 sed

456 3327 526 3407 pro
545 3299 697 3376 veritate
724 3297 903 3386 dicendar
925 3299 986 3376 cui
1009 3297 1082 3377 fuit
1102 3301 1316 3407 injunctum
1339 3300 1445 3407 quod
1468 3328 1548 3379 nou
1573 3299 1754 3379 revelaret
1778 3302 1874 3379 hanc

456 3456 562 3507 suam
578 3427 875 3534 deposicionem,
893 3456 1090 3536 quousque
1111 3430 1369 3510 attestaciones
1382 3428 1524 3508 luerint
1537 3429 1748 3535 publicate3
1767 3448 1804 3509 et
1821 3431 1873 3509 in·

456 3556 649 3666 telligebat
668 3555 854 3661 Latimm.

511 3822 640 3898 Frater
654 3816 882 3899 Guillelmus
895 3818 1034 3926 Aprilis
1048 3821 1227 3914 serviens,
1244 3822 1561 3902 claramontensis
1577 3821 1750 3912 diocesis,
1767 3821 1871 3899 testis

455 3977 568 4056 supra
581 3950 746 4056 juratus,
767 3949 1025 4057 sexagenarius
1042 3951 1101 4027 vel
1115 3950 1227 4043 circa,
1248 3952 1315 4059 qui
1337 3953 1508 4030 habitum
1532 3950 1741 4031 voluntarie
1758 3949 1872 4027 dimi·

455 4096 553 4156 serat
573 4094 611 4154 et
626 4079 708 4155 radi
723 4076 860 4156 lecerat
876 4077 947 4158 sibi
965 4078 1139 4170 barbam,
1157 4110 1244 4157 cum
1264 4109 1341 4188 quo
1363 4082 1584 4188 inquisitum
1605 4079 1744 4168 bremt,
1765 4080 1872 4158 abso-

453 4205 556 4284 lutus
571 4222 609 4282 et
623 4206 882 4289 reconciliatus
897 4238 966 4315 per
985 4211 1184 4288 dominum
1202 4210 1420 4318 episcopum
1440 4211 1801 4299 Claramontensem,
1820 4210 1873 4289 le·

445 4336 522 4416 ctis
531 4352 569 4414 et
580 4334 780 4443 diligenter
794 4340 968 4444 expositis
983 4341 1054 4418 sibi
1068 4341 1247 4420 omnibus
1261 4359 1300 4420 et
1311 4339 1468 4448 singulis
1482 4339 1665 4431 articulis,
1677 4340 1873 4444 respondit

453 4493 492 4543 se
510 4466 670 4558 nescire,
692 4495 762 4545 nec
786 4469 954 4558 credere,
984 4499 1053 4547 nec
1078 4473 1260 4551 audivisse
1282 4471 1355 4549 dici
1383 4473 1430 4549 de
1457 4470 1644 4550 contentis
1664 4471 1705 4546 in
1725 4468 1779 4546 eis
1800 4468 1874 4545 nisi

454 4595 559 4701 quod
578 4599 767 4703 sequitur:
792 4597 967 4674 videlicet
984 4600 1089 4704 quod
1118 4602 1197 4707 ipse
1215 4602 1321 4680 testis
1340 4602 1463 4681 luerat
1490 4617 1662 4707 receptus
1678 4599 1718 4676 in
1731 4595 1871 4705 capella

455 4720 590 4800 domus
613 4723 761 4828 Templi
788 4724 835 4801 de
859 4722 1004 4802 berleta
1029 4724 1069 4801 io
1091 4726 1246 4832 Apulia,
1274 4748 1365 4807 aunt
1385 4731 1533 4811 circiter
1557 4754 1651 4811 mv
1669 4728 1778 4817 anni,
1803 4753 1871 4833 Per
