4230 5956
477 439 549 511 iso
861 416 1056 506 rxocits
1082 431 1176 504 ons
1203 428 1502 502 viiiriiiiits.

473 596 595 686 gatus,
609 576 993 681 respondensnegavit
1006 576 1131 651 omnia
1147 588 1185 647 et
1195 572 1340 676 singula
1353 587 1524 647 contenta
1541 571 1578 644 in
1593 567 1701 644 dictis
1715 564 1902 655 articulis;

475 708 614 783 addens
633 707 735 811 quod
755 723 901 809 peccata
923 733 987 780 sua
1006 720 1161 807 possunt
1180 700 1347 777 confiteri
1369 700 1575 807 presbitero
1593 697 1783 803 capellano
1798 697 1904 803 ejus-

476 838 561 912 dem
575 836 733 922 ordinis,
752 836 805 909 cis
820 851 942 910 autem
958 831 1234 919 deficientibus,
1249 848 1420 936 poterant
1435 849 1471 906 et
1486 846 1660 935 possunt,
1676 827 1725 903 de
1739 855 1903 904 consue-

474 966 605 1043 tudine
621 984 658 1041 et
670 992 774 1040 more
791 964 878 1039 dicti
895 964 1053 1050 ordinis,
1071 963 1173 1038 adire
1188 961 1343 1037 licenter
1358 960 1547 1066 quoslibet
1561 958 1904 1065 religiososappro-

475 1098 558 1171 bate
585 1093 774 1201 religionis
800 1093 856 1169 vel
876 1092 990 1168 alium
1010 1091 1216 1198 quemlibet
1238 1092 1487 1197 presbiterum
1511 1088 1732 1175 secularem,
1757 1088 1901 1193 quibus

474 1242 621 1330 peccata
634 1253 699 1301 sua
712 1223 950 1309 confitentur,
963 1239 1001 1298 et
1011 1222 1259 1327 penitenciam
1271 1222 1467 1298 salutarem
1479 1219 1725 1325 recipiuntab
1738 1219 1899 1294 eisdem.

531 1355 587 1430 Ad
608 1354 716 1430 lxxxii
741 1352 937 1428 articulum
964 1352 1164 1457 diligenter
1188 1352 1450 1457 interrogatus,
1477 1351 1570 1426 dixit
1589 1379 1628 1425 se
1649 1349 1900 1426 concredere

475 1501 647 1561 contenta
667 1486 706 1560 in
726 1513 782 1592 eo..
823 1504 843 1537 ⁰
1610 1463 1614 1471 ¹

530 1615 587 1691 ild
603 1615 742 1702 lxxxiii,
766 1614 903 1690 lxxxiiii
927 1632 963 1689 et
987 1612 1092 1690 lxxxv
1111 1613 1287 1690 articulos
1307 1613 1501 1703 inclusive,
1520 1611 1721 1718 diligenter
1740 1629 1778 1687 et
1792 1612 1901 1718 sigil-

476 1746 577 1821 latim
599 1747 859 1851 interrogatus,
881 1742 1109 1849 respondens
1130 1743 1222 1819 dixit
1240 1771 1279 1820 se
1298 1743 1449 1819 credere
1469 1743 1574 1848 quod
1591 1743 1681 1818 dicti
1701 1741 1833 1818 fratres
1849 1743 1900 1819 de

474 1877 611 1981 quibus
628 1876 748 1981 agitur
767 1876 806 1951 in
822 1874 988 1951 articulis
1002 1874 1078 1950 sint
1097 1873 1253 1950 confessi
1274 1901 1419 1949 errores
1437 1873 1625 1978 predictos
1640 1872 1697 1948 rel
1715 1872 1898 1976 majorem

474 2024 617 2109 partem
634 2032 764 2082 eorum
775 2005 1004 2080 sanctissimo
1021 2002 1175 2080 domino
1195 2020 1324 2079 nostro
1339 2032 1433 2108 pape
1449 2019 1488 2079 et
1499 2030 1624 2080 coram
1639 2001 1803 2078 dominis
1815 2031 1900 2078 rar·

476 2135 661 2211 dinalibus
676 2152 713 2211 et
727 2162 852 2211 coram
873 2133 954 2210 aliis
969 2133 1078 2209 bonis
1098 2133 1195 2208 viris.
1216 2133 1315 2209 Dicit
1329 2150 1453 2208 tamen
1467 2160 1507 2208 se
1523 2132 1677 2208 credere
1692 2131 1798 2236 qu'od
1813 2161 1901 2236 pre-

475 2265 563 2340 dicti
579 2264 709 2341 fratres
727 2265 946 2340 confitentes
960 2263 1052 2338 falso
1071 2262 1186 2340 modo
1201 2262 1361 2340 confessi
1377 2279 1466 2339 sunt
1483 2262 1705 2366 supradicta.

531 2395 576 2467 Et
595 2395 667 2468 hoc
688 2393 777 2468 dicit
801 2391 896 2468 salva
919 2421 1068 2496 semper
1088 2392 1299 2469 excellentia
1330 2393 1472 2469 domini
1497 2394 1613 2468 nostri
1639 2420 1733 2496 pape
1757 2412 1793 2469 et
1813 2395 1899 2499 ejus

476 2523 693 2608 consistorii,
714 2521 913 2598 ethonore
933 2522 1172 2598 dominorum
1193 2522 1449 2598 cardinalium.

530 2653 587 2729 Ad
603 2653 720 2731 lxxxvi
735 2652 932 2728 articulum
950 2651 1148 2759 diligenter
1161 2653 1422 2761 inteirogatus,
1437 2653 1670 2758 respondens
1683 2653 1776 2728 dixit
1786 2656 1898 2760 quod

474 2783 586 2860 frater
614 2785 856 2892 Raymundus
885 2784 932 2859 de
957 2781 1094 2860 Gardia
1118 2801 1314 2889 preceptor
1337 2784 1473 2860 domus
1501 2784 1619 2860 Mansi
1646 2785 1714 2860 Dei
1751 2785 1899 2861 ordinis

475 2914 563 2990 dicti
583 2915 746 3019 Templi,
765 2915 828 3021 qui
842 2931 934 2990 tunc
950 2930 1027 2989 erat
1045 2928 1084 2989 et
1103 2912 1227 2989 adbuc
1246 2931 1318 3000 est,
1338 2914 1478 3017 recepit
1494 2914 1616 3019 ipsum
1632 2930 1670 2989 et
1686 2914 1896 2992 Johannem

475 3045 521 3118 de
540 3045 683 3121 Comba
704 3044 953 3149 presbiterum
971 3060 1008 3119 et
1026 3044 1240 3120 Ferrarium
1260 3045 1345 3120 Hoti
1362 3046 1400 3119 in
1414 3043 1543 3120 fratres
1563 3044 1652 3120 dicti
1673 3046 1832 3135 ordinis,
1856 3049 1896 3123 in

475 3170 588 3246 domo
599 3173 716 3246 Mansi
734 3173 820 3258 Dei,
835 3174 874 3245 in
888 3170 1027 3273 capella
1043 3170 1211 3275 ejusdem
1229 3173 1362 3249 domus
1378 3174 1495 3249 Mansi
1515 3175 1603 3259 Dei,
1623 3190 1702 3250 iiii*
1716 3176 1801 3250 anni
1814 3175 1895 3251 fue·
1940 3211 1943 3215 ’

474 3317 562 3373 runt
577 3298 689 3401 elapsi
706 3299 766 3373 die
780 3299 973 3374 Dominica
993 3301 1086 3374 circa
1107 3298 1241 3375 festum
1257 3304 1368 3377 sancti
1390 3303 1538 3379 Martini
1559 3306 1725 3407 proxime
1740 3308 1897 3410 preteri-

474 3449 570 3514 tum,
589 3429 792 3504 astantibus
806 3447 842 3504 ct
858 3430 1095 3533 presentibus
1109 3429 1371 3507 Bartholomeo
1387 3432 1433 3507 de
1448 3435 1585 3521 Turre,
1603 3437 1669 3510 Bu.
1687 3434 1894 3511 Guerrerio

473 3559 685 3663 presbiteris
706 3577 743 3634 et
762 3559 961 3663 capellanis
974 3577 1010 3635 et
1028 3560 1201 3637 fratribus
1217 3560 1304 3636 dicti
1322 3562 1479 3650 ordinis,
1503 3582 1541 3639 et
1561 3566 1786 3668 quibusdam
1809 3569 1894 3642 aliis

473 3691 718 3767 confratribus
738 3692 834 3767 dicte
856 3692 999 3768 domus,

529 3822 663 3898 Modus
679 3839 802 3896 autem
820 3851 886 3896 sue
900 3824 1128 3927 recepcionis
1139 3841 1176 3899 et
1192 3826 1376 3902 dictorum
1395 3829 1557 3904 duomm
1573 3830 1727 3905 fratrum
1742 3859 1829 3905 cum
1846 3859 1893 3906 eo

472 3951 542 4025 fuit
556 3952 637 4025 talis
653 3951 800 4055 qualem
817 3952 937 4028 dictus
954 3952 1063 4028 frater
1077 3954 1361 4032 Bartholomcus
1375 3957 1466 4032 dixit
1481 3960 1518 4033 in
1534 3989 1599 4034 sua
1612 3959 1891 4049 testificatione,

473 4097 510 4153 et
530 4081 631 4155 utile
651 4082 750 4158 dicto
770 4084 883 4159 modo
899 4084 1103 4187 recipiendi
1120 4085 1250 4162 fratres
1271 4087 1318 4161 ad
1339 4087 1479 4162 dictum
1495 4089 1664 4165 ordinem
1683 4089 1725 4164 fit
1746 4094 1892 4168 mentio

472 4212 510 4284 in
530 4209 626 4285 libro
647 4228 869 4288 statutorum
891 4232 927 4288 et
948 4214 1076 4320 regule
1097 4216 1184 4291 dicti
1200 4217 1358 4304 ordinis,
1380 4219 1544 4295 exhibito
1567 4237 1603 4295 et
1622 4222 1759 4297 tradito
1779 4224 1893 4299 nobis

472 4340 754 4445 inquisitoribus
774 4371 839 4445 per
860 4343 1000 4418 dictum
1020 4343 1169 4419 fratrem
1188 4346 1493 4424 Bartholomeum
1510 4349 1556 4424 de
1571 4351 1709 4438 Turre,
1723 4352 1890 4455 primum

470 4486 617 4546 testem.

527 4599 583 4674 ild
593 4598 724 4676 lxxxvii
740 4620 778 4677 et
792 4603 936 4680 lxxxviii
950 4623 988 4680 ct
1003 4603 1177 4681 ultimum
1188 4607 1362 4684 articulos
1378 4608 1576 4716 diligenter
1588 4614 1838 4719 interrogatus
1854 4633 1892 4691 et

471 4724 672 4830 sigillatim,
701 4735 893 4836 respondit
912 4754 950 4811 et
968 4737 1112 4841 negavit
1125 4739 1249 4813 omnia
1270 4755 1307 4815 et
1326 4740 1468 4844 singula
1481 4761 1657 4820 contenta
1674 4745 1713 4819 in
1735 4746 1800 4821 eis.
