4230 5956
669 463 864 558 rnocus
890 483 985 555 ons
1010 482 1310 554 rnnrmnns.
1624 483 1700 559 aaa

279 625 381 703 culos
399 624 575 700 inclusive
601 622 848 728 interrogatus
873 622 1107 729 singulariter
1132 638 1172 698 et
1191 621 1399 727 sigillatim,
1433 623 1578 727 negavit
1600 625 1699 729 ipsos

278 753 452 832 articulos
472 770 509 829 et
522 753 648 830 omnia
668 769 705 830 et
722 753 864 858 singula
879 769 1051 831 contenta
1072 753 1111 828 in
1130 754 1196 830 eis.

334 884 393 960 Ad
411 906 636 963 xv1-xxv111
658 882 833 960 articulos
852 882 1029 961 inclusive
1049 883 1279 989 respondens
1298 881 1486 988 sigillatim
1500 911 1612 990 super
1626 888 1700 962 sin-

278 1015 390 1121 gulis,
411 1014 559 1122 negavit
577 1041 642 1093 eos
657 1031 696 1090 et
710 1014 837 1091 omnia
856 1031 894 1092 et
913 1015 1057 1121 singula
1075 1016 1301 1092 contentam
1322 1015 1391 1103 eis,
1412 1013 1577 1092 adiciens
1597 1016 1699 1121 quod

280 1146 358 1249 ipse
379 1145 445 1251 qui
465 1144 634 1251 loquitur
652 1144 717 1251 qui
737 1145 921 1250 presbiter
939 1163 1010 1235 est,
1037 1163 1074 1223 et
1093 1164 1172 1223 erat
1192 1163 1390 1251 antequam
1415 1162 1511 1222 esset
1528 1163 1700 1252 receptus

278 1276 317 1350 in
331 1275 482 1353 fratrem
501 1275 590 1352 dicti
609 1275 768 1365 ordinis,
790 1276 882 1352 dixit
900 1277 941 1352 in
958 1305 1097 1354 canone
1117 1277 1246 1365 misse,
1266 1276 1439 1382 quandiu
1454 1276 1583 1353 missas
1596 1274 1700 1353 cele·

279 1407 413 1495 bravit‚
443 1407 553 1484 verba
572 1407 744 1483 ordinata
762 1436 830 1513 per
850 1436 925 1514 que
947 1407 1143 1485 conficitur
1162 1435 1296 1512 corpus
1315 1407 1470 1496 Christi,
1493 1407 1701 1512 exprimens

281 1557 317 1613 et
335 1538 525 1614 declarans
549 1566 673 1615 coram
696 1538 807 1622 nobis
827 1538 1109 1645 inquisitoribus
1127 1539 1166 1614 in
1187 1539 1352 1645 presenti
1374 1567 1439 1615 sua
1462 1538 1700 1644 deposicione

281 1670 358 1774 ipsa
376 1667 487 1745 verba
510 1669 659 1762 canonis
678 1669 718 1745 in
736 1670 838 1747 hunc
854 1670 1011 1748 modum
1031 1701 1039 1746 :
1057 1672 1164 1747 «Hoc
1188 1687 1244 1747 est
1262 1671 1364 1746 enim
1381 1697 1515 1773 corpus
1529 1696 1700 1745 meum..

280 1799 463 1887 Credens,
483 1815 525 1876 ut
546 1799 653 1889 dixit,
681 1800 786 1907 quod
806 1802 920 1878 ceteri
942 1801 1137 1907 presbiteri
1163 1800 1253 1876 dicti
1274 1799 1415 1876 ordinis
1439 1798 1542 1874 idem
1569 1796 1702 1875 faciant
1807 1889 1810 1896 ¹

280 1931 375 2005 sicut
390 1930 503 2006 ceteri
519 1957 651 2007 omnes
664 1932 862 2036 presbiteri
876 1930 1094 2018 Christiani;
1121 1929 1285 2006 adiciens
1305 1929 1422 2006 eciam
1444 1928 1549 2034 quod
1569 1926 1701 2034 aliquis

280 2076 477 2165 preceptor
490 2058 549 2137 vel
564 2060 683 2165 quivis
698 2061 792 2141 alius
812 2061 927 2138 frater
938 2061 1027 2139 dicti
1041 2061 1184 2138 ordinis
1198 2087 1276 2137 non
1297 2059 1385 2136 fecit
1401 2058 1471 2136 sibi
1484 2076 1701 2166 preceptum

283 2192 329 2267 de
350 2190 596 2268 obmittendis
611 2191 719 2268 dictis
737 2191 875 2280 verbis3
897 2218 967 2268 nec
982 2190 1125 2268 audivit
1143 2190 1191 2269 ab
1211 2190 1294 2268 aliis
1313 2190 1485 2267 interdici
1501 2192 1702 2297 quominus

282 2322 379 2398 dicta
400 2320 511 2398 verba
539 2338 614 2397 tam
641 2322 883 2399 sacratissima
907 2339 1056 2429 tamque
1081 2350 1229 2399 summe
1255 2321 1461 2398 necessaria
1485 2338 1521 2397 et
1540 2321 1703 2399 salubria

283 2453 508 2542 dicerentur,
523 2452 611 2531 licet
628 2453 730 2530 idem
747 2453 812 2562 qui
826 2453 993 2560 loquitur
1001 2453 1136 2529 viderit
1152 2453 1377 2559 presbiteros
1393 2451 1507 2558 recipi
1521 2451 1559 2528 in
1572 2451 1703 2530 fratres

282 2582 424 2658 ordinis
445 2583 658 2693 supradicti,
681 2583 820 2691 quibus
837 2610 1029 2690 nunquam
1049 2583 1191 2660 audivit
1213 2611 1233 2659 a
1256 2583 1464 2688 superiore,
1485 2583 1543 2659 vel
1563 2581 1610 2658 ab
1629 2583 1702 2661 alio

282 2713 498 2819 Templario
526 2733 589 2792 aut
616 2741 853 2821 quocumque
881 2714 955 2792 alio
979 2714 1163 2792 interdici.
1186 2713 1333 2819 Adjecit
1358 2715 1473 2790 eciam
1493 2740 1533 2791 se
1551 2712 1702 2790 credere

222 2874 226 2882 ·
283 2862 551 2922 sacramentum
564 2845 699 2936 altaris,
711 2863 751 2923 'et
762 2845 832 2922 alia
842 2861 1068 2923 sacramenta
1077 2845 1258 2933 Ecclesie,
1271 2846 1366 2921 sicut
1376 2844 1497 2950 quivis
1511 2844 1605 2921 alius
1615 2843 1705 2922 fide·

283 2975 445 3052 lissimus
458 2975 687 3054 Christianus
711 2975 831 3054 credit
854 2993 893 3053 et
913 2974 1027 3053 debet
1045 2974 1199 3052 credero
1223 2991 1448 3052 sacramenta
1471 2974 1636 3052 Ecclesie
1657 2976 1704 3051 ad

283 3108 491 3184 animarum
508 3107 678 3186 fidelium
700 3107 896 3216 [soluteml]
917 3136 997 3186 esse
1012 3109 1159 3214 prodita
1178 3126 1254 3185 eta
1273 3111 1436 3186 Romana
1455 3107 1703 3214 Ecclesia-pro

283 3235 458 3313 fidelibus
477 3238 698 3314 introducta.
1629 3270 1633 3275 ·

289 3430 292 3435 .
339 3366 397 3443 ad
420 3392 503 3445 xxix
523 3351 718 3445 articulum
732 3367 988 3472 respondens,
1013 3367 1108 3444 dixit
1129 3384 1300 3444 contenta
1321 3367 1361 3442 in
1383 3368 1466 3475 ipso
1488 3369 1645 3446 articulo
1665 3397 1704 3446 se

283 3523 359 3574 non
380 3498 533 3575 credere
552 3527 638 3576 vera
656 3527 754 3585 essm
772 3515 811 3575 et
823 3496 963 3576 siforte
982 3497 1175 3576 confessus
1196 3497 1269 3574 fuit
1282 3499 1361 3604 ipse
1373 3500 1550 3605 Magister
1568 3499 1705 3604 dequo

284 3628 322 3703 in
339 3629 496 3705 articulo
516 3630 637 3734 agitur
655 3629 847 3707 confessus
865 3629 953 3718 fuit,
974 3645 1018 3705 ut
1034 3629 1113 3733 ipse
1132 3628 1198 3732 qui
1212 3627 1382 3735 loquitur
1401 3629 1537 3716 credit,
1551 3656 1627 3704 non
1650 3646 1706 3706 est

283 3757 473 3835 consessus
491 3759 692 3835 veritatem.
1543 3784 1546 3788 ·

340 3885 399 3963 Ad
418 3913 653 3965 xxx-xxxm
677 3886 852 3965 articulos
873 3886 1057 3967 *inclusive
1076 3885 1326 3993 respondens,
1350 3887 1443 3964 dixit
1461 3887 1653 3995 sigillatim
1669 3906 1706 3967 et

286 4017 468 4107 districte,
500 4021 648 4125 negavit
675 4019 801 4097 omnia
828 4035 866 4097 et
893 4019 1038 4126 singula
1064 4036 1236 4097 contenta
1264 4019 1303 4095 in
1325 4019 1396 4108 eis,
1426 4036 1578 4128 excepto
1602 4021 1706 4128 quod

286 4145 477 4225 confessus
496 4148 672 4254 estquod
690 4165 861 4254 receptus
884 4148 1103 4255 quilibetin
1123 4149 1205 4256 ipso
1225 4150 1358 4227 ordine
1378 4149 1565 4228 osculatur
1583 4152 1707 4257 ipsum

286 4276 529 4383 recipientem
539 4278 578 4354 in
593 4306 658 4355 ore
676 4295 835 4357 tantum.
853 4280 901 4356 Et
916 4279 991 4358 hoc
1002 4280 1094 4356 dixit
1105 4279 1184 4386 ipse
1195 4280 1259 4384 qui
1275 4280 1445 4386 loquitur
1456 4308 1495 4359 se
1515 4270 1706 4361 scirsideo

287 4407 373 4512 quia
392 4407 485 4485 vidit
503 4409 627 4514 plures
653 4408 785 4487 fratres
802 4409 918 4515 recipi
942 4411 982 4486 in
1003 4410 1135 4488 ordine
1154 4410 1382 4518 supradicto,
1402 4412 1468 4518 qui
1486 4408 1707 4490 osculaban-

286 4553 348 4614 tur
361 4554 506 4617 tantum
526 4528 645 4617 inore
662 4540 785 4645 ipsum
805 4540 1062 4644 recipientem,
1083 4558 1253 4647 utsupra
1268 4540 1454 4648 deposuit.
1674 4558 1679 4568 '

345 4667 402 4745 Ad
416 4694 540 4748 uxuu
559 4668 759 4748 articulum
777 4671 1022 4778 respondens,
1044 4671 1138 4749 dixit
1154 4688 1194 4748 et
1208 4668 1474 4793 confessusgest
1492 4671 1597 4780 quod
1615 4671 1709 4749 reci-

289 4798 395 4904 piens
414 4798 567 4876 fratrem
587 4799 750 4906 aliquem
771 4801 810 4877 in
829 4800 930 4879 dicto
944 4801 1078 4881 ordine
1092 4801 1179 4879 lacit
1197 4800 1304 4880 illum
1318 4800 1446 4911 jurare
1466 4799 1569 4910 quod
1584 4801 1708 4910 ipsum

1488 4948 1537 5013 56.
