4230 5956
487 431 560 506 rot
869 411 1068 504 rnocts
1095 429 1190 500 uss
1217 427 1521 500 rsurmurs.

483 576 585 653 latim
606 575 871 682 interrogatus,
904 571 1136 678 respondeus
1166 570 1311 677 negavit
1340 569 1443 676 ipsos
1467 567 1642 646 articulos
1665 584 1703 644 et
1727 565 1862 644 omnia
1884 580 1926 641 et

484 706 627 815 singula
655 721 830 784 contenta
856 704 982 792 ineis,
1006 719 1159 809 excepto
1183 701 1288 808 quod
1308 701 1500 780 coufessus
1527 717 1583 777 est
1607 697 1713 806 quod
1739 712 1926 802 receptus

484 838 727 944 recipientem
747 835 933 913 osculatur
957 834 996 910 in
1016 861 1081 911 ore
1103 849 1251 909 tantum
1272 850 1311 910 et
1329 832 1477 938 aliquos
1503 831 1550 908 de
1571 828 1749 907 fratribus
1769 827 1923 906 ibidem

485 967 700 1046 astantibus.

542 1100 599 1176 Ad
618 1124 905 1177 sanun—xxxix
924 1097 1100 1175 articulos
1116 1097 1306 1186 inclusive,
1328 1096 1528 1205 diligenter
1538 1111 1581 1173 et
1594 1092 1786 1202 sigillatim
1803 1093 1924 1170 inter-

484 1250 651 1339 rogatus,
672 1229 903 1338 respondens
917 1231 1063 1338 negavit
1083 1231 1184 1337 ipsos
1204 1229 1378 1306 articulos
1399 1245 1438 1305 et
1451 1227 1579 1306 omnia
1598 1243 1636 1303 et
1659 1225 1805 1334 singula
1825 1254 1922 1304 con-

484 1380 585 1441 tenta
606 1365 646 1439 in
666 1364 736 1452 eis,
762 1379 913 1469 excepto
934 1362 1039 1468 quod
1059 1360 1249 1440 confessus
1270 1360 1450 1468 estquod
1470 1358 1609 1466 recepti
1629 1357 1761 1436 fratres
1781 1359 1833 1436 ad
1855 1386 1921 1437 or·

486 1495 613 1572 dinem
627 1494 884 1601 supradictum
900 1493 997 1570 inter
1014 1493 1172 1600 aliaque
1188 1493 1415 1599 promittunt
1428 1519 1529 1599 pera
1548 1519 1588 1568 se
1604 1489 1803 1596 prestitum
1812 1491 1922 1598 jura·

485 1644 674 1716 mentum,
696 1627 921 1732 promittunt
944 1653 1021 1702 non
1046 1624 1144 1701 exire
1164 1652 1234 1700 nec
1255 1623 1467 1730 relinquere
1488 1621 1640 1699 dictum*
1653 1620 1827 1700 ordinem
1847 1650 1921 1729 pro

485 1758 558 1836 alio
576 1759 708 1866 majori
728 1757 787 1834 vel
802 1756 965 1845 fortiori,
988 1756 1125 1833 minori
1150 1754 1208 1832 vel
1228 1753 1401 1832 debiliori
1423 1754 1577 1841 ordine,
1599 1752 1740 1860 absque
1761 1754 1921 1832 licencia

487 1892 567 1998 ejus
583 1892 649 1999 qui
666 1891 714 1970 de
735 1891 907 1968 exeundo
926 1890 1050 1996 ipsum
1071 1888 1241 1967 ordinem
1257 1887 1452 1965 licenciam
1465 1888 1583 1994 possit
1595 1886 1696 1964 dare.
1713 1885 1920 1966 Confessus

487 2041 542 2099 est
562 2025 679 2100 eciam
700 2021 804 2130 quod
829 2039 915 2129 post
940 2021 1201 2128 recepcionem
1229 2019 1384 2098 fratrum
1405 2019 1495 2096 dicti
1517 2017 1660 2096 ordinis
1688 2019 1758 2126 ipsi
1784 2017 1921 2098 fratres

486 2156 625 2261 recepti
639 2183 706 2261 pro
722 2153 897 2260 professis
912 2152 1158 2231 incontinenti
1175 2151 1373 2240 habentur,
1391 2167 1435 2228 ut
1453 2151 1666 2229 continetur
1680 2151 1719 2227 iu
1735 2152 1867 2261 regulo
1883 2171 1922 2231 et

486 2286 630 2362 statutis
650 2284 794 2363 ordinis
814 2284 1037 2390 supradicti,
1061 2284 1201 2360 addens
1218 2284 1336 2360 eciam
1350 2283 1455 2390 quod
1481 2283 1921 2390 receptionesipsorum

353 2495 357 2504 ,
486 2415 645 2491 fratrum
665 2414 761 2491 fiunt
776 2415 814 2488 in
835 2413 994 2520 capitulo
1012 2414 1146 2491 clausis
1161 2415 1287 2521 januis
1309 2432 1346 2492 et
1367 2414 1480 2492 nullis
1500 2414 1738 2521 presentibus
1751 2414 1825 2493 nisi
1845 2414 1922 2492 fra-

487 2545 609 2623 tribus
624 2545 767 2623 ordinis
787 2545 1009 2652 supradicti,
1028 2545 1156 2622 dicens
1171 2545 1244 2622 hoc
1262 2545 1376 2622 fuisse
1399 2546 1596 2650 scriptum,
1616 2561 1659 2622 ut
1675 2546 1758 2651 ipse
1778 2547 1919 2635 credit,

488 2678 525 2753 in
543 2678 688 2755 statutis
704 2677 845 2755 ordinis
865 2677 1049 2785 prelibati.

544 2809 602 2886 Ad
609 2808 768 2887 xr—xlv
784 2809 961 2888 articulos
976 2810 1166 2900 inclusive,
1183 2809 1385 2920 diligenter
1400 2828 1438 2887 et
1451 2809 1638 2918 sigillatim
1649 2811 1919 2919 iuterrogatus.

487 2942 632 3047 negavit
650 2941 751 3047 ipsos
771 2941 948 3020 articulos
965 2960 1002 3020 et
1023 2943 1150 3020 omnia
1171 2960 1209 3019 et
1227 2943 1371 3052 singula
1390 2958 1566 3019 contenta
1584 2943 1623 3018 iu
1643 2942 1707 3019 eis.

545 3071 602 3147 Ad
622 3071 852 3152 xlvr-lrxrrr
873 3074 1050 3152 articulos
1064 3073 1256 3163 inclusive,
1278 3074 1479 3183 diligenter
1496 3090 1535 3152 et
1553 3072 1741 3182 sigillatim
1757 3073 1922 3153 interro-

487 3218 607 3307 gatus,
627 3204 773 3309 negarit
788 3204 889 3308 ipsos
909 3206 1084 3283 articulos
1099 3223 1138 3283 et
1152 3207 1277 3283 omnia
1298 3224 1336 3283 et
1353 3206 1497 3314 singula
1512 3223 1688 3284 contenta
1708 3206 1835 3295 ineis,
1856 3235 1921 3284 ex-

489 3348 596 3437 cepto
618 3333 721 3440 quod
735 3333 924 3412 confessus
941 3353 997 3413 est
1011 3335 1116 3442 quod
1130 3336 1259 3413 fratres
1280 3340 1396 3443 ipsius
1416 3337 1559 3416 ordinis
1574 3354 1726 3444 portant
1747 3337 1922 3417 cordulas

488 3465 602 3564 lineas
615 3465 673 3542 vel
690 3465 736 3541 de
754 3465 893 3543 canabo
909 3495 1019 3573 supra
1036 3467 1224 3543 camisiam
1238 3467 1286 3544 ad
1297 3469 1569 3574 designandum
1587 3472 1789 3547 castitatem
1805 3500 1919 3577 quam

488 3599 557 3704 ipsi
578 3598 708 3675 fratres
726 3628 869 3675 servare
891 3600 1114 3705 promittunt
1134 3617 1305 3705 ternpore
1326 3602 1382 3677 sui
1405 3602 1595 3709 ingressus
1620 3602 1824 3708 religionis.
1847 3605 1922 3680 Ne·

488 3732 583 3836 gavit
600 3748 724 3806 tamen
744 3731 848 3836 quod
866 3730 974 3807 dictis
996 3731 1161 3808 cordulis
1182 3759 1258 3810 uon
1279 3733 1479 3839 cinguntur
1499 3762 1567 3811 nec
1580 3751 1785 3841 tanguntur
1801 3735 1922 3839 capita

487 3862 702 3967 ydolorum3
729 3862 818 3968 quia
837 3890 906 3938 uec
926 3864 995 3938 scit
1015 3864 1119 3968 quod
1143 3863 1190 3939 sit
1214 3865 1386 3970 ydolum,
1414 3866 1482 3941 sed
1505 3882 1613 3971 putat
1640 3866 1744 3972 quod
1768 3866 1816 3941 sit
1841 3865 1922 3941 dia-

487 3992 615 4082 bolus,
638 4010 703 4069 aut
723 3992 840 4069 nichil
856 3993 893 4069 in
913 3994 1075 4071 Ecclesia
1092 4013 1214 4072 sancta
1229 3996 1312 4083 Dei,
1332 4025 1581 4103 necunquam
1598 3996 1742 4075 audivit
1757 3998 1796 4072 in
1818 3998 1921 4073 dicto

489 4123 621 4199 ordine
643 4124 689 4198 de
709 4124 824 4230 ydolo
848 4125 929 4201 fieri
950 4127 1199 4215 mentionem,
1222 4128 1292 4205 nisi
1314 4128 1408 4205 sicut
1430 4129 1469 4204 in
1495 4130 1684 4235 Scriptura
1707 4157 1808 4206 sacra
1828 4129 1922 4205 dici-

487 4272 560 4331 tur.
578 4253 779 4332 Confessus
800 4273 855 4332 est
880 4258 995 4333 eciam
1016 4258 1120 4365 quod
1141 4258 1346 4366 injungitur
1367 4260 1456 4365 ipsis
1476 4259 1651 4336 fratribus
1671 4260 1709 4334 in
1733 4288 1801 4336 sua
1819 4288 1923 4338 rece-

486 4388 619 4491 pcione
640 4415 708 4494 per
726 4389 983 4495 juramentum
1006 4418 1053 4466 ne
1080 4418 1214 4497 eaque
1240 4391 1335 4468 frunt
1358 4409 1395 4467 et
1420 4409 1581 4498 aguntur
1601 4393 1640 4466 in
1663 4419 1808 4467 eorum·
1823 4394 1925 4499 capi-

487 4520 576 4596 tulis
599 4520 680 4596 aliis
699 4549 812 4626 quam
835 4520 923 4626 ipsis
943 4521 1118 4598 fratribus
1139 4524 1203 4629 qui
1227 4522 1477 4600 interfuerunt
1495 4524 1665 4631 capitulis
1686 4523 1922 4614 revelentur,

490 4667 526 4724 et
550 4651 579 4725 si
605 4652 689 4757 quis
713 4671 840 4730 contra
871 4653 1022 4743 faceret,
1051 4672 1227 4759 tanquam
1258 4657 1432 4763 perjurus
1465 4657 1725 4734 excluderetur
1753 4685 1772 4731 a
1805 4656 1924 4734 domo

490 4781 649 4885 Templi.
