4230 5956
688 476 883 571 raocbs
908 497 1006 569 ons
1030 492 1327 568 inarmans.
1641 488 1715 567 ano

358 634 451 710 Item
469 631 562 709 dixit
580 660 648 738 per
665 636 926 741 juramentum
946 664 1059 713 suum
1080 634 1204 741 quod,
1224 651 1311 740 post
1323 636 1583 741 juramentum
1602 633 1649 711 ah
1670 662 1715 711 eo

302 763 498 867 prestitum
510 761 558 838 de
570 765 735 854 statutis,
750 764 1102 854 consuetudinibus,
1117 763 1338 841 obediencia
1354 779 1392 840 et
1406 763 1558 841 secretis
1573 762 1717 839 ordinis

303 890 560 980 observandis,
582 893 767 1000 recipiens
786 895 912 1000 posuit
926 894 997 972 sibi
1018 911 1056 971 et
1072 893 1232 971 firmavit
1246 893 1470 971 mantellum
1487 891 1535 969 ad
1555 890 1715 979 collum,

303 1039 341 1099 et
359 1021 463 1128 quod
482 1023 560 1128 ipse
586 1024 652 1129 qui
676 1025 847 1132 loquitur
866 1024 1054 1103 osculatus
1078 1022 1151 1101 fuit
1169 1024 1413 1130 recipientem
1439 1022 1653 1130 predictum
1679 1039 1718 1099 et

303 1150 396 1230 alios
409 1149 558 1244 iratres,
580 1152 627 1229 de
648 1155 826 1231 mandato
844 1154 1030 1262 ejusdem,
1051 1152 1092 1228 in
1112 1180 1188 1231 ore.
1210 1155 1257 1230 Et
1277 1171 1405 1260 postea
1424 1152 1613 1259 predictus
1631 1152 1718 1231 the-

304 1281 489 1358 saurarius
507 1282 677 1386 quicum
696 1284 852 1390 recepit,
866 1282 977 1360 traxit
991 1310 1079 1358 eum
1098 1282 1145 1359 ad
1165 1299 1328 1389 partem,
1347 1299 1386 1358 et
1398 1281 1487 1359 fecit
1502 1310 1541 1360 se
1557 1279 1717 1358 osculari

304 1410 411 1487 abeo
428 1410 468 1485 in
487 1409 669 1489 umbilico
690 1429 728 1488 et
750 1411 789 1489 in
816 1412 892 1489 fine
912 1411 1017 1518 spine
1038 1409 1151 1487 dorsi.
1173 1414 1220 1488 Et
1243 1428 1373 1518 postea
1397 1409 1562 1489 ostendit
1581 1411 1652 1489 sibi
1677 1411 1716 1488 in

302 1539 468 1647 quodam
487 1538 586 1616 libro
607 1569 756 1618 crucem
779 1542 963 1647 depictam
978 1568 1065 1617 cum
1086 1538 1208 1647 effigie
1228 1541 1344 1618 Jhesu
1364 1541 1520 1631 Christi,
1542 1557 1580 1617 et
1592 1567 1720 1646 prece-

302 1669 358 1774 pit
376 1667 466 1758 sibi,
489 1669 528 1745 in
551 1670 687 1747 virtute
710 1670 942 1762 obediencie,
973 1675 1077 1778 quod
1104 1687 1257 1778 spueret
1282 1687 1340 1746 ter
1367 1698 1478 1775 supra
1505 1696 1655 1747 crucem
1680 1686 1719 1746 et

302 1799 511 1906 ymaginem
533 1798 735 1905 predictas,
757 1801 797 1876 in
822 1801 1001 1906 despectu
1027 1801 1211 1907 prophete
1231 1799 1295 1905 qui
1323 1798 1396 1876 luit
1423 1799 1463 1874 in
1488 1798 1586 1875 dicta
1607 1824 1717 1875 cruce

303 1926 520 2017 crucifixum
542 1945 580 2004 et
595 1944 685 2005 tunc
699 1930 777 2036 ipse
797 1930 862 2035 qui
879 1928 1048 2034 loquitur
1060 1958 1174 2034 super
1184 1929 1281 2033 ipsas
1292 1955 1441 2004 crucem
1456 1944 1494 2004 et
1507 1928 1717 2034 ymaginem
1771 1914 1775 1919 ⁶

303 2057 406 2161 spuit
417 2073 487 2145 ter,
507 2056 664 2134 credens
680 2056 753 2132 hoc
768 2083 847 2132 esse
864 2055 911 2132 de
931 2057 1077 2135 statutis
1095 2057 1253 2145 ordinis,
1275 2085 1350 2162 que
1369 2055 1494 2132 adhuc
1511 2057 1715 2164 ignorabat.

359 2186 451 2262 ltem
473 2185 566 2261 dixit
584 2181 689 2290 quod
712 2201 882 2288 receptor
902 2184 1092 2290 predictus
1111 2185 1181 2263 sibi
1201 2185 1369 2291 precepit
1388 2184 1493 2291 quod
1515 2184 1719 2264 abstineret

304 2342 325 2388 a
343 2312 584 2402 mulieribus,
606 2330 645 2390 et
663 2312 767 2418 quod
786 2313 817 2390 si
837 2313 938 2391 calor
955 2314 1133 2392 naturalis
1152 2330 1320 2391 moveret
1339 2340 1446 2404 eum,
1461 2313 1567 2419 quod
1582 2315 1720 2420 ipse-et

303 2441 433 2521 fratres
452 2443 511 2521 sui
531 2470 570 2520 se
590 2443 874 2520 commiscerent
892 2442 1098 2520 adinvicem
1117 2441 1370 2530 camaliterrsi
1387 2459 1483 2520 esset
1497 2442 1633 2549 aliquis
1650 2443 1718 2550 qui

303 2572 375 2650 hoc
394 2572 506 2650 vellet
524 2571 661 2662 lacere;
681 2573 787 2677 quod
797 2544 990 2680 nunquam
1005 2571 1107 2664 lecit,
1124 2600 1194 2652 nec
1207 2571 1279 2649 suit
1293 2599 1406 2678 super
1415 2572 1489 2649 hoc
1502 2573 1716 2680 requisitus,

304 2674 468 2779 usdicit.
1073 2698 1078 2709 ’

360 2834 454 2909 ltem
479 2831 573 2908 dixit
595 2832 699 2937 quod
722 2831 838 2909 nichil
862 2832 930 2910 scit
949 2830 996 2909 de
1021 2830 1140 2936 capite
1166 2831 1271 2937 quod
1289 2832 1444 2908 adorare
1471 2831 1659 2920 dicuntur,
1677 2848 1721 2909 et

305 2960 424 3039 credit
440 2961 545 3066 quod
564 2960 625 3038 alii
646 2960 776 3040 fratres
794 2961 882 3038 dicti
898 2961 1047 3038 ordinis
1062 2960 1175 3036 simili
1195 2959 1312 3038 modo
1327 2960 1564 3066 recipiantur.
1641 3004 1644 3009 ·
1671 3004 1674 3011 .

359 3092 454 3167 Item
469 3091 578 3181 dixit,
600 3120 668 3198 per
683 3091 943 3197 juramentum
966 3118 1078 3168 suum
1097 3119 1210 3196 super
1225 3093 1298 3169 hoc
1317 3091 1426 3168 abeo
1446 3090 1720 3197 adhuc‘presti·

303 3239 401 3311 tum,
418 3221 524 3328 quod
537 3222 589 3314 vi,
605 3221 664 3299 vel
680 3240 784 3300 metu
805 3221 959 3300 carceris
977 3239 1042 3299 aut
1060 3221 1255 3308 tormenti,
1277 3249 1354 3298 non
1374 3219 1468 3297 dixit
1486 3219 1590 3297 aliud
1606 3246 1718 3328 quam

303 3352 510 3441 veritatem,
523 3380 593 3428 nec
602 3352 793 3457 premissis
803 3351 1007 3429 immiscuit
1013 3350 1175 3457 aliquam
1190 3349 1404 3439 salsitatem,
1419 3365 1456 3426 et
1470 3351 1576 3456 quod
1586 3378 1719 3458 puram

225 3473 228 3482 ’
303 3482 492 3559 veritatem
512 3481 605 3559 dixit
622 3509 691 3589 pro
711 3483 829 3561 salute
850 3481 974 3561 anime
994 3509 1072 3559 sue.

358 3745 452 3820 Item
471 3743 584 3820 frater
601 3744 786 3821 hebertus
808 3743 855 3820 de
882 3745 1042 3821 Sarnaco
1072 3741 1301 3818 Belvacensis
1325 3741 1499 3829 diocesis,
1523 3756 1720 3847 preceptor

303 3871 439 3949 domus
455 3872 502 3948 dc
522 3872 775 3951 Mortuofonte
796 3871 1073 3950 suessionensis
1093 3870 1267 3959 diocesis,
1284 3870 1442 3976 predicti
1463 3868 1604 3946 ordinis
1622 3867 1721 3945 mili·

304 4001 360 4076 cie
372 4001 536 4107 Templi,
553 4002 865 4109 quadragenarius
881 4001 940 4078 vel
952 4002 1063 4090 circa,
1086 4001 1220 4078 eodem
1232 4000 1347 4079 modo
1361 3998 1599 4087 constitutus,
1615 3997 1721 4106 jurata

302 4147 362 4205 tus
382 4145 420 4204 et
439 4129 706 4237 interrogatus,
725 4132 818 4208 dixit
836 4160 905 4238 per
918 4131 1179 4239 juramentum
1192 4158 1302 4207 suum
1318 4128 1423 4233 quod
1435 4129 1474 4204 in
1490 4126 1585 4204 festo
1605 4128 1719 4206 sancti

193 4256 200 4279 ‘
302 4257 450 4336 Andree
476 4259 632 4336 instante
661 4277 770 4337 erunt
794 4287 927 4338 novem
955 4258 1041 4336 anni
1061 4257 1120 4336 vel
1137 4258 1249 4346 circa,
1275 4256 1378 4364 quod
1401 4257 1473 4334 fuit
1492 4272 1663 4364 receptus
1682 4257 1721 4333 iu

206 4432 210 4439 ·
304 4389 418 4464 domo
444 4389 491 4468 de
516 4390 693 4466 Berncval
721 4388 979 4467 Ambianensis
1004 4387 1179 4477 diocesis,
1206 4413 1274 4493 per
1292 4385 1443 4463 fratrem
1468 4385 1648 4465 Garinum
1672 4385 1721 4463 de

304 4519 439 4623 Magno
470 4518 596 4598 Villari
625 4519 841 4625 magistrum
876 4520 923 4596 de
952 4517 1123 4608 Pontivo,
1153 4516 1598 4624 presentibusdelunctis
1620 4517 1652 4594 J.
1675 4516 1722 4593 de

305 4647 458 4756 Cernay,
479 4647 589 4726 fratre
609 4647 814 4727 Laurencio
845 4647 1046 4727 senescallo
1062 4647 1158 4726 dicte
1177 4648 1327 4738 domus,
1349 4646 1459 4725 fratre
1477 4648 1586 4725 Petro
1601 4649 1649 4724 de
1666 4647 1724 4724 Li·

306 4794 494 4865 mecourt,
515 4796 553 4857 et
572 4779 653 4856 aliis
668 4779 715 4855 de
728 4805 890 4885 quorum
909 4776 1126 4857 nominibus
1144 4804 1220 4855 non
1240 4775 1378 4855 recolit.

392 4937 499 4996 enocha
514 4955 567 4997 nes
582 4954 753 4998 rennuens.
768 4972 805 4984 -
821 4956 853 4996 ιι.
1513 4936 1551 5000 da
