4230 5956
430 474 502 544 soe
819 443 1015 537 rnocts
1041 463 1137 534 nus
1162 460 1462 533 inuramus.

490 610 532 686 ln
550 607 688 686 Christi
705 607 859 684 nomine
880 628 998 682 amen.
1021 604 1147 681 Pateat
1163 603 1360 692 universis,
1380 630 1447 710 per
1467 601 1540 678 boc
1555 626 1709 707 presens
1725 599 1851 706 publi-

431 768 516 819 cum
538 739 849 823 instrumentum,
874 735 978 842 quod
998 761 1096 812 auno
1123 733 1276 811 Domini
1299 732 1497 810 millesimo
1518 731 1781 809 trecentesimo
1799 758 1852 808 se·

430 872 561 978 ptimo,
577 869 768 946 indicione
779 884 889 954 sexta,
903 865 1142 972 pontificatus
1159 864 1379 942 sanctissimi
1386 863 1502 970 patris
1512 862 1698 941 etdomini
1709 862 1851 939 domini

430 1001 633 1079 Clementis
658 999 780 1075 divina
803 996 1035 1104 providentia
1055 1023 1149 1104 pape
1173 996 1295 1103 quinti
1322 1022 1421 1072 anuo
1448 994 1629 1083 secundo,
1658 993 1719 1069 die
1743 992 1850 1068 Lune

431 1149 515 1209 aute
534 1131 669 1208 lestum
699 1129 956 1236 apostolorum
975 1127 1150 1235 Symouis
1169 1143 1207 1204 et
1229 1126 1342 1216 lude,
1367 1126 1540 1204 videlicet
1558 1150 1645 1203 xxm
1666 1122 1727 1199 die
1751 1140 1854 1199 octo-

429 1261 526 1350 bris,
548 1259 652 1368 quod
663 1261 703 1337 in
717 1259 937 1337 venerabilis
953 1275 989 1335 et
1002 1257 1165 1365 religiosi
1184 1257 1254 1334 viri
1268 1257 1391 1334 fratris
1409 1255 1606 1336 Guillermi
1630 1255 1677 1330 de
1695 1253 1853 1329 Parisius

432 1392 573 1469 ordinis
587 1392 740 1468 fratrum
753 1390 1047 1478 Prodicatorum,
1066 1389 1296 1495 inquisitoris
1308 1387 1472 1465 heretice
1487 1385 1673 1494 pravitatis
1687 1384 1726 1459 in
1738 1411 1853 1489 regno

432 1521 583 1598 Francia
604 1520 819 1597 auctoritate
839 1518 1039 1626 apostolice
1065 1518 1247 1624 deputati,
1276 1534 1445 1595 nostrum
1472 1514 1703 1593 notariorum
1728 1512 1854 1618 publi-

432 1678 561 1729 corum
584 1668 622 1726 et
641 1651 790 1728 testium
820 1649 1139 1754 infrascriptorum
1168 1648 1374 1754 presencia,
1406 1647 1520 1725 frater
1549 1645 1780 1726 Guillermus
1802 1645 1850 1721 de

434 1783 597 1887 Vamage
613 1781 737 1868 miles,
752 1808 901 1857 morans
919 1780 957 1856 in
973 1780 1087 1857 domo
1102 1778 1148 1855 de
1165 1776 1279 1856 Belda
1294 1777 1535 1856 Biturioeusis
1553 1775 1729 1863 diocesis,
1746 1775 1853 1852 etatis

433 1911 560 2018 viginti
578 1910 741 1989 duorum
757 1910 815 1987 vel
835 1911 962 2019 viginti
977 1912 1092 1987 trium
1108 1937 1293 1987 annorum
1308 1908 1366 2016 vel
1378 1909 1488 1997 circa,
1509 1905 1757 2014 personaliter
1770 1933 1855 1981 con-

434 2042 584 2119 stitutus
592 2059 635 2119 ut
650 2041 697 2118 de
713 2070 752 2118 se
766 2042 858 2118 etde
868 2040 951 2117 aliis
964 2039 1123 2146 predicti
1140 2035 1581 2141 ordinismilieie'lempli
1594 2035 1717 2111 eidem
1732 2033 1857 2140 iuqui-

433 2172 539 2249 sitori
552 2171 685 2247 delatis
698 2199 811 2276 snper
825 2170 924 2248 dicto
944 2170 1101 2247 crimine
1118 2168 1259 2246 diceret
1270 2168 1481 2255 veritatem,
1497 2182 1535 2243 et
1548 2163 1855 2272 [interrogatusl]

436 2299 663 2405 detempore
674 2317 711 2375 et
725 2299 839 2375 modo
852 2298 1082 2403 recepcionis
1093 2327 1177 2388 sue,
1194 2299 1285 2375 dixit
1296 2296 1745 2403 perjuramentumsuum
1754 2295 1856 2401 quod

434 2427 506 2504 luit
520 2443 691 2531 receptus
711 2428 749 2502 in
766 2428 879 2504 domo
898 2426 945 2503 de
961 2429 1112 2504 Foresta
1127 2428 1230 2533 juxta
1246 2425 1472 2532 Agirandam
1488 2425 1760 2503 Lemovicensis
1775 2424 1857 2501 dio-

436 2557 544 2645 cesis,
566 2585 635 2662 per
652 2555 802 2632 fratrem
826 2555 1090 2662 Raymundum
1112 2558 1159 2631 de
1180 2556 1376 2661 Vassignac
1400 2583 1503 2632 nunc
1527 2571 1781 2662 preceptorem
1808 2557 1855 2631 de

423 2684 566 2776 Belda,
579 2715 639 2763 sex
659 2687 744 2762 anni
758 2687 817 2764 vel
836 2687 932 2763 circa
949 2702 1036 2763 sunt
1050 2685 1179 2791 elapsi,
1195 2685 1432 2791 presentibus
1449 2683 1624 2764 fratribus
1638 2686 1796 2791 Hugonc
1809 2685 1856 2761 de

435 2815 472 2894 la
484 2816 632 2923 Depere
656 2833 694 2893 et
706 2815 1081 2915 YmbaudoBerrner
1100 2815 1190 2892 dicti
1210 2813 1368 2905 ordinis,
1388 2831 1425 2892 et
1444 2815 1671 2921 quibusdam
1689 2815 1771 2892 aliis
1790 2818 1856 2922 qui

437 2963 526 3026 sunt
538 2948 693 3025 mortui.
713 2948 761 3023 Et
779 2946 870 3024 dixit
889 2972 957 3052 per
965 2946 1221 3052 juramentum
1241 2973 1352 3022 suurn
1371 2945 1494 3052 quod,
1513 2973 1559 3024 eo
1572 2962 1741 3050 recepto,
1754 2946 1857 3051 jura-

438 3092 566 3153 mento
586 3076 632 3152 ab
651 3104 698 3154 eo
717 3077 874 3183 prestito
894 3076 992 3153 inter
1005 3093 1127 3153 cetera
1140 3076 1188 3153 de
1202 3075 1346 3153 statutis
1361 3093 1399 3153 et
1410 3076 1561 3154 secretis
1575 3074 1718 3153 ordinis
1732 3078 1857 3152 obser·

437 3204 582 3296 vendis,
612 3224 650 3281 et
675 3222 820 3283 ostensa
840 3207 911 3282 sibi
936 3233 1044 3282 cruce
1068 3235 1155 3282 cum
1179 3204 1302 3314 effigie
1327 3205 1443 3284 lhesu
1465 3205 1606 3285 Christi
1630 3207 1671 3283 iu
1693 3209 1857 3313 quodam

438 3332 535 3412 libro
552 3336 751 3422 existente,
769 3336 951 3441 recipiens
965 3335 1123 3441 quesivit
1137 3335 1183 3413 ab
1200 3363 1246 3413 eo
1259 3337 1365 3444 eujus
1377 3337 1552 3415 credebat
1567 3363 1646 3415 esse
1662 3336 1765 3414 illam
1778 3336 1858 3413 effi-

438 3463 555 3568 giem3
573 3481 611 3540 et
630 3463 710 3568 ipse
729 3465 794 3569 qui
808 3465 976 3571 loquitur
994 3467 1188 3571 respondit
1206 3467 1310 3574 quod
1334 3468 1489 3545 Domini
1509 3468 1624 3545 Jbesu
1640 3468 1789 3547 Christi.
1811 3468 1857 3543 Et

438 3609 527 3671 tunc
555 3593 740 3699 recipiens
766 3595 858 3671 dixit
881 3595 952 3673 sibi
981 3596 1086 3703 quod
1115 3596 1313 3704 oportebat
1340 3598 1446 3704 quod
1469 3598 1669 3706 abnegaret
1694 3627 1798 3684 eum,
1822 3616 1857 3673 et

439 3740 588 3828 spueret
602 3752 713 3831 supra
733 3755 880 3802 crucem
895 3745 932 3803 et
945 3730 1155 3834 ymaginem
1167 3728 1351 3834 predictas
1370 3746 1439 3806 ter.
1456 3729 1548 3823 Qui,
1571 3727 1658 3804 licet
1670 3728 1804 3804 invitus
1820 3745 1857 3802 et

438 3856 607 3931 turbatus
619 3854 715 3931 ultra
731 3885 842 3961 quam
855 3857 1034 3933 credibile
1051 3875 1162 3945 esset,
1178 3858 1372 3965 abnegavit
1386 3888 1472 3936 eum
1488 3857 1619 3948 semel,
1633 3875 1669 3934 et
1684 3858 1783 3962 spuit
1797 3874 1854 3932 ter

440 4012 550 4088 supra
569 4014 717 4061 crucem
737 4004 775 4062 et
791 3987 998 4093 ymaginem
1024 3988 1225 4092 predictas3
1250 3988 1323 4066 hnc
1345 3988 1501 4076 faciens,
1525 4003 1569 4064 ut
1587 3987 1694 4076 dicit,
1719 3987 1856 4063 timore

440 4113 624 4217 ipsorum3
642 4133 680 4191 et
698 4115 744 4192 de
763 4116 836 4193 hoc
854 4133 999 4194 tantum
1014 4118 1134 4195 doluit
1153 4136 1191 4195 et
1208 4117 1280 4196 luit
1292 4119 1481 4207 turbatus,
1502 4121 1607 4226 quod
1622 4117 1763 4225 pluries
1784 4120 1860 4196 exi·

440 4240 551 4320 visset
559 4245 748 4335 ordinem,
766 4247 837 4324 nisi
853 4243 1103 4354 essetpropter
1116 4251 1292 4327 timorem
1307 4249 1514 4327 amicorum
1532 4277 1705 4338 suorum,
1722 4278 1769 4326 ne
1784 4277 1861 4327 cre-

441 4374 573 4451 decent
600 4376 705 4481 quod
733 4377 810 4483 ipse
836 4379 1004 4455 exivisset
1024 4379 1195 4459 ordinem
1220 4397 1373 4487 propter
1398 4380 1563 4489 aliquam
1588 4382 1698 4458 aliam
1725 4379 1860 4458 malam

441 4531 601 4582 causam.

494 4635 588 4711 Item
603 4634 694 4712 dixit
707 4665 774 4742 per
782 4636 1039 4744 jurameutum
1050 4668 1161 4717 suum
1176 4642 1280 4748 quod
1292 4643 1477 4748 recipiens
1494 4643 1654 4749 injunxit
1670 4641 1742 4720 sibi
1756 4639 1859 4747 quod

439 4762 673 4842 abstinereta
690 4766 912 4844 mulieribus
931 4769 1101 4861 omuino,
1120 4790 1159 4849 et
1177 4771 1328 4879 quod-si
1343 4771 1455 4850 vellet
1470 4773 1647 4851 accedere
1662 4771 1710 4850 ad
1728 4770 1860 4847 fratres
