4230 5956
702 462 897 553 paucus
922 480 1019 553 ons
1044 479 1342 554 Truentus.
1661 486 1734 557 ass

319 649 405 697 eum
422 636 575 707 tenore,
594 634 632 694 et
645 645 723 695 non
738 618 869 707 corde,
891 638 935 697 ut
952 621 1059 714 dicit,
1083 638 1120 698 et
1138 620 1241 726 spuit
1256 637 1315 698 ter
1329 619 1378 697 ad
1396 637 1552 707 terram,
1573 621 1640 698 sed
1659 651 1734 702 uon

316 778 443 856 supra,
464 750 552 856 quia
570 750 642 825 hoc
656 749 814 828 faciebat
832 749 939 828 valde
954 751 1110 840 invitus,
1129 768 1173 829 ut
1192 751 1294 828 dicit.

371 881 464 957 ltem
486 879 695 986 dicitquod
712 880 831 969 credit
849 882 955 987 quod
974 881 1036 959 alii
1057 881 1188 959 fratres
1208 882 1297 959 dicti
1319 881 1462 959 ordinis
1481 881 1597 959 modo
1623 881 1735 959 simili

316 1009 558 1115 recipiuntur.
572 1058 577 1063 -

373 1142 467 1216 ltem
485 1140 578 1216 dixit
594 1169 662 1246 per
671 1142 928 1248 juramentum
947 1170 1059 1219 suum
1072 1142 1177 1246 quod
1193 1142 1316 1231 vi,vel
1332 1160 1438 1219 metu
1456 1159 1735 1220 tormentorum

318 1269 376 1345 vel
394 1268 482 1346 alias
502 1295 578 1346 non
595 1269 688 1346 dixit
705 1270 806 1348 aliud
821 1299 933 1377 Qum
954 1272 1164 1359 veritatem,
1185 1300 1255 1349 nec
1275 1273 1314 1348 in
1330 1271 1520 1377 premissis
1534 1272 1739 1350 immiscuit

317 1401 481 1507 aliquam
499 1397 719 1488 falsitatem,
742 1419 780 1478 et
798 1402 904 1509 quod
922 1430 1055 1510 puram
1073 1403 1267 1480 veritatem
1285 1402 1377 1479 dixit
1390 1431 1459 1509 pro
1479 1403 1598 1481 salute
1613 1404 1738 1481 anime

318 1559 396 1607 sue.

374 1793 466 1867 ltem
493 1791 607 1868 frater
632 1792 860 1900 lleginaldus
885 1810 1081 1899 preceptor
1102 1793 1240 1871 domus
1265 1793 1415 1898 Templi
1439 1791 1735 1879 Aurelianensis,

319 1923 424 1998 etatis
442 1922 595 2027 triginta
613 1951 676 1999 sex
698 1951 886 2000 annorum
905 1923 963 1999 vel
983 1922 1095 2009 circa,
1126 1923 1261 2000 eodem
1281 1922 1397 1999 modo
1419 1922 1661 2011 constitutus,
1677 1923 1739 2028 ju-

319 2068 420 2127 ratus
451 2068 488 2127 et
515 2051 734 2158 requisitus,
761 2052 855 2129 dixit
880 2080 951 2158 per
971 2052 1231 2158 juramentum
1254 2080 1367 2129 suum
1396 2051 1501 2158 quod
1526 2051 1624 2129 bene
1650 2070 1740 2130 sunt

318 2180 536 2288 quindecim
567 2182 654 2258 anni
683 2181 798 2289 elapsi
827 2182 886 2259 vel
915 2182 1011 2259 circa
1034 2183 1139 2289 quod
1167 2183 1247 2289 ipse
1272 2181 1344 2260 fuit
1366 2201 1539 2290 receptus
1557 2184 1597 2259 in
1623 2184 1739 2261 domo

318 2310 466 2416 Templi
489 2311 536 2388 de
555 2312 740 2401 Pruvino,
766 2311 806 2387 in
826 2312 987 2417 quadam
1014 2311 1155 2418 capella
1181 2312 1270 2389 dicti
1295 2312 1384 2403 loci,
1404 2313 1499 2389 circa
1517 2312 1736 2399 meridiem,

319 2469 386 2546 per
412 2439 563 2519 fratrem
595 2439 856 2519 Godefredum
886 2459 1078 2520 tenentem
1108 2443 1235 2521 locum
1261 2442 1491 2549 preceptoris
1515 2441 1666 2519 ballivie
1690 2443 1739 2520 de

319 2572 418 2660 Bria,
448 2572 686 2678 presentibus
714 2570 826 2648 fratre
853 2574 1018 2678 quodam
1050 2574 1116 2679 qui
1145 2574 1344 2652 vocabatur
1363 2574 1489 2680 Hugo,
1521 2591 1560 2650 ct
1588 2574 1671 2651 aliis
1689 2573 1738 2650 de

320 2730 484 2810 quorum
504 2702 720 2780 nominibus
734 2730 811 2780 non
830 2703 978 2792 recolit,
1000 2704 1066 2809 qui
1087 2721 1174 2781 sunt
1193 2731 1325 2783 omnes
1344 2704 1497 2782 mortui.

377 2835 469 2910 ltem
488 2832 580 2909 dixit
596 2860 665 2938 per
675 2833 935 2940 juramentum
950 2855 1061 2911 suum
1074 2833 1196 2940 quod,
1217 2832 1347 2910 multis
1365 2831 1584 2939 parentibus
1600 2849 1639 2909 et
1654 2835 1740 2909 ami·

320 2965 373 3040 cis
389 2964 467 3041 suis
487 2980 524 3040 et
540 2991 653 3069 mam
670 2962 843 3069 pluribus
857 2962 939 3041 aliis
959 2964 1201 3041 existentibus
1221 2981 1260 3042 et
1278 2962 1557 3070 expectantibus
1581 2961 1628 3038 ad
1646 2963 1741 3040 ostia

321 3093 419 3170 dicte
437 3092 578 3199 capelle
604 3111 641 3171 et
660 3094 754 3171 circa
774 3094 894 3200 ipsam
913 3093 1094 3200 capellam
1113 3123 1187 3202 que
1205 3093 1329 3171 clausa
1347 3109 1441 3183 erat,
1462 3091 1647 3199 recipiens
1662 3092 1741 3197 ipse

320 3224 385 3328 qui
407 3223 574 3328 loquitur
587 3239 627 3299 et
649 3222 711 3299 alii
731 3222 862 3301 fratres
884 3223 973 3299 dicti
1001 3224 1144 3302 ordinis
1168 3240 1275 3302 erant
1292 3225 1331 3301 in
1351 3224 1430 3329 ipsa
1447 3221 1586 3327 capella
1606 3219 1742 3298 inclusi

320 3380 389 3456 pro
404 3353 623 3459 recepcione
638 3354 822 3459 predicta,
844 3370 883 3429 et
901 3353 995 3430 dixit
1011 3382 1080 3460 per
1089 3354 1351 3461 juramentum
1366 3379 1477 3431 suum
1487 3352 1609 3459 quod,
1626 3379 1673 3430 eo
1682 3380 1743 3428 re-

322 3500 445 3588 cepto,
456 3484 672 3590 juramento
693 3483 740 3560 ab
756 3510 802 3561 eo
822 3483 1044 3588 prestitode
1059 3484 1207 3563 statutis
1225 3501 1262 3560 et
1281 3483 1435 3560 secretis
1452 3481 1598 3560 ordinis
1615 3482 1744 3559 obser-

321 3612 467 3702 vandis,
488 3629 527 3691 et
540 3613 722 3691 mantello
736 3613 807 3691 sibi
828 3613 875 3689 ad
891 3612 1031 3690 collum
1046 3614 1186 3718 posito,
1203 3612 1359 3718 quidam
1375 3611 1422 3688 de
1441 3610 1550 3687 dietis
1567 3609 1743 3688 fratribus

323 3743 370 3819 de
389 3743 494 3850 cujus
512 3744 668 3822 nomine
684 3770 760 3819 non
776 3740 908 3819 recolit
925 3741 1091 3820 ostendit
1109 3742 1181 3819 sibi
1197 3740 1237 3818 in
1256 3740 1422 3847 quodam
1438 3737 1578 3816 missali
1593 3765 1743 3815 cmcem

323 3872 511 3977 depictam
520 3900 606 3949 cum
621 3870 793 3981 ymagine
807 3870 923 3949 lhesu
931 3871 1068 3950 Christi
1080 3872 1119 3949 in
1136 3900 1178 3949 ea
1190 3871 1385 3960 existente,
1406 3885 1444 3947 et
1456 3867 1616 3975 quesivit
1629 3868 1677 3945 ab
1697 3895 1742 3944 eo

322 4028 390 4105 per
405 4003 475 4078 hec
488 4003 597 4080 verba
614 4032 623 4076 ε
639 4001 773 4081 Credis
783 4020 828 4080 tu
841 4001 882 4079 in
895 4002 1007 4079 euml
1021 4002 1068 4079 Et
1081 4003 1163 4110 ipse
1175 4003 1241 4109 qui
1257 4000 1425 4108 loquitur
1433 3997 1631 4103 respondit
1638 3999 1745 4106 quod

324 4157 426 4221 n0n;
445 4148 483 4208 et
507 4133 632 4209 statim
651 4133 808 4239 quidam
830 4132 928 4210 alius
952 4133 999 4210 de
1020 4130 1197 4211 fratribus
1218 4130 1398 4238 predictis
1416 4128 1654 4236 presentibus
1677 4128 1743 4235 qui

324 4260 522 4339 vocabatur
536 4264 662 4368 Hugo,
684 4279 799 4368 prout
816 4260 968 4354 recolit,
992 4261 1084 4340 dixit
1102 4263 1173 4340 sibi
1190 4262 1260 4339 hec
1279 4261 1390 4338 verba
1408 4290 1417 4336 :
1437 4262 1498 4338 Tu
1516 4261 1614 4339 bene
1635 4259 1742 4347 dies,

217 4436 221 4443 ·
324 4373 419 4497 quia·
432 4392 511 4498 ipse
531 4409 589 4470 est
605 4420 707 4470 unus
724 4390 837 4470 lalsus
857 4390 1051 4499 propheta.
1072 4393 1120 4469 Et
1138 4392 1218 4500 ipse
1241 4391 1308 4500 qui
1325 4391 1495 4499 loquitur
1513 4387 1746 4497 intelligebat

326 4523 365 4597 in
385 4521 498 4601 corde
512 4551 598 4614 suo,
620 4541 664 4602 ut
678 4523 786 4612 dicit,
806 4523 912 4632 quod
932 4550 1010 4602 non
1029 4524 1208 4603 credebat
1230 4525 1270 4601 in
1291 4523 1504 4632 ymaginem
1522 4521 1743 4631 predictam,

325 4653 393 4730 sed
411 4653 452 4730 in
472 4682 561 4732 eum
578 4654 683 4762 cujus
700 4671 780 4733 erat
794 4681 928 4763 ymago
950 4654 1139 4762 predicta3
1170 4671 1210 4733 et
1223 4672 1315 4773 tupc
1329 4653 1485 4762 quidam
1506 4652 1603 4732 alius
1622 4651 1671 4731 de
1693 4650 1748 4727 di·

326 4783 394 4860 ctis
412 4782 589 4864 frutribus
606 4784 702 4862 dixit
722 4784 824 4865 dicto
844 4783 948 4866 fretu
967 4785 1035 4892 qui
1061 4786 1114 4864 sic
1131 4785 1286 4866 locutus
1304 4784 1427 4863 luem
1446 4785 1548 4863 dicto
1572 4798 1746 4888 recepto:

1526 4929 1577 4998 tt.
