4230 5956
613 468 806 564 procas
833 491 926 562 ons
951 483 1255 561 rnurntnas:
1570 493 1639 567 ros
1733 556 1742 570 ,

227 633 323 712 sioni
341 661 408 739 per
421 662 508 709 eum
528 631 622 709 lacte
643 659 767 709 coram
784 631 884 707 dicto
905 628 1053 708 officiali
1074 629 1166 705 dixit
1185 657 1223 705 se
1247 629 1340 706 velle
1356 648 1470 719 stare,
1489 652 1526 712 et
1540 666 1642 713 men-

228 765 339 841 titum
354 762 466 840 luisse
487 764 526 839 in
544 763 617 840 hoc
632 790 755 838 coram
782 760 889 837 dictis
909 758 1074 837 dominis
1103 759 1381 849 commissariis,
1404 779 1443 838 et
1461 765 1548 868 quia
1566 795 1641 843 non

174 882 182 897 ’
229 894 371 970 dixerat
390 893 443 971 eis
464 893 568 998 quod
587 891 752 998 predicta
773 891 975 998 abnegacio
1005 906 1042 966 et
1062 891 1205 996 spuicio
1226 890 1501 969 intervenerant
1525 894 1564 969 in
1585 924 1644 970 re-

229 1022 471 1129 cepcionibus
489 1023 606 1099 trium
628 1021 693 1126 qui
712 1019 866 1097 fuerunt
880 1019 1020 1125 recepti
1047 1048 1133 1095 cum
1154 1048 1217 1110 eo;
1243 1020 1310 1097 sed
1333 1021 1372 1097 in
1392 1021 1474 1099 aliis
1495 1023 1645 1100 volebat

228 1179 464 1258 perseverare
486 1152 527 1228 in
550 1150 788 1257 deposicione
804 1177 928 1226 coram
945 1149 998 1225 eis
1012 1148 1121 1238 lacta,
1145 1149 1216 1226 hoc
1234 1167 1386 1255 excepto
1406 1152 1511 1256 quod
1525 1155 1645 1230 credit

229 1283 333 1387 quod
353 1281 605 1358 communiter
624 1280 663 1356 in
681 1280 815 1357 ordine
836 1278 1103 1367 intervenirent
1127 1278 1225 1354 dicta
1251 1279 1379 1356 illicita
1399 1281 1439 1357 in
1458 1285 1646 1389 recepcio-

230 1410 342 1486 nibus
364 1409 524 1487 aliorum
553 1409 611 1487 vel
632 1427 736 1516 post,
764 1410 851 1516 quia
873 1436 1030 1514 magnus
1058 1409 1233 1516 Magister
1260 1425 1298 1485 et
1323 1408 1386 1485 alii
1417 1408 1546 1515 plures
1572 1412 1645 1489 hoc

229 1540 384 1617 fuerunt
397 1538 566 1617 confessi.
588 1540 803 1646 Requisitus
825 1568 940 1645 quare
960 1537 1140 1615 celaverat
1166 1539 1234 1615 ista
1257 1538 1297 1615 in
1319 1539 1559 1645 deposicione
1579 1571 1646 1619 sua

229 1669 320 1746 facta
341 1697 466 1746 coram
482 1668 592 1746 dictis
611 1669 775 1747 dominis
789 1667 1067 1759 commissariis,
1084 1667 1279 1774 respondit
1294 1667 1398 1774 quod
1418 1688 1573 1776 propter
1595 1671 1648 1747 sa-

230 1801 402 1877 tuitatem
416 1828 534 1879 suam.
555 1799 771 1905 Requisitus
789 1800 820 1876 si
844 1798 1067 1876 revelaverat
1090 1797 1370 1903 deposicionem
1392 1828 1497 1876 suam
1519 1792 1643 1889 alicui,

230 1928 427 2033 respondit
445 1927 549 2033 quod
574 1956 663 2004 non.
690 1928 905 2032 Requisitus
929 1926 1100 2004 siluerat
1125 1953 1193 2031 per
1216 1925 1381 2032 aliquem
1404 1928 1580 2006 inductus
1599 1933 1647 2007 ad

231 2057 435 2134 dicendum
448 2057 626 2162 predicta,
643 2056 838 2161 respondit
857 2056 961 2161 quod
975 2083 1064 2142 non,
1082 2071 1119 2130 et
1137 2054 1241 2159 quod
1261 2053 1486 2134 nulle-mine
1501 2057 1649 2136 firerant

232 2186 302 2263 sibi
319 2185 439 2273 illate,
455 2176 529 2262 sed
535 2184 688 2290 proprio
702 2200 809 2262 motu
826 2184 967 2260 dixerat
984 2183 1167 2291 predicta,
1181 2185 1268 2290 quia
1283 2185 1426 2267 viderat
1439 2215 1479 2264 se
1494 2215 1644 2266 errasse.

289 2316 377 2391 Acta
395 2313 551 2391 luerunt
570 2314 639 2391 hec
654 2313 762 2390 dictis
779 2313 840 2390 die
861 2330 899 2389 et
918 2314 1017 2400 loco,
1036 2312 1274 2418 presentibus
1291 2315 1468 2419 magistro
1482 2318 1644 2410 Amisio‚

232 2472 293 2519 me
310 2444 562 2520 Floriamonte
581 2441 779 2519 Dondedei
798 2458 836 2520 et
854 2440 934 2519 aliis
948 2440 1102 2519 notariis
1116 2469 1227 2547 supra
1246 2441 1381 2520 ultimo
1400 2446 1614 2524 nominatis.

292 2705 478 2796 Posthac,
497 2705 556 2782 die
566 2705 722 2784 Veneris
734 2706 924 2812 sequenti,
939 2706 978 2781 in
994 2704 1196 2782 crastinum
1211 2703 1523 2783 llnnunciacionis
1541 2708 1648 2786 beate
1769 2775 1771 2780 ,

236 2836 370 2923 Maria,
389 2864 464 2940 que
476 2833 549 2912 luit
562 2861 645 2914 xxvi
660 2834 742 2913 dies
758 2835 849 2911 dicti
864 2835 1002 2912 mensis
1017 2834 1160 2921 Marcii,
1176 2831 1331 2911 fuerunt
1339 2834 1491 2911 adducti
1507 2836 1555 2911 ad
1567 2865 1650 2941 prc-

237 2965 398 3043 senciam
415 2964 637 3041 eorumdem
652 2965 894 3042 dominorum
913 2964 1144 3042 Mimateosis
1165 2980 1202 3041 et
1218 2964 1490 3041 Lemovicensis
1515 2968 1652 3071 episco-

236 3122 373 3199 porum
392 3109 430 3169 et
449 3093 700 3171 archidiaconi
725 3094 958 3184 Tridentini,
986 3092 1069 3170 aliis
1088 3092 1283 3180 excusatis,
1310 3120 1379 3198 pro
1397 3092 1578 3177 testibus,
1610 3096 1649 3170 in

238 3224 336 3300 dicta
353 3222 469 3300 domo
489 3222 633 3299 domini
648 3223 747 3299 Petri
762 3223 809 3308 de
830 3222 1034 3311 Sabaudia,
1053 3221 1183 3299 lratres
1194 3222 1349 3328 Egidius
1362 3222 1409 3299 de
1424 3225 1648 3315 Lovencort,

239 3369 277 3429 et
287 3352 476 3430 lohannes
490 3351 537 3429 de
554 3351 700 3430 Gaenes
716 3352 993 3445 Ambianensis,
1013 3351 1140 3432 Guido
1160 3353 1207 3428 de
1222 3352 1413 3429 Bellavilla
1429 3352 1649 3442 Meldensis,

238 3484 399 3560 Auricus
417 3482 464 3560 de
485 3482 721 3589 Compendio
742 3483 1039 3573 Suessionensis,
1061 3481 1175 3560 Oddo
1196 3481 1243 3559 de
1263 3482 1371 3560 Buris
1388 3481 1649 3587 Lingonensis,

238 3630 278 3688 et
300 3611 493 3717 Philippus
515 3611 665 3689 Griselli
691 3613 948 3690 Noviomeusis
970 3612 1179 3700 diocesum,
1200 3611 1411 3688 servientes.
1432 3611 1507 3702 Qui
1528 3628 1655 3715 prote-

240 3743 403 3819 staeione
411 3743 589 3848 premissa
601 3743 793 3849 quodnon
801 3742 1048 3821 intendebant
1060 3740 1581 3847 recedereadeposicionibus
1592 3769 1657 3843 per

241 3901 306 3949 eos
319 3870 423 3950 lactis
437 3899 562 3949 coram
574 3872 651 3949 suis
671 3872 887 3964 ordinariis,
909 3889 947 3949 et
964 3870 1068 3978 quod
1081 3870 1111 3946 si
1124 3898 1249 3947 coram
1269 3870 1359 3975 ipsis
1373 3867 1538 3945 dominis
1553 3898 1655 3945 com-

150 4080 156 4093 ,
241 4002 419 4081 missariis
438 4001 581 4109 aliquid
600 4001 686 4107 plus
705 4000 764 4079 vel
783 4002 908 4079 minus
927 4001 1113 4089 dicerent,
1131 4000 1236 4107 quod
1256 4000 1310 4075 eis
1329 4025 1406 4074 non
1426 3998 1655 4102 prejudicat,

237 4135 473 4237 juraverunt,
496 4131 602 4209 tactis
617 4132 856 4209 sacrosanctis
870 4129 1098 4236 Evangeliis,
1113 4127 1237 4204 dicere
1257 4127 1296 4200 in
1317 4126 1388 4202 isto
1408 4128 1565 4231 negocio
1579 4128 1660 4234 ple-

243 4287 331 4335 nam
350 4276 389 4334 et
405 4286 545 4335 meram
567 4260 776 4347 veritatem,
794 4259 1004 4338 sectmdum
1018 4256 1176 4333 sormam
1197 4257 1402 4361 juramenti
1423 4256 1584 4335 aliorum
1604 4279 1655 4335 te-

242 4387 357 4466 stium
375 4386 548 4494 superius
568 4389 817 4492 registratam,
843 4386 1045 4493 expositam
1063 4402 1100 4463 et
1115 4384 1375 4490 vulgarizatam
1391 4386 1560 4463 eisdem.»

238 4702 241 4707 -
301 4649 389 4740 Quo
403 4647 511 4740 lacto,
530 4648 686 4726 domino
700 4648 850 4727 Matheo
868 4648 1039 4726 veniente
1057 4664 1094 4725 et
1108 4665 1280 4755 presente
1299 4677 1384 4725 cum
1399 4647 1480 4725 aliis
1495 4648 1659 4725 dominis

245 4777 522 4869 commissoriis,
536 4777 657 4855 dictus
671 4777 757 4856 Odo
773 4777 820 4855 de
833 4776 942 4856 Buris
953 4778 1132 4865 serviens,
1155 4804 1262 4856 xxvtu
1275 4805 1461 4856 annorum
1471 4778 1529 4855 vel
1545 4779 1657 4863 circa,
