4230 5956
722 458 917 549 Procris
943 476 1038 548 DES
1062 474 1359 549 rumpemus.
1668 480 1749 554 ³05

337 616 524 693 osculatus
543 613 615 690 fuit
628 614 771 691 dictum
791 616 1034 722 recipientem
1051 634 1089 694 et
1103 615 1196 693 elios
1218 633 1410 721 presentes
1434 617 1475 692 in
1494 644 1572 695 ore.
1591 620 1752 698 Interro-

335 763 440 850 gatus
453 747 501 821 de
521 742 602 823 aliis
619 744 799 835 articulis,
822 747 914 823 dixit
932 772 1001 852 per
1016 749 1274 853 juramentum
1294 773 1404 824 suum
1419 746 1525 851 quod
1537 746 1653 825 nichil
1670 750 1751 826 scit.

391 1006 485 1082 ltem
508 1003 621 1082 irater
644 1005 768 1083 Droco
788 1005 836 1082 de
856 1006 1011 1085 Vivtriis
1033 1022 1157 1084 custos
1182 1005 1316 1082 domus
1337 1005 1385 1082 de
1412 1004 1639 1093 Brrberone,
1668 1006 1752 1085 loco

335 1134 580 1241 preceptoris,
595 1135 710 1212 etatis
728 1136 971 1242 quadragintn
986 1163 1168 1213 annorum
1179 1136 1237 1212 vel
1252 1135 1363 1222 circe,
1385 1135 1520 1212 eodem
1533 1135 1650 1213 modo
1664 1162 1754 1215 con·

337 1265 505 1354 stitutus,
519 1265 665 1370 juretus
692 1282 730 1343 et
751 1266 1013 1373 interrogatus,
1040 1267 1134 1343 dixit
1153 1292 1223 1370 per
1241 1264 1497 1373 jurameutum
1518 1290 1630 1343 suum
1649 1269 1753 1372 quod

335 1411 507 1499 receptus
519 1393 593 1470 fuit
604 1395 643 1470 in
654 1395 769 1473 domo
778 1395 926 1501 Templi
944 1396 992 1473 de
1002 1394 1180 1484 pruvino,
1191 1421 1239 1472 xx
1251 1393 1409 1472 annivel
1419 1394 1514 1470 circa
1524 1393 1750 1500 suntelupsi,

334 1549 402 1626 per
432 1522 582 1600 fratrem
609 1522 819 1602 Gerudum
849 1524 1107 1631 presbyterum
1134 1541 1170 1600 et
1192 1541 1450 1629 preceptorem
1473 1523 1573 1599 dicte
1600 1522 1751 1615 domus,

334 1651 568 1754 presentibus
585 1650 705 1729 lretxc
728 1653 946 1731 Godelredo
965 1671 1183 1758 preceptore
1213 1653 1312 1730 dicte
1336 1653 1484 1729 bellivie
1511 1652 1597 1730 loco
1632 1652 1753 1730 iritris

335 1780 518 1884 Arnulphi
533 1782 581 1858 de
600 1780 906 1869 Woisemslc,-et
924 1780 1035 1858 fratre
1054 1783 1214 1886 Hugone
1228 1798 1420 1887 receptore
1436 1780 1578 1857 telonei
1596 1778 1683 1857 ville
1703 1780 1751 1858 de

335 1909 511 1996 Pruvino,
534 1927 572 1986 et
591 1909 815 2015 quibusdem
832 1910 916 1987 aliis
927 1911 975 1986 de
989 1937 1152 2015 qtmrum
1165 1909 1380 1985 nominibus
1398 1934 1474 1985 nou
1493 1907 1636 1986 recolit.
1651 1909 1753 1987 Dixit

336 2039 452 2113 eciem
471 2064 540 2142 per
553 2037 809 2141 jtuumentum
829 2062 940 2113 suum
960 2037 1081 2142 quod,
1107 2054 1192 2140 post
1209 2035 1346 2114 multas
1364 2036 1630 2142 promissiones
1643 2037 1692 2114 eb
1706 2064 1752 2116 eo

336 2165 447 2241 sactus
479 2166 526 2243 de
551 2167 697 2242 statutis
716 2165 955 2244 observandis
972 2183 1016 2242 et
1039 2167 1190 2242 secretis
1216 2165 1305 2243 dicti
1332 2165 1475 2243 ordinis
1496 2165 1750 2256 observandis,

337 2295 458 2373 dictus
484 2296 668 2399 recipiens
692 2295 857 2373 ostendit
878 2295 950 2372 sibi
970 2295 1171 2401 quemdem
1198 2322 1348 2372 crucem
1375 2322 1523 2400 parvam
1542 2295 1687 2401 nigrum
1704 2297 1752 2373 de

333 2426 456 2530 liguo,
476 2442 515 2502 et
525 2425 657 2531 petivit
666 2425 714 2502 eb
724 2452 771 2502 eo
784 2441 914 2502 utrum
926 2424 1098 2502 crederet
1111 2425 1150 2500 in
1163 2450 1291 2512 cmce3
1306 2441 1345 2501 et
1358 2426 1438 2529 ipse
1450 2423 1544 2500 dixit
1558 2441 1596 2501 et
1607 2450 1754 2530 respon

340 2555 395 2630 dit
405 2554 511 2660 quod
523 2554 620 2633 bene
639 2555 816 2632 credebat
828 2555 868 2630 in
884 2580 971 2632 eum
983 2555 1048 2660 qui
1060 2580 1188 2658 pessus
1200 2552 1321 2631 fueret
1338 2555 1379 2630 in
1397 2581 1506 2630 cruce
1520 2578 1590 2658 pro
1602 2553 1752 2631 redem—

336 2685 468 2787 pcione
488 2701 625 2762 nostru.
650 2684 697 2761 Et
712 2702 805 2762 tunc
818 2684 899 2789 ipse
916 2683 1084 2789 precepit
1102 2681 1173 2759 sibi
1192 2683 1297 2787 quod
1315 2682 1515 2787 abnegaret
1540 2708 1689 2758 crucem
1710 2698 1752 2759 'et

336 2814 572 2903 crucifixum
591 2831 629 2890 et
642 2815 721 2919 ipse
747 2813 839 2890 dixit
855 2812 960 2918 quod
977 2838 1054 2889 non
1068 2811 1213 2888 luceret.
1237 2810 1283 2888 Et
1307 2827 1398 2887 tunc
1424 2810 1547 2887 dictus
1568 2811 1752 2915 recipiens

335 2941 428 3018 dixit
445 2942 516 3020 sibi
540 2975 548 3018 ε
571 2944 718 3049 uSpues
738 2970 849 3049 supm
878 2968 1048 3029 crucem,
1078 2941 1167 3046 quie
1190 2940 1326 3019 modus
1351 2955 1407 3016 est
1435 2955 1474 3016 et
1493 2968 1585 3018 usus
1608 2940 1752 3018 ordinis

335 3070 501 3161 nostrin
523 3090 561 3149 et
578 3091 668 3150 tunc
688 3075 768 3179 ipse
786 3072 930 3181 fingens
945 3098 1081 3178 spuere
1099 3098 1210 3176 supra
1230 3096 1395 3156 crucem,
1416 3070 1517 3175 spuit
1535 3069 1583 3146 sd
1600 3087 1749 3147 terrum.

333 3200 433 3278 Dixit
457 3220 593 3307 et.per
613 3203 870 3310 juramentum
895 3228 1007 3280 suum
1029 3201 1135 3307 quod
1158 3200 1401 3306 postmodum
1422 3200 1544 3277 dictus
1567 3190 1751 3306 recipiens

334 3332 440 3406 traxit
456 3359 544 3408 eum
559 3332 607 3408 ed
620 3331 819 3437 quemdem
834 3349 995 3438 partem,
1012 3349 1064 3420 et,
1083 3331 1273 3408 sublevata
1286 3346 1387 3407 veste
1401 3357 1482 3417 sus,
1496 3328 1584 3406 fecit
1592 3355 1633 3406 se
1646 3356 1752 3407 oscu-
1859 3325 1861 3329 Α

332 3458 399 3535 lari
421 3461 467 3537 ab
487 3462 587 3537 eoin
607 3461 786 3539 umbilico
808 3478 844 3538 et
860 3477 988 3567 posteo
1006 3462 1046 3536 in
1065 3488 1141 3536 ore.
1163 3460 1375 3565 Requisitus
1390 3476 1517 3535 utrum
1531 3457 1667 3534 viderit
1684 3460 1750 3535 sli-

332 3614 447 3695 quem
460 3590 575 3694 recipi
589 3591 628 3664 in
637 3588 738 3668 dicto
754 3590 908 3678 ordine,
920 3590 1013 3666 dixit
1025 3617 1093 3693 per
1098 3590 1353 3695 jurameutum
1368 3588 1473 3692 quod
1484 3587 1537 3662 sic
1548 3585 1649 3689 apud
1656 3586 1751 3664 Che

332 3737 498 3807 erutum,
520 3719 661 3796 scilicet
678 3720 830 3795 fratrem
848 3718 1029 3796 lecobum
1041 3716 1089 3793 de
1103 3716 1319 3805 Chemerot,
1347 3743 1416 3823 per
1433 3712 1595 3792 nauem.
1609 3714 1750 3793 Redul·

333 3848 452 3950 phum
472 3847 520 3923 de
539 3847 617 3925 Gisi
637 3863 869 3954 receptorem
888 3846 1106 3952 Cempenie3
1129 3862 1166 3921 et
1187 3844 1282 3922 sidit
1302 3843 1407 3950 quod
1425 3843 1546 3922 dictus
1566 3843 1748 3949 recipiens

333 3977 441 4053 traxit
459 4004 547 4053 eum
565 3993 665 4055 retro
683 3975 817 4065 uitare,
833 3976 901 4054 sed
917 3975 1036 4052 nescit
1048 3974 1140 4081 quid
1164 3973 1254 4052 iecit
1274 3973 1345 4051 sibi
1364 3972 1459 4051 lieri.
1478 3973 1609 4052 Credit
1621 3990 1748 4051 temen

333 4106 438 4209 quod
450 4104 563 4182 simili
574 4106 690 4184 modo
706 4132 794 4184 eum
808 4106 1020 4212 recepisset.
1041 4103 1254 4211 Requisitus
1268 4121 1396 4181 utrum
1409 4104 1461 4193 vi,
1479 4103 1537 4181 vel
1553 4119 1658 4182 metu
1670 4119 1749 4181 tor·

332 4250 545 4311 mentorum
564 4252 628 4312 aut
646 4236 816 4324 carceris,
842 4262 909 4312 seu
927 4234 1116 4340 aliquado
1136 4261 1259 4320 ceusu,
1281 4233 1445 4339 aliquem
1463 4232 1659 4313 falsitatem
1674 4233 1748 4311 im-

333 4364 521 4441 miscuerit
530 4366 570 4441 in
583 4364 819 4470 deposicionc
833 4393 911 4453 sua,
925 4382 987 4442 eut
998 4364 1188 4441 veritatem
1199 4364 1367 4452 tacuerit,
1380 4363 1471 4442 dixit
1482 4390 1551 4470 per
1556 4366 1749 4473 jurumen-
1873 4440 1879 4450 ,

331 4511 413 4570 tum
425 4520 538 4573 suum
550 4495 657 4603 qued
671 4521 764 4585 non3
781 4495 1045 4601 immo-puram
1060 4494 1249 4572 veritatem
1264 4494 1406 4572 dixerut
1415 4521 1486 4601 pro
1497 4492 1745 4574 salutennimc

330 4652 407 4703 sue.

1527 4899 1577 4960 50.
