<?xml version="1.0" encoding="UTF-8"?>
<!DOCTYPE html PUBLIC "-//W3C//DTD XHTML 1.0 Transitional//EN"
    "http://www.w3.org/TR/xhtml1/DTD/xhtml1-transitional.dtd">
<html xmlns="http://www.w3.org/1999/xhtml" xml:lang="en" lang="en">
 <head>
  <title>
</title>
<meta http-equiv="Content-Type" content="text/html;charset=utf-8" />
  <meta name='ocr-system' content='tesseract 3.04.00' />
  <meta name='ocr-capabilities' content='ocr_page ocr_carea ocr_par ocr_line ocrx_word'/>
</head>
<body>
  <div class='ocr_page' id='page_1' title='image "./procsdestemplie01defegoog/procsdestemplie01defegoog_0169.png"; bbox 0 0 4230 5956; ppageno 0'>
   <div class='ocr_carea' id='block_1_1' title="bbox 651 476 1680 568">
    <p class='ocr_par' dir='ltr' id='par_1_1' title="bbox 651 476 1680 568">
     <span class='ocr_line' id='line_1_1' title="bbox 651 476 1680 568; baseline 0 -1"><span class='ocrx_word' id='word_1_1' title='bbox 651 476 844 567; x_wconf 71' lang='lat' dir='ltr'>Procas</span> <span class='ocrx_word' id='word_1_2' title='bbox 871 494 966 564; x_wconf 80' lang='lat' dir='ltr'>nus</span> <span class='ocrx_word' id='word_1_3' title='bbox 992 491 1290 562; x_wconf 71' lang='lat' dir='ltr'>renuimus.</span> <span class='ocrx_word' id='word_1_4' title='bbox 1613 494 1680 568; x_wconf 76' lang='lat' dir='ltr'>ras</span> 
     </span>
    </p>
   </div>
   <div class='ocr_carea' id='block_1_2' title="bbox 265 631 1686 1625">
    <p class='ocr_par' dir='ltr' id='par_1_2' title="bbox 265 631 1683 1256">
     <span class='ocr_line' id='line_1_2' title="bbox 321 631 1681 744; baseline -0.003 -28"><span class='ocrx_word' id='word_1_5' title='bbox 321 638 536 744; x_wconf 88' lang='lat' dir='ltr'>Requisitus</span> <span class='ocrx_word' id='word_1_6' title='bbox 553 636 581 711; x_wconf 88' lang='lat' dir='ltr'>si</span> <span class='ocrx_word' id='word_1_7' title='bbox 598 636 652 711; x_wconf 91' lang='lat' dir='ltr'>sic</span> <span class='ocrx_word' id='word_1_8' title='bbox 664 634 888 739; x_wconf 79' lang='lat' dir='ltr'><strong>deposuerat</strong></span> <span class='ocrx_word' id='word_1_9' title='bbox 904 658 1026 737; x_wconf 81' lang='lat' dir='ltr'>prece,</span> <span class='ocrx_word' id='word_1_10' title='bbox 1047 631 1402 737; x_wconf 73' lang='lat' dir='ltr'>precepto-timore,</span> <span class='ocrx_word' id='word_1_11' title='bbox 1420 660 1564 723; x_wconf 88' lang='lat' dir='ltr'>amore,</span> <span class='ocrx_word' id='word_1_12' title='bbox 1578 635 1681 720; x_wconf 82' lang='lat' dir='ltr'>odio,</span> 
     </span>
     <span class='ocr_line' id='line_1_3' title="bbox 266 760 1682 873; baseline -0.002 -30"><span class='ocrx_word' id='word_1_13' title='bbox 266 770 323 846; x_wconf 88' lang='lat' dir='ltr'>vel</span> <span class='ocrx_word' id='word_1_14' title='bbox 342 766 539 873; x_wconf 88' lang='lat' dir='ltr'>temporali</span> <span class='ocrx_word' id='word_1_15' title='bbox 558 765 717 843; x_wconf 90' lang='lat' dir='ltr'>comodo</span> <span class='ocrx_word' id='word_1_16' title='bbox 738 763 866 841; x_wconf 89' lang='lat' dir='ltr'>habito</span> <span class='ocrx_word' id='word_1_17' title='bbox 883 762 940 838; x_wconf 89' lang='lat' dir='ltr'>vel</span> <span class='ocrx_word' id='word_1_18' title='bbox 956 762 1148 848; x_wconf 91' lang='lat' dir='ltr'>habendo,</span> <span class='ocrx_word' id='word_1_19' title='bbox 1169 760 1365 866; x_wconf 77' lang='lat' dir='ltr'><strong>respondit</strong></span> <span class='ocrx_word' id='word_1_20' title='bbox 1384 762 1489 866; x_wconf 92' lang='lat' dir='ltr'>quod</span> <span class='ocrx_word' id='word_1_21' title='bbox 1507 790 1600 848; x_wconf 88' lang='lat' dir='ltr'>non,</span> <span class='ocrx_word' id='word_1_22' title='bbox 1617 767 1682 841; x_wconf 83' lang='lat' dir='ltr'>sed</span> 
     </span>
     <span class='ocr_line' id='line_1_4' title="bbox 265 891 1683 1004; baseline -0.004 -29"><span class='ocrx_word' id='word_1_23' title='bbox 265 926 331 1004; x_wconf 93' lang='lat' dir='ltr'>pro</span> <span class='ocrx_word' id='word_1_24' title='bbox 352 898 503 974; x_wconf 87' lang='lat' dir='ltr'>veritate</span> <span class='ocrx_word' id='word_1_25' title='bbox 530 895 709 982; x_wconf 85' lang='lat' dir='ltr'>dicende;</span> <span class='ocrx_word' id='word_1_26' title='bbox 732 896 791 972; x_wconf 91' lang='lat' dir='ltr'>cui</span> <span class='ocrx_word' id='word_1_27' title='bbox 811 893 883 970; x_wconf 87' lang='lat' dir='ltr'>suit</span> <span class='ocrx_word' id='word_1_28' title='bbox 911 893 1123 1000; x_wconf 88' lang='lat' dir='ltr'>injunctum</span> <span class='ocrx_word' id='word_1_29' title='bbox 1149 891 1254 998; x_wconf 87' lang='lat' dir='ltr'>quod</span> <span class='ocrx_word' id='word_1_30' title='bbox 1279 919 1354 967; x_wconf 90' lang='lat' dir='ltr'>non</span> <span class='ocrx_word' id='word_1_31' title='bbox 1382 891 1561 969; x_wconf 82' lang='lat' dir='ltr'>revelaret</span> <span class='ocrx_word' id='word_1_32' title='bbox 1589 893 1683 969; x_wconf 92' lang='lat' dir='ltr'>banc</span> 
     </span>
     <span class='ocr_line' id='line_1_5' title="bbox 265 1020 1683 1133; baseline -0.005 -28"><span class='ocrx_word' id='word_1_33' title='bbox 265 1056 371 1105; x_wconf 86' lang='lat' dir='ltr'>suam</span> <span class='ocrx_word' id='word_1_34' title='bbox 382 1026 679 1133; x_wconf 87' lang='lat' dir='ltr'>deposicionem,</span> <span class='ocrx_word' id='word_1_35' title='bbox 696 1053 896 1129; x_wconf 81' lang='lat' dir='ltr'>quousque</span> <span class='ocrx_word' id='word_1_36' title='bbox 911 1023 1169 1099; x_wconf 88' lang='lat' dir='ltr'>attestaciones</span> <span class='ocrx_word' id='word_1_37' title='bbox 1182 1020 1322 1097; x_wconf 85' lang='lat' dir='ltr'>fuerint</span> <span class='ocrx_word' id='word_1_38' title='bbox 1337 1020 1544 1126; x_wconf 84' lang='lat' dir='ltr'>publicate;</span> <span class='ocrx_word' id='word_1_39' title='bbox 1558 1040 1594 1097; x_wconf 90' lang='lat' dir='ltr'>et</span> <span class='ocrx_word' id='word_1_40' title='bbox 1608 1052 1683 1099; x_wconf 88' lang='lat' dir='ltr'>non</span> 
     </span>
     <span class='ocr_line' id='line_1_6' title="bbox 266 1149 1577 1256; baseline -0.006 -21"><span class='ocrx_word' id='word_1_41' title='bbox 266 1156 454 1235; x_wconf 86' lang='lat' dir='ltr'>obtulerat</span> <span class='ocrx_word' id='word_1_42' title='bbox 473 1184 518 1232; x_wconf 87' lang='lat' dir='ltr'>se·</span> <span class='ocrx_word' id='word_1_43' title='bbox 529 1155 576 1232; x_wconf 92' lang='lat' dir='ltr'>ad</span> <span class='ocrx_word' id='word_1_44' title='bbox 598 1154 871 1232; x_wconf 85' lang='lat' dir='ltr'>deffensionem</span> <span class='ocrx_word' id='word_1_45' title='bbox 890 1152 1048 1240; x_wconf 81' lang='lat' dir='ltr'>ordinis,</span> <span class='ocrx_word' id='word_1_46' title='bbox 1066 1169 1105 1227; x_wconf 90' lang='lat' dir='ltr'>et</span> <span class='ocrx_word' id='word_1_47' title='bbox 1121 1149 1355 1256; x_wconf 85' lang='lat' dir='ltr'>intelligebat</span> <span class='ocrx_word' id='word_1_48' title='bbox 1366 1150 1537 1227; x_wconf 88' lang='lat' dir='ltr'>latinum.</span> <span class='ocrx_word' id='word_1_49' title='bbox 1570 1202 1577 1217; x_wconf 90' lang='lat'><em>·</em></span> 
     </span>
    </p>

    <p class='ocr_par' dir='ltr' id='par_1_3' title="bbox 265 1282 1686 1625">
     <span class='ocr_line' id='line_1_7' title="bbox 322 1282 1685 1389; baseline -0.004 -25"><span class='ocrx_word' id='word_1_50' title='bbox 322 1289 410 1364; x_wconf 86' lang='lat' dir='ltr'>Acta</span> <span class='ocrx_word' id='word_1_51' title='bbox 428 1286 583 1364; x_wconf 88' lang='lat' dir='ltr'>suerunt</span> <span class='ocrx_word' id='word_1_52' title='bbox 597 1287 667 1363; x_wconf 91' lang='lat' dir='ltr'>bec</span> <span class='ocrx_word' id='word_1_53' title='bbox 688 1287 750 1363; x_wconf 88' lang='lat' dir='ltr'>die</span> <span class='ocrx_word' id='word_1_54' title='bbox 765 1303 802 1362; x_wconf 95' lang='lat' dir='ltr'>et</span> <span class='ocrx_word' id='word_1_55' title='bbox 819 1284 902 1360; x_wconf 90' lang='lat' dir='ltr'>loco</span> <span class='ocrx_word' id='word_1_56' title='bbox 918 1283 1112 1389; x_wconf 82' lang='lat' dir='ltr'>predictis,</span> <span class='ocrx_word' id='word_1_57' title='bbox 1134 1282 1370 1388; x_wconf 81' lang='lat' dir='ltr'>presentibus</span> <span class='ocrx_word' id='word_1_58' title='bbox 1387 1283 1562 1389; x_wconf 83' lang='lat' dir='ltr'>magistro</span> <span class='ocrx_word' id='word_1_59' title='bbox 1581 1285 1685 1359; x_wconf 78' lang='lat' dir='ltr'>Ami-</span> 
     </span>
     <span class='ocr_line' id='line_1_8' title="bbox 266 1411 1686 1516; baseline -0.005 -21"><span class='ocrx_word' id='word_1_60' title='bbox 266 1420 344 1507; x_wconf 93' lang='lat' dir='ltr'>sio,</span> <span class='ocrx_word' id='word_1_61' title='bbox 363 1446 424 1494; x_wconf 89' lang='lat' dir='ltr'>me</span> <span class='ocrx_word' id='word_1_62' title='bbox 445 1417 699 1493; x_wconf 88' lang='lat' dir='ltr'>Floriamonte</span> <span class='ocrx_word' id='word_1_63' title='bbox 714 1414 912 1492; x_wconf 89' lang='lat' dir='ltr'>Dondedei</span> <span class='ocrx_word' id='word_1_64' title='bbox 939 1431 976 1489; x_wconf 90' lang='lat' dir='ltr'>et</span> <span class='ocrx_word' id='word_1_65' title='bbox 996 1412 1077 1490; x_wconf 86' lang='lat' dir='ltr'>aliis</span> <span class='ocrx_word' id='word_1_66' title='bbox 1098 1413 1252 1489; x_wconf 91' lang='lat' dir='ltr'>notariis</span> <span class='ocrx_word' id='word_1_67' title='bbox 1271 1440 1383 1516; x_wconf 89' lang='lat' dir='ltr'>supra</span> <span class='ocrx_word' id='word_1_68' title='bbox 1404 1411 1539 1489; x_wconf 90' lang='lat' dir='ltr'>ultimo</span> <span class='ocrx_word' id='word_1_69' title='bbox 1566 1415 1686 1490; x_wconf 85' lang='lat' dir='ltr'>nomi-</span> 
     </span>
     <span class='ocr_line' id='line_1_9' title="bbox 265 1564 370 1625; baseline 0 -3"><span class='ocrx_word' id='word_1_70' title='bbox 265 1564 370 1625; x_wconf 80' lang='lat' dir='ltr'>naus.</span> 
     </span>
    </p>
   </div>
   <div class='ocr_carea' id='block_1_3' title="bbox 265 1804 1686 4901">
    <p class='ocr_par' dir='ltr' id='par_1_4' title="bbox 265 1804 1686 4901">
     <span class='ocr_line' id='line_1_10' title="bbox 321 1804 1686 1911; baseline -0.003 -26"><span class='ocrx_word' id='word_1_71' title='bbox 321 1811 409 1885; x_wconf 88' lang='lat' dir='ltr'>Post</span> <span class='ocrx_word' id='word_1_72' title='bbox 428 1809 514 1892; x_wconf 89' lang='lat' dir='ltr'>hec,</span> <span class='ocrx_word' id='word_1_73' title='bbox 536 1806 597 1883; x_wconf 88' lang='lat' dir='ltr'>die</span> <span class='ocrx_word' id='word_1_74' title='bbox 614 1808 727 1893; x_wconf 86' lang='lat' dir='ltr'>lovis,</span> <span class='ocrx_word' id='word_1_75' title='bbox 749 1833 823 1911; x_wconf 93' lang='lat' dir='ltr'>que</span> <span class='ocrx_word' id='word_1_76' title='bbox 845 1805 918 1882; x_wconf 86' lang='lat' dir='ltr'>fuit</span> <span class='ocrx_word' id='word_1_77' title='bbox 936 1807 1055 1910; x_wconf 89' lang='lat' dir='ltr'>prima</span> <span class='ocrx_word' id='word_1_78' title='bbox 1086 1804 1168 1883; x_wconf 85' lang='lat' dir='ltr'>dies</span> <span class='ocrx_word' id='word_1_79' title='bbox 1195 1805 1334 1880; x_wconf 83' lang='lat' dir='ltr'>mensis</span> <span class='ocrx_word' id='word_1_80' title='bbox 1359 1805 1512 1909; x_wconf 81' lang='lat' dir='ltr'><strong>Aprilis,</strong></span> <span class='ocrx_word' id='word_1_81' title='bbox 1531 1806 1601 1883; x_wconf 85' lang='lat' dir='ltr'>luit</span> <span class='ocrx_word' id='word_1_82' title='bbox 1622 1807 1686 1882; x_wconf 84' lang='lat' dir='ltr'>ad·</span> 
     </span>
     <span class='ocr_line' id='line_1_11' title="bbox 266 1934 1685 2043; baseline -0.001 -29"><span class='ocrx_word' id='word_1_83' title='bbox 266 1939 398 2015; x_wconf 89' lang='lat' dir='ltr'>ductus</span> <span class='ocrx_word' id='word_1_84' title='bbox 418 1939 465 2015; x_wconf 88' lang='lat' dir='ltr'>ad</span> <span class='ocrx_word' id='word_1_85' title='bbox 480 1937 710 2043; x_wconf 89' lang='lat' dir='ltr'>presenciam</span> <span class='ocrx_word' id='word_1_86' title='bbox 732 1935 953 2013; x_wconf 90' lang='lat' dir='ltr'>eorumdem</span> <span class='ocrx_word' id='word_1_87' title='bbox 985 1934 1226 2011; x_wconf 88' lang='lat' dir='ltr'>dominorum</span> <span class='ocrx_word' id='word_1_88' title='bbox 1255 1935 1615 2023; x_wconf 80' lang='lat' dir='ltr'>commissariorum,</span> <span class='ocrx_word' id='word_1_89' title='bbox 1646 1938 1685 2013; x_wconf 90' lang='lat' dir='ltr'>in</span> 
     </span>
     <span class='ocr_line' id='line_1_12' title="bbox 267 2063 1682 2169; baseline 0.002 -26"><span class='ocrx_word' id='word_1_90' title='bbox 267 2068 365 2143; x_wconf 88' lang='lat' dir='ltr'>dicta</span> <span class='ocrx_word' id='word_1_91' title='bbox 377 2068 492 2145; x_wconf 92' lang='lat' dir='ltr'>domo</span> <span class='ocrx_word' id='word_1_92' title='bbox 505 2067 650 2143; x_wconf 92' lang='lat' dir='ltr'>domini</span> <span class='ocrx_word' id='word_1_93' title='bbox 660 2067 759 2142; x_wconf 88' lang='lat' dir='ltr'>Petri</span> <span class='ocrx_word' id='word_1_94' title='bbox 776 2066 822 2141; x_wconf 91' lang='lat' dir='ltr'>de</span> <span class='ocrx_word' id='word_1_95' title='bbox 833 2063 1032 2150; x_wconf 82' lang='lat' dir='ltr'>Sabaudia,</span> <span class='ocrx_word' id='word_1_96' title='bbox 1051 2063 1166 2139; x_wconf 84' lang='lat' dir='ltr'>irater.</span> <span class='ocrx_word' id='word_1_97' title='bbox 1177 2064 1286 2169; x_wconf 85' lang='lat' dir='ltr'>Hugo</span> <span class='ocrx_word' id='word_1_98' title='bbox 1301 2064 1494 2141; x_wconf 86' lang='lat' dir='ltr'>Chamerii</span> <span class='ocrx_word' id='word_1_99' title='bbox 1508 2068 1682 2153; x_wconf 84' lang='lat' dir='ltr'>serviens,</span> 
     </span>
     <span class='ocr_line' id='line_1_13' title="bbox 265 2181 1682 2301; baseline 0.001 -29"><span class='ocrx_word' id='word_1_100' title='bbox 265 2213 462 2301; x_wconf 87' lang='lat' dir='ltr'>preceptor</span> <span class='ocrx_word' id='word_1_101' title='bbox 475 2196 612 2272; x_wconf 89' lang='lat' dir='ltr'>domus</span> <span class='ocrx_word' id='word_1_102' title='bbox 626 2191 775 2297; x_wconf 88' lang='lat' dir='ltr'>Templi</span> <span class='ocrx_word' id='word_1_103' title='bbox 789 2191 836 2268; x_wconf 91' lang='lat' dir='ltr'>de</span> <span class='ocrx_word' id='word_1_104' title='bbox 854 2191 990 2268; x_wconf 89' lang='lat' dir='ltr'>Sancto</span> <span class='ocrx_word' id='word_1_105' title='bbox 1000 2190 1181 2269; x_wconf 84' lang='lat' dir='ltr'>Porciano</span> <span class='ocrx_word' id='word_1_106' title='bbox 1192 2181 1682 2284; x_wconf 75' lang='lat' dir='ltr'>Clerumentensisdiocesis,</span> 
     </span>
     <span class='ocr_line' id='line_1_14' title="bbox 266 2319 1686 2431; baseline 0.004 -33"><span class='ocrx_word' id='word_1_107' title='bbox 266 2325 372 2402; x_wconf 88' lang='lat' dir='ltr'>testis</span> <span class='ocrx_word' id='word_1_108' title='bbox 391 2352 504 2429; x_wconf 89' lang='lat' dir='ltr'>supra</span> <span class='ocrx_word' id='word_1_109' title='bbox 513 2325 677 2431; x_wconf 87' lang='lat' dir='ltr'>juratus,</span> <span class='ocrx_word' id='word_1_110' title='bbox 698 2338 743 2398; x_wconf 91' lang='lat' dir='ltr'>ut</span> <span class='ocrx_word' id='word_1_111' title='bbox 761 2322 968 2425; x_wconf 86' lang='lat' dir='ltr'>deponeret</span> <span class='ocrx_word' id='word_1_112' title='bbox 986 2319 1130 2397; x_wconf 91' lang='lat' dir='ltr'>dictum</span> <span class='ocrx_word' id='word_1_113' title='bbox 1149 2348 1279 2410; x_wconf 82' lang='lat' dir='ltr'>suurn,</span> <span class='ocrx_word' id='word_1_114' title='bbox 1300 2324 1523 2402; x_wconf 88' lang='lat' dir='ltr'>mantellum</span> <span class='ocrx_word' id='word_1_115' title='bbox 1543 2329 1686 2404; x_wconf 88' lang='lat' dir='ltr'>ordinis</span> 
     </span>
     <span class='ocr_line' id='line_1_15' title="bbox 266 2450 1684 2556; baseline 0.004 -26"><span class='ocrx_word' id='word_1_116' title='bbox 266 2472 304 2530; x_wconf 90' lang='lat' dir='ltr'>et</span> <span class='ocrx_word' id='word_1_117' title='bbox 326 2452 480 2531; x_wconf 88' lang='lat' dir='ltr'>barbam</span> <span class='ocrx_word' id='word_1_118' title='bbox 505 2452 707 2538; x_wconf 79' lang='lat' dir='ltr'>defferens,</span> <span class='ocrx_word' id='word_1_119' title='bbox 728 2450 1162 2556; x_wconf 83' lang='lat' dir='ltr'>quadragintaquinque</span> <span class='ocrx_word' id='word_1_120' title='bbox 1182 2453 1572 2546; x_wconf 83' lang='lat' dir='ltr'>annorumvelcirca,</span> <span class='ocrx_word' id='word_1_121' title='bbox 1599 2487 1684 2535; x_wconf 91' lang='lat' dir='ltr'>curn</span> 
     </span>
     <span class='ocr_line' id='line_1_16' title="bbox 266 2579 1685 2695; baseline 0.003 -33"><span class='ocrx_word' id='word_1_122' title='bbox 266 2611 343 2689; x_wconf 92' lang='lat' dir='ltr'>quo</span> <span class='ocrx_word' id='word_1_123' title='bbox 359 2583 580 2691; x_wconf 88' lang='lat' dir='ltr'>inquisitum</span> <span class='ocrx_word' id='word_1_124' title='bbox 598 2581 733 2667; x_wconf 87' lang='lat' dir='ltr'>luerat,</span> <span class='ocrx_word' id='word_1_125' title='bbox 755 2579 949 2657; x_wconf 85' lang='lat' dir='ltr'>absolutus</span> <span class='ocrx_word' id='word_1_126' title='bbox 967 2596 1007 2656; x_wconf 90' lang='lat' dir='ltr'>et</span> <span class='ocrx_word' id='word_1_127' title='bbox 1024 2579 1283 2658; x_wconf 86' lang='lat' dir='ltr'>reconciliatus</span> <span class='ocrx_word' id='word_1_128' title='bbox 1303 2610 1371 2687; x_wconf 91' lang='lat' dir='ltr'>per</span> <span class='ocrx_word' id='word_1_129' title='bbox 1388 2584 1588 2663; x_wconf 88' lang='lat' dir='ltr'>dominum</span> <span class='ocrx_word' id='word_1_130' title='bbox 1609 2593 1685 2695; x_wconf 77' lang='lat' dir='ltr'>epi-</span> 
     </span>
     <span class='ocr_line' id='line_1_17' title="bbox 268 2711 1683 2822; baseline 0.002 -31"><span class='ocrx_word' id='word_1_131' title='bbox 268 2742 422 2820; x_wconf 88' lang='lat' dir='ltr'>scopum</span> <span class='ocrx_word' id='word_1_132' title='bbox 442 2714 795 2793; x_wconf 84' lang='lat' dir='ltr'>Claramontensem.</span> <span class='ocrx_word' id='word_1_133' title='bbox 822 2711 945 2788; x_wconf 84' lang='lat' dir='ltr'>Lectis</span> <span class='ocrx_word' id='word_1_134' title='bbox 967 2727 1094 2786; x_wconf 88' lang='lat' dir='ltr'>autem</span> <span class='ocrx_word' id='word_1_135' title='bbox 1122 2727 1160 2786; x_wconf 87' lang='lat' dir='ltr'>et</span> <span class='ocrx_word' id='word_1_136' title='bbox 1183 2711 1385 2819; x_wconf 86' lang='lat' dir='ltr'>diligenter</span> <span class='ocrx_word' id='word_1_137' title='bbox 1411 2718 1587 2822; x_wconf 83' lang='lat' dir='ltr'>expositis</span> <span class='ocrx_word' id='word_1_138' title='bbox 1614 2719 1683 2795; x_wconf 93' lang='lat' dir='ltr'>sibi</span> 
     </span>
     <span class='ocr_line' id='line_1_18' title="bbox 268 2839 1685 2950; baseline 0.003 -30"><span class='ocrx_word' id='word_1_139' title='bbox 268 2845 444 2922; x_wconf 88' lang='lat' dir='ltr'>omnibus</span> <span class='ocrx_word' id='word_1_140' title='bbox 464 2862 502 2920; x_wconf 88' lang='lat' dir='ltr'>et</span> <span class='ocrx_word' id='word_1_141' title='bbox 519 2842 674 2950; x_wconf 85' lang='lat' dir='ltr'>singulis</span> <span class='ocrx_word' id='word_1_142' title='bbox 692 2839 873 2930; x_wconf 79' lang='lat' dir='ltr'>articulis,</span> <span class='ocrx_word' id='word_1_143' title='bbox 892 2840 1086 2944; x_wconf 87' lang='lat' dir='ltr'>respondit</span> <span class='ocrx_word' id='word_1_144' title='bbox 1101 2868 1142 2917; x_wconf 86' lang='lat' dir='ltr'>ee</span> <span class='ocrx_word' id='word_1_145' title='bbox 1159 2842 1318 2930; x_wconf 86' lang='lat' dir='ltr'>nescire,</span> <span class='ocrx_word' id='word_1_146' title='bbox 1338 2871 1408 2919; x_wconf 92' lang='lat' dir='ltr'>nec</span> <span class='ocrx_word' id='word_1_147' title='bbox 1427 2846 1598 2934; x_wconf 90' lang='lat' dir='ltr'>credere,</span> <span class='ocrx_word' id='word_1_148' title='bbox 1616 2877 1685 2925; x_wconf 86' lang='lat' dir='ltr'>nec</span> 
     </span>
     <span class='ocr_line' id='line_1_19' title="bbox 268 2969 1683 3080; baseline 0.004 -31"><span class='ocrx_word' id='word_1_149' title='bbox 268 2974 451 3051; x_wconf 83' lang='lat' dir='ltr'>audivisse</span> <span class='ocrx_word' id='word_1_150' title='bbox 474 2973 548 3050; x_wconf 90' lang='lat' dir='ltr'>dici</span> <span class='ocrx_word' id='word_1_151' title='bbox 579 2973 627 3048; x_wconf 87' lang='lat' dir='ltr'>de</span> <span class='ocrx_word' id='word_1_152' title='bbox 651 2971 837 3048; x_wconf 83' lang='lat' dir='ltr'>contentis</span> <span class='ocrx_word' id='word_1_153' title='bbox 857 2970 894 3044; x_wconf 90' lang='lat' dir='ltr'>in</span> <span class='ocrx_word' id='word_1_154' title='bbox 917 2969 971 3047; x_wconf 87' lang='lat' dir='ltr'>eis</span> <span class='ocrx_word' id='word_1_155' title='bbox 990 2970 1060 3045; x_wconf 92' lang='lat' dir='ltr'>nisi</span> <span class='ocrx_word' id='word_1_156' title='bbox 1084 2970 1188 3075; x_wconf 93' lang='lat' dir='ltr'>quod</span> <span class='ocrx_word' id='word_1_157' title='bbox 1218 2971 1399 3078; x_wconf 86' lang='lat' dir='ltr'>sequitur.</span> <span class='ocrx_word' id='word_1_158' title='bbox 1426 2976 1473 3050; x_wconf 87' lang='lat' dir='ltr'>Et</span> <span class='ocrx_word' id='word_1_159' title='bbox 1500 2996 1683 3080; x_wconf 86' lang='lat' dir='ltr'>protesta-</span> 
     </span>
     <span class='ocr_line' id='line_1_20' title="bbox 268 3099 1684 3213; baseline 0.004 -32"><span class='ocrx_word' id='word_1_160' title='bbox 268 3104 374 3181; x_wconf 88' lang='lat' dir='ltr'>cione</span> <span class='ocrx_word' id='word_1_161' title='bbox 394 3102 573 3210; x_wconf 85' lang='lat' dir='ltr'>premissa</span> <span class='ocrx_word' id='word_1_162' title='bbox 593 3102 699 3206; x_wconf 93' lang='lat' dir='ltr'>quod</span> <span class='ocrx_word' id='word_1_163' title='bbox 717 3128 793 3177; x_wconf 90' lang='lat' dir='ltr'>non</span> <span class='ocrx_word' id='word_1_164' title='bbox 817 3099 982 3177; x_wconf 86' lang='lat' dir='ltr'>intendit</span> <span class='ocrx_word' id='word_1_165' title='bbox 1000 3100 1211 3176; x_wconf 84' lang='lat' dir='ltr'>recederea</span> <span class='ocrx_word' id='word_1_166' title='bbox 1236 3102 1475 3207; x_wconf 86' lang='lat' dir='ltr'>deposicione</span> <span class='ocrx_word' id='word_1_167' title='bbox 1504 3136 1573 3213; x_wconf 90' lang='lat' dir='ltr'>per</span> <span class='ocrx_word' id='word_1_168' title='bbox 1595 3136 1684 3186; x_wconf 87' lang='lat' dir='ltr'>eum</span> 
     </span>
     <span class='ocr_line' id='line_1_21' title="bbox 268 3229 1686 3336; baseline 0.007 -29"><span class='ocrx_word' id='word_1_169' title='bbox 268 3232 504 3311; x_wconf 82' lang='lat' dir='ltr'>facta-coram</span> <span class='ocrx_word' id='word_1_170' title='bbox 522 3232 623 3309; x_wconf 90' lang='lat' dir='ltr'>dicto</span> <span class='ocrx_word' id='word_1_171' title='bbox 640 3230 795 3307; x_wconf 78' lang='lat' dir='ltr'>domino</span> <span class='ocrx_word' id='word_1_172' title='bbox 813 3230 990 3336; x_wconf 90' lang='lat' dir='ltr'>episcopo</span> <span class='ocrx_word' id='word_1_173' title='bbox 1007 3229 1321 3319; x_wconf 81' lang='lat' dir='ltr'>Claramontensi,</span> <span class='ocrx_word' id='word_1_174' title='bbox 1342 3234 1433 3311; x_wconf 83' lang='lat' dir='ltr'>dixit</span> <span class='ocrx_word' id='word_1_175' title='bbox 1447 3263 1491 3312; x_wconf 85' lang='lat' dir='ltr'>se</span> <span class='ocrx_word' id='word_1_176' title='bbox 1501 3235 1617 3315; x_wconf 77' lang='lat' dir='ltr'>baisse</span> <span class='ocrx_word' id='word_1_177' title='bbox 1634 3269 1686 3317; x_wconf 77' lang='lat' dir='ltr'>re</span> 
     </span>
     <span class='ocr_line' id='line_1_22' title="bbox 268 3359 1681 3468; baseline 0.004 -27"><span class='ocrx_word' id='word_1_178' title='bbox 268 3383 419 3468; x_wconf 86' lang='lat' dir='ltr'>ceptum</span> <span class='ocrx_word' id='word_1_179' title='bbox 429 3365 468 3440; x_wconf 88' lang='lat' dir='ltr'>io</span> <span class='ocrx_word' id='word_1_180' title='bbox 483 3361 625 3468; x_wconf 86' lang='lat' dir='ltr'>capella</span> <span class='ocrx_word' id='word_1_181' title='bbox 639 3359 938 3464; x_wconf 77' lang='lat' dir='ltr'>domusTenpli</span> <span class='ocrx_word' id='word_1_182' title='bbox 951 3359 998 3436; x_wconf 91' lang='lat' dir='ltr'>de</span> <span class='ocrx_word' id='word_1_183' title='bbox 1014 3360 1504 3444; x_wconf 74' lang='lat' dir='ltr'>ChunboClaramontensis</span> <span class='ocrx_word' id='word_1_184' title='bbox 1512 3368 1681 3463; x_wconf 87' lang='lat' dir='ltr'>diocesis,</span> 
     </span>
     <span class='ocr_line' id='line_1_23' title="bbox 269 3490 1686 3600; baseline 0.005 -31"><span class='ocrx_word' id='word_1_185' title='bbox 269 3493 363 3570; x_wconf 91' lang='lat' dir='ltr'>circa</span> <span class='ocrx_word' id='word_1_186' title='bbox 383 3494 530 3570; x_wconf 75' lang='lat' dir='ltr'>instans</span> <span class='ocrx_word' id='word_1_187' title='bbox 544 3491 680 3569; x_wconf 86' lang='lat' dir='ltr'>festum</span> <span class='ocrx_word' id='word_1_188' title='bbox 710 3490 909 3567; x_wconf 87' lang='lat' dir='ltr'>nativitatis</span> <span class='ocrx_word' id='word_1_189' title='bbox 931 3492 1049 3568; x_wconf 81' lang='lat' dir='ltr'>sancti</span> <span class='ocrx_word' id='word_1_190' title='bbox 1071 3493 1255 3569; x_wconf 80' lang='lat' dir='ltr'>lobannis</span> <span class='ocrx_word' id='word_1_191' title='bbox 1271 3497 1432 3600; x_wconf 88' lang='lat' dir='ltr'>Baptiste</span> <span class='ocrx_word' id='word_1_192' title='bbox 1453 3516 1564 3574; x_wconf 88' lang='lat' dir='ltr'>erunt</span> <span class='ocrx_word' id='word_1_193' title='bbox 1584 3502 1686 3577; x_wconf 81' lang='lat' dir='ltr'>circi·</span> 
     </span>
     <span class='ocr_line' id='line_1_24' title="bbox 269 3619 1681 3733; baseline 0.004 -34"><span class='ocrx_word' id='word_1_194' title='bbox 269 3640 326 3699; x_wconf 87' lang='lat' dir='ltr'>ter</span> <span class='ocrx_word' id='word_1_195' title='bbox 349 3650 421 3700; x_wconf 78' lang='lat' dir='ltr'>xxx</span> <span class='ocrx_word' id='word_1_196' title='bbox 451 3623 559 3710; x_wconf 91' lang='lat' dir='ltr'>anni,</span> <span class='ocrx_word' id='word_1_197' title='bbox 587 3649 655 3728; x_wconf 89' lang='lat' dir='ltr'>per</span> <span class='ocrx_word' id='word_1_198' title='bbox 685 3619 840 3697; x_wconf 82' lang='lat' dir='ltr'>fratrem</span> <span class='ocrx_word' id='word_1_199' title='bbox 864 3622 1017 3698; x_wconf 80' lang='lat' dir='ltr'>Petrum</span> <span class='ocrx_word' id='word_1_200' title='bbox 1047 3621 1094 3699; x_wconf 93' lang='lat' dir='ltr'>de</span> <span class='ocrx_word' id='word_1_201' title='bbox 1122 3624 1248 3700; x_wconf 84' lang='lat' dir='ltr'>Domo</span> <span class='ocrx_word' id='word_1_202' title='bbox 1286 3624 1445 3703; x_wconf 85' lang='lat' dir='ltr'>militem</span> <span class='ocrx_word' id='word_1_203' title='bbox 1475 3630 1681 3733; x_wconf 87' lang='lat' dir='ltr'>quondam,</span> 
     </span>
     <span class='ocr_line' id='line_1_25' title="bbox 270 3750 1681 3864; baseline 0.004 -36"><span class='ocrx_word' id='word_1_204' title='bbox 270 3771 526 3858; x_wconf 89' lang='lat' dir='ltr'>preceptorem</span> <span class='ocrx_word' id='word_1_205' title='bbox 546 3751 732 3843; x_wconf 79' lang='lat' dir='ltr'>Alvernie,</span> <span class='ocrx_word' id='word_1_206' title='bbox 764 3751 1001 3856; x_wconf 86' lang='lat' dir='ltr'>presentibus</span> <span class='ocrx_word' id='word_1_207' title='bbox 1032 3750 1210 3829; x_wconf 81' lang='lat' dir='ltr'>fratribus</span> <span class='ocrx_word' id='word_1_208' title='bbox 1234 3755 1424 3833; x_wconf 87' lang='lat' dir='ltr'>Bernardo</span> <span class='ocrx_word' id='word_1_209' title='bbox 1439 3758 1681 3864; x_wconf 84' lang='lat' dir='ltr'>presbytero,</span> 
     </span>
     <span class='ocr_line' id='line_1_26' title="bbox 270 3881 1682 3989; baseline 0.004 -31"><span class='ocrx_word' id='word_1_210' title='bbox 270 3883 377 3989; x_wconf 85' lang='lat' dir='ltr'>cujus</span> <span class='ocrx_word' id='word_1_211' title='bbox 390 3909 598 3989; x_wconf 79' lang='lat' dir='ltr'>cognomen</span> <span class='ocrx_word' id='word_1_212' title='bbox 609 3881 996 3989; x_wconf 78' lang='lat' dir='ltr'>ignorat,quillelmo</span> <span class='ocrx_word' id='word_1_213' title='bbox 1011 3882 1225 3969; x_wconf 79' lang='lat' dir='ltr'>Charnerii,</span> <span class='ocrx_word' id='word_1_214' title='bbox 1240 3885 1424 3962; x_wconf 86' lang='lat' dir='ltr'>avunculo</span> <span class='ocrx_word' id='word_1_215' title='bbox 1437 3886 1553 3989; x_wconf 87' lang='lat' dir='ltr'>ipsius</span> <span class='ocrx_word' id='word_1_216' title='bbox 1567 3890 1682 3974; x_wconf 86' lang='lat' dir='ltr'>testis,</span> 
     </span>
     <span class='ocr_line' id='line_1_27' title="bbox 271 4011 1682 4119; baseline 0.006 -32"><span class='ocrx_word' id='word_1_217' title='bbox 271 4029 308 4087; x_wconf 89' lang='lat' dir='ltr'>et</span> <span class='ocrx_word' id='word_1_218' title='bbox 333 4012 529 4119; x_wconf 76' lang='lat' dir='ltr'>Aymerico</span> <span class='ocrx_word' id='word_1_219' title='bbox 553 4011 616 4088; x_wconf 90' lang='lat' dir='ltr'>del</span> <span class='ocrx_word' id='word_1_220' title='bbox 638 4011 753 4089; x_wconf 87' lang='lat' dir='ltr'>Chier</span> <span class='ocrx_word' id='word_1_221' title='bbox 777 4012 1040 4102; x_wconf 81' lang='lat' dir='ltr'>servientibus,</span> <span class='ocrx_word' id='word_1_222' title='bbox 1069 4012 1284 4100; x_wconf 66' lang='lat' dir='ltr'>detruncas,</span> <span class='ocrx_word' id='word_1_223' title='bbox 1312 4016 1351 4089; x_wconf 91' lang='lat' dir='ltr'>in</span> <span class='ocrx_word' id='word_1_224' title='bbox 1377 4017 1482 4090; x_wconf 87' lang='lat' dir='ltr'>bunc</span> <span class='ocrx_word' id='word_1_225' title='bbox 1506 4017 1682 4094; x_wconf 75' lang='lat' dir='ltr'>modumt</span> 
     </span>
     <span class='ocr_line' id='line_1_28' title="bbox 272 4139 1686 4252; baseline 0.007 -37"><span class='ocrx_word' id='word_1_226' title='bbox 272 4165 358 4215; x_wconf 90' lang='lat' dir='ltr'>nam</span> <span class='ocrx_word' id='word_1_227' title='bbox 382 4139 497 4240; x_wconf 86' lang='lat' dir='ltr'>petita</span> <span class='ocrx_word' id='word_1_228' title='bbox 512 4140 693 4216; x_wconf 81' lang='lat' dir='ltr'>societate</span> <span class='ocrx_word' id='word_1_229' title='bbox 713 4139 857 4216; x_wconf 83' lang='lat' dir='ltr'>ordinis</span> <span class='ocrx_word' id='word_1_230' title='bbox 880 4157 920 4216; x_wconf 88' lang='lat' dir='ltr'>et</span> <span class='ocrx_word' id='word_1_231' title='bbox 944 4140 1016 4217; x_wconf 92' lang='lat' dir='ltr'>sibi</span> <span class='ocrx_word' id='word_1_232' title='bbox 1046 4168 1238 4230; x_wconf 88' lang='lat' dir='ltr'>concessa,</span> <span class='ocrx_word' id='word_1_233' title='bbox 1269 4141 1396 4221; x_wconf 83' lang='lat' dir='ltr'>dictus</span> <span class='ocrx_word' id='word_1_234' title='bbox 1406 4163 1576 4252; x_wconf 88' lang='lat' dir='ltr'>receptor</span> <span class='ocrx_word' id='word_1_235' title='bbox 1598 4146 1686 4225; x_wconf 84' lang='lat' dir='ltr'>lecit</span> 
     </span>
     <span class='ocr_line' id='line_1_29' title="bbox 272 4267 1682 4382; baseline 0.008 -39"><span class='ocrx_word' id='word_1_236' title='bbox 272 4294 359 4343; x_wconf 90' lang='lat' dir='ltr'>eum</span> <span class='ocrx_word' id='word_1_237' title='bbox 376 4291 507 4341; x_wconf 88' lang='lat' dir='ltr'>vovere</span> <span class='ocrx_word' id='word_1_238' title='bbox 527 4283 565 4343; x_wconf 87' lang='lat' dir='ltr'>et</span> <span class='ocrx_word' id='word_1_239' title='bbox 583 4267 710 4371; x_wconf 88' lang='lat' dir='ltr'>jurare</span> <span class='ocrx_word' id='word_1_240' title='bbox 731 4269 952 4356; x_wconf 82' lang='lat' dir='ltr'>caetitatem,</span> <span class='ocrx_word' id='word_1_241' title='bbox 974 4267 1251 4357; x_wconf 82' lang='lat' dir='ltr'>obedienciam,</span> <span class='ocrx_word' id='word_1_242' title='bbox 1271 4271 1393 4349; x_wconf 75' lang='lat' dir='ltr'>rivere</span> <span class='ocrx_word' id='word_1_243' title='bbox 1412 4275 1491 4351; x_wconf 84' lang='lat' dir='ltr'>sine</span> <span class='ocrx_word' id='word_1_244' title='bbox 1512 4279 1682 4382; x_wconf 90' lang='lat' dir='ltr'>proprio,</span> 
     </span>
     <span class='ocr_line' id='line_1_30' title="bbox 272 4395 1684 4513; baseline 0.008 -41"><span class='ocrx_word' id='word_1_245' title='bbox 272 4413 311 4473; x_wconf 90' lang='lat' dir='ltr'>et</span> <span class='ocrx_word' id='word_1_246' title='bbox 329 4421 473 4473; x_wconf 84' lang='lat' dir='ltr'>servare</span> <span class='ocrx_word' id='word_1_247' title='bbox 489 4395 610 4472; x_wconf 86' lang='lat' dir='ltr'>bonus</span> <span class='ocrx_word' id='word_1_248' title='bbox 633 4424 723 4473; x_wconf 90' lang='lat' dir='ltr'>usus</span> <span class='ocrx_word' id='word_1_249' title='bbox 737 4413 777 4473; x_wconf 89' lang='lat' dir='ltr'>et</span> <span class='ocrx_word' id='word_1_250' title='bbox 795 4398 913 4479; x_wconf 85' lang='lat' dir='ltr'>bonas</span> <span class='ocrx_word' id='word_1_251' title='bbox 929 4398 1220 4477; x_wconf 86' lang='lat' dir='ltr'>consuetudines</span> <span class='ocrx_word' id='word_1_252' title='bbox 1237 4401 1397 4490; x_wconf 89' lang='lat' dir='ltr'>ordinis,</span> <span class='ocrx_word' id='word_1_253' title='bbox 1427 4423 1464 4481; x_wconf 91' lang='lat' dir='ltr'>et</span> <span class='ocrx_word' id='word_1_254' title='bbox 1487 4408 1591 4512; x_wconf 88' lang='lat' dir='ltr'>quod</span> <span class='ocrx_word' id='word_1_255' title='bbox 1609 4436 1684 4513; x_wconf 89' lang='lat' dir='ltr'>pro</span> 
     </span>
     <span class='ocr_line' id='line_1_31' title="bbox 272 4524 1683 4641; baseline 0.007 -38"><span class='ocrx_word' id='word_1_256' title='bbox 272 4524 515 4630; x_wconf 88' lang='lat' dir='ltr'>acquisitione</span> <span class='ocrx_word' id='word_1_257' title='bbox 547 4525 651 4632; x_wconf 79' lang='lat' dir='ltr'>regni</span> <span class='ocrx_word' id='word_1_258' title='bbox 682 4525 911 4633; x_wconf 79' lang='lat' dir='ltr'>lerosolyme</span> <span class='ocrx_word' id='word_1_259' title='bbox 943 4527 1080 4605; x_wconf 87' lang='lat' dir='ltr'>laceret</span> <span class='ocrx_word' id='word_1_260' title='bbox 1108 4557 1216 4634; x_wconf 88' lang='lat' dir='ltr'>posse</span> <span class='ocrx_word' id='word_1_261' title='bbox 1245 4560 1373 4620; x_wconf 87' lang='lat' dir='ltr'>suum,</span> <span class='ocrx_word' id='word_1_262' title='bbox 1410 4553 1447 4611; x_wconf 89' lang='lat' dir='ltr'>et</span> <span class='ocrx_word' id='word_1_263' title='bbox 1469 4537 1576 4641; x_wconf 90' lang='lat' dir='ltr'>quod</span> <span class='ocrx_word' id='word_1_264' title='bbox 1607 4565 1683 4613; x_wconf 88' lang='lat' dir='ltr'>non</span> 
     </span>
     <span class='ocr_line' id='line_1_32' title="bbox 274 4654 1684 4775; baseline 0.009 -42"><span class='ocrx_word' id='word_1_265' title='bbox 274 4655 416 4733; x_wconf 88' lang='lat' dir='ltr'>essetin</span> <span class='ocrx_word' id='word_1_266' title='bbox 430 4654 513 4732; x_wconf 90' lang='lat' dir='ltr'>loco</span> <span class='ocrx_word' id='word_1_267' title='bbox 527 4655 565 4731; x_wconf 90' lang='lat' dir='ltr'>in</span> <span class='ocrx_word' id='word_1_268' title='bbox 580 4683 656 4760; x_wconf 93' lang='lat' dir='ltr'>quo</span> <span class='ocrx_word' id='word_1_269' title='bbox 671 4655 805 4760; x_wconf 86' lang='lat' dir='ltr'>aliquis</span> <span class='ocrx_word' id='word_1_270' title='bbox 819 4657 1044 4736; x_wconf 85' lang='lat' dir='ltr'>christianus</span> <span class='ocrx_word' id='word_1_271' title='bbox 1055 4660 1348 4740; x_wconf 78' lang='lat' dir='ltr'>exheredaretur</span> <span class='ocrx_word' id='word_1_272' title='bbox 1361 4664 1514 4773; x_wconf 86' lang='lat' dir='ltr'>injuste,</span> <span class='ocrx_word' id='word_1_273' title='bbox 1527 4685 1566 4744; x_wconf 92' lang='lat' dir='ltr'>et</span> <span class='ocrx_word' id='word_1_274' title='bbox 1580 4670 1684 4775; x_wconf 89' lang='lat' dir='ltr'>qued</span> 
     </span>
     <span class='ocr_line' id='line_1_33' title="bbox 273 4782 1684 4901; baseline 0.008 -39"><span class='ocrx_word' id='word_1_275' title='bbox 273 4812 349 4862; x_wconf 88' lang='lat' dir='ltr'>non</span> <span class='ocrx_word' id='word_1_276' title='bbox 368 4782 548 4862; x_wconf 84' lang='lat' dir='ltr'>revelaret</span> <span class='ocrx_word' id='word_1_277' title='bbox 570 4802 709 4861; x_wconf 89' lang='lat' dir='ltr'>secreta</span> <span class='ocrx_word' id='word_1_278' title='bbox 725 4784 971 4890; x_wconf 87' lang='lat' dir='ltr'>capitulorum</span> <span class='ocrx_word' id='word_1_279' title='bbox 991 4788 1154 4880; x_wconf 76' lang='lat' dir='ltr'>ordinis3</span> <span class='ocrx_word' id='word_1_280' title='bbox 1179 4819 1256 4897; x_wconf 93' lang='lat' dir='ltr'>quo</span> <span class='ocrx_word' id='word_1_281' title='bbox 1281 4790 1391 4882; x_wconf 87' lang='lat' dir='ltr'>facto,</span> <span class='ocrx_word' id='word_1_282' title='bbox 1417 4797 1600 4901; x_wconf 89' lang='lat' dir='ltr'>imposuit-</span> <span class='ocrx_word' id='word_1_283' title='bbox 1614 4799 1684 4877; x_wconf 88' lang='lat' dir='ltr'>sibi</span> 
     </span>
    </p>
   </div>
   <div class='ocr_carea' id='block_1_4' title="bbox 0 0 2128 5956">
    <p class='ocr_par' dir='ltr' id='par_1_5' title="bbox 0 0 2128 5956">
     <span class='ocr_line' id='line_1_34' title="bbox 0 0 2128 5956; baseline 0 0"><span class='ocrx_word' id='word_1_284' title='bbox 0 0 2128 5956; x_wconf 95' lang='lat' dir='ltr'> </span> 
     </span>
    </p>
   </div>
  </div>
 </body>
</html>
