4230 5956
635 454 950 547 rnocbsnss
975 473 1272 547 rennuens.
1589 475 1663 550 aas

248 613 450 720 predictam
475 611 742 690 confessionem
762 613 929 693 lecerrmt
948 615 1038 693 falso
1058 616 1171 693 modo
1195 632 1232 691 et
1256 633 1383 693 contra
1409 642 1557 693 omnem
1578 621 1666 695 veri-

248 763 377 834 tatem,
401 762 438 821 et
461 743 535 823 hoc
554 747 645 824 dixit
664 778 702 825 se
724 751 874 827 credere
895 751 981 829 ideo
1002 753 1088 858 quia
1104 770 1224 829 certus
1245 770 1300 829 est
1315 753 1361 829 de
1382 752 1538 857 seipso,
1561 766 1598 825 et
1619 750 1665 828 do

247 876 327 952 aliis
351 877 470 952 credit
492 878 586 954 sicut
605 879 652 956 de
678 909 734 969 se,
761 911 847 957 cum
875 883 1012 988 quibus
1038 902 1270 961 conversatus
1285 901 1340 960 est
1362 883 1400 958 in
1430 880 1527 957 dicta
1551 879 1665 956 domo

247 1009 363 1085 Mansi
383 1008 453 1084 Dei
474 1008 614 1086 ordinis
633 1011 832 1117 supradicti
853 1029 889 1089 et
913 1013 1001 1090 alibi
1022 1013 1150 1091 fratres
1175 1014 1262 1091 dicti
1289 1013 1431 1091 ordinis
1453 1039 1529 1088 non
1557 1008 1667 1086 comi·

247 1139 335 1215 sisse
355 1140 532 1244 predicta.

304 1266 361 1344 Ad
378 1269 497 1348 lxxxvr
518 1271 713 1348 articulum
728 1274 955 1380 respondens
972 1276 1167 1381 diligenter
1178 1277 1437 1381 interrogatus,
1459 1272 1551 1348 dixit
1564 1268 1667 1377 quod

248 1398 406 1476 fraterB.
425 1398 471 1475 de
483 1399 650 1479 Cardona
668 1404 840 1508 magister
856 1405 1042 1510 quondam
1057 1405 1238 1511 Aragonie
1259 1404 1399 1482 ordinis
1415 1403 1501 1478 dicti
1519 1399 1666 1506 Templi

252 1528 351 1633 apud
365 1530 600 1620 Miravetum‚
616 1532 681 1636 qui
696 1532 801 1609 locus
820 1551 876 1610 est
886 1534 972 1611 dicti
989 1536 1134 1641 Templi
1147 1552 1184 1611 et
1199 1550 1254 1611 est
1265 1535 1302 1609 in
1312 1533 1513 1619 Catalonim
1528 1530 1668 1635 recepit

248 1660 370 1763 ipsum
384 1659 815 1769 fratrem-Berengarium
837 1682 873 1740 et
886 1666 1117 1742 Bernardum
1129 1664 1376 1752 Gaucerandi,
1398 1660 1600 1741 Geraldum
1618 1659 1665 1736 de

247 1787 475 1867 Rochamora
493 1806 531 1866 et
549 1794 686 1870 multos
705 1792 798 1871 alios
817 1795 954 1872 milites
969 1813 1006 1872 et
1022 1824 1097 1873 non
1114 1797 1267 1884 milites,
1283 1821 1402 1900 usque
1417 1819 1614 1867 numerum
1630 1817 1666 1867 rx

248 1918 304 1994 vel
318 1947 356 2008 x,
377 1921 416 1995 in
435 1920 565 2001 fratres
591 1922 733 1999 ordinis
752 1925 967 2031 supradicti,
989 1926 1026 2001 in
1046 1925 1140 2001 festo
1160 1926 1273 2001 sancti
1293 1922 1478 1999 Laurentii
1498 1921 1666 2028 proxime

249 2049 492 2155 preterito,ut
506 2051 639 2140 crodit,
656 2051 950 2130 sueruntnovem
966 2055 1050 2130 anni
1069 2055 1183 2160 elapsi
1197 2055 1255 2131 vel
1267 2054 1380 2140 circa,
1396 2052 1436 2128 in
1449 2052 1563 2128 domo
1577 2050 1666 2127 dicti

247 2179 394 2285 Templi
417 2179 483 2257 ubi
511 2181 711 2288 capitulum
741 2184 871 2259 teneri.
887 2185 1076 2261 consuevit
1099 2186 1137 2260 in
1162 2185 1262 2261 dicto
1286 2200 1404 2260 castro
1429 2182 1476 2258 de
1497 2182 1672 2268 Miravet‚.

247 2310 479 2415 presentibus
499 2329 536 2388 et
553 2312 694 2389 ibidem
712 2314 913 2391 astantibus
926 2316 967 2391 B.
985 2316 1032 2391 de
1048 2317 1180 2393 Sancto
1193 2317 1315 2403 lusto,
1334 2315 1443 2389 Petro
1458 2311 1505 2387 de
1525 2310 1667 2389 Vilalba

249 2458 285 2516 et
293 2440 419 2519 multis
434 2442 514 2519 aliis
527 2441 700 2520 fratribus
716 2463 752 2522 et
768 2444 1049 2551 preceptoribus
1061 2445 1150 2522 dicti
1166 2444 1325 2550 Templi.
1342 2445 1399 2520 De
1414 2442 1529 2519 modo
1543 2460 1666 2518 autem

248 2600 312 2647 sue
333 2572 558 2677 recepcionis
578 2591 616 2650 et
635 2572 792 2652 aliorum
809 2601 844 2651 rx
863 2575 921 2651 vel
940 2603 962 2652 x
979 2576 1043 2681 qui
1064 2576 1233 2652 similiter
1253 2573 1403 2650 fuerumt
1421 2572 1560 2678 recepti
1580 2600 1665 2647 cum

248 2703 327 2806 ipso
345 2703 410 2808 qui
429 2702 611 2808 loquitur,
631 2704 671 2781 in
689 2705 862 2781 omnibus
882 2723 919 2782 et
941 2734 1009 2811 per
1028 2706 1154 2782 omnia
1173 2705 1211 2780 in
1231 2703 1366 2779 effectu
1385 2701 1476 2777 dixit
1495 2718 1533 2776 et
1552 2700 1666 2806 depo-

248 2833 321 2907 suit
340 2848 383 2908 ut
399 2833 542 2938 primus
562 2834 666 2911 test-is
684 2834 859 2941 deposuit
871 2863 983 2941 super
1001 2835 1135 2912 codem
1156 2832 1327 2917 articulo,
1350 2847 1387 2907 et
1399 2847 1442 2906 ut
1455 2829 1667 2906 continetur

250 2963 287 3036 in
311 2962 410 3039 dicto
429 2962 526 3040 libro
546 2993 613 3068 per
636 2964 758 3069 ipsum
777 2966 940 3071 primum
955 2981 1087 3042 testem
1102 2963 1286 3050 exhibito,
1306 2961 1515 3039 continente
1533 2976 1666 3037 statuta

251 3107 286 3167 et
306 3091 472 3198 regulam
492 3093 633 3170 ordinis
650 3094 861 3199 supradicti.

305 3221 361 3298 Ad
376 3222 509 3301 lxxxvu
525 3240 563 3300 et
579 3223 725 3303 lxxxvnr
740 3243 778 3301 et
788 3225 961 3303 ultimum
975 3224 1148 3302 articulos
1163 3222 1390 3329 respondens
1405 3222 1664 3327 interrogatus,

249 3353 339 3430 dixit
356 3382 395 3430 se
415 3354 555 3430 nescire
575 3382 644 3429 nec
663 3356 781 3460 capita
795 3384 864 3432 nec
883 3354 993 3463 ydola
1012 3384 1079 3432 nec
1095 3355 1219 3460 aliqua
1239 3353 1307 3430 alia
1327 3352 1365 3427 in
1385 3351 1491 3428 dictis
1505 3349 1666 3427 articulis

248 3502 432 3575 contenta,
454 3512 523 3561 noc
542 3485 677 3574 credit,
704 3515 789 3563 cum
809 3514 884 3563 non
906 3488 981 3563 sint
1002 3486 1098 3563 dicta
1117 3485 1234 3589 capita
1254 3512 1322 3559 nec
1335 3481 1445 3588 ydola
1463 3480 1509 3556 de
1529 3478 1666 3583 quibus

248 3614 299 3691 ibi
319 3615 440 3720 agitur
458 3643 527 3692 nec
545 3631 644 3692 retro
664 3613 804 3692 fuerint
821 3643 929 3721 posse
960 3617 998 3691 in
1024 3614 1108 3692 loco
1135 3614 1259 3717 aliquo
1291 3611 1381 3689 dicti
1407 3607 1546 3685 ordinis
1566 3608 1665 3684 inve-

248 3745 330 3821 uiri.

306 3873 427 3977 Super
455 3872 535 3949 aliis
557 3900 644 3952 vero
675 3873 721 3950 de
751 3873 888 3979 quibus
914 3873 1118 3980 precipitur
1136 3872 1217 3949 lieri
1246 3870 1437 3976 inquisitio
1466 3867 1661 3974 generalis,

248 4020 359 4109 prout
376 4003 495 4079 visum
514 4003 583 4081 fuit
604 4004 702 4081 dicto
729 4004 881 4082 domino
902 4006 1076 4112 episcopo
1097 4023 1133 4080 et
1151 4002 1325 4110 predictis
1336 4000 1417 4077 aliis
1433 3999 1593 4076 dominis
1607 4026 1664 4075 ca-

248 4134 390 4210 nonicis
404 4152 442 4210 et
453 4134 633 4241 religiosis
647 4136 734 4212 viris
753 4136 1024 4242 inquirentibus
1040 4135 1178 4240 pariter
1196 4161 1280 4210 cum
1300 4131 1450 4218 eodem,
1466 4126 1665 4236 requisitus

250 4264 340 4341 dixit
358 4293 397 4341 se
416 4265 575 4371 amplius
593 4264 707 4342 nichil
722 4265 826 4343 scire.

305 4527 390 4602 Post
408 4525 494 4615 hec,
516 4554 611 4603 armo
632 4554 707 4633 quo
727 4555 852 4632 supra,
883 4552 941 4604 xvr
962 4525 1133 4605 kalendas
1158 4525 1351 4612 februarii,
1380 4519 1567 4629 predictus
1597 4518 1666 4594 do·

249 4656 371 4732 minus
399 4656 593 4762 episcopus
619 4685 692 4734 una
722 4685 808 4732 cum
837 4655 1013 4762 predictis
1039 4657 1125 4733 viris
1149 4655 1220 4733 sibi
1246 4653 1431 4733 associatis
1453 4668 1490 4728 et
1515 4648 1665 4735 notariis

249 4786 466 4891 supradictis
489 4787 639 4863 accessit
656 4786 897 4881 personaliter
915 4785 963 4863 ad
987 4787 1140 4864 domum
1159 4785 1363 4892 predictam
1384 4781 1501 4863 Mansi
1519 4779 1606 4868 Dei,
1629 4795 1666 4854 et

334 4945 438 5001 rnoc'xs
454 4961 505 5001 nes
521 4960 743 5002 renuamus·
756 4961 788 5000 n.
1382 5011 1389 5018 .
1458 4937 1495 5017 57
