4230 5956
457 456 530 528 aso
833 436 1026 530 Procas
1059 457 1154 528 nes
1185 456 1488 530 rennuens.

454 593 645 702 prediatus
657 594 769 673 frater
778 598 980 703 Rayuerius
990 596 1155 702 precepit
1166 595 1292 673 eidem
1303 594 1506 701 testiquod
1516 593 1716 701 abnegaret
1728 595 1867 683 Deum;

456 742 599 803 etcum
619 727 697 832 ipse
716 726 820 803 testis
844 727 1096 832 respondisset
1111 725 1216 831 quod
1243 726 1315 802 hoc
1334 724 1440 802 nullo
1462 724 1577 803 modo
1598 723 1753 813 laceret,
1779 726 1871 802 dixit

456 855 489 930 ei
506 855 628 932 dictus
642 857 845 963 Raynerius
859 856 962 962 quod
978 856 1174 962 oportebat
1186 883 1273 932 eum
1286 855 1417 942 lacere,
1436 855 1523 962 quia
1533 852 1869 933 taliseratconsue-

454 986 551 1063 tudo
563 986 724 1076 ordinis,
750 1003 789 1062 et
806 987 884 1092 ipse
895 987 1081 1092 juraverat
1094 1012 1236 1063 servare
1252 1014 1340 1062 usus
1353 1002 1391 1061 et
1404 984 1695 1065 ,consuetudines
1709 987 1868 1074 ordinis;

455 1131 493 1189 et
516 1115 701 1221 cumipse
730 1117 833 1193 testis
859 1117 983 1192 adhuc
1011 1116 1298 1205 contradiceret,
1329 1116 1451 1193 dictus
1477 1116 1699 1223 Rayuerius,
1723 1133 1870 1221 arrepto

453 1244 619 1348 quodam
644 1272 733 1322 ense
749 1247 796 1322 de
817 1245 934 1350 capite
949 1245 1034 1321 lecti
1055 1245 1120 1350 qui
1145 1263 1224 1320 erat
1249 1244 1289 1320 in
1313 1245 1410 1321 dicta
1431 1244 1612 1336 sacristia,
1633 1262 1671 1322 et
1686 1273 1732 1322 eo
1753 1248 1870 1352 evagi-

455 1389 560 1463 nato,
577 1373 668 1450 dixit
687 1374 852 1480 siquod,
874 1391 937 1451 aut
956 1374 1120 1479 predicta
1140 1371 1293 1466 laceret,
1307 1390 1372 1450 aut
1386 1374 1484 1450 mala
1498 1391 1620 1452 morte
1634 1394 1868 1466 maceratum

455 1517 492 1577 et
514 1502 666 1579 interim
688 1504 879 1582 Sarraceni
903 1505 1116 1580 invaserunt
1141 1503 1278 1580 dictam
1305 1504 1491 1581 civitatem
1510 1504 1717 1611 Sydonem,
1742 1523 1780 1582 et
1797 1504 1870 1582 luit
1895 1562 1897 1567 .

454 1630 649 1709 clamatum
670 1633 718 1710 ad
741 1663 862 1724 arma,
885 1651 923 1710 et
941 1634 1159 1739 capitulium
1178 1632 1250 1709 luit
1271 1650 1500 1739 separatum,
1529 1653 1566 1711 et
1589 1634 1710 1711 dictus
1730 1636 1868 1741 llayne-

453 1760 533 1839 rius
548 1781 586 1839 et
605 1763 668 1839 alii
686 1781 777 1853 tres,
803 1763 970 1842 volentes
996 1792 1180 1840 unacum
1204 1764 1287 1840 aliis
1310 1764 1359 1840 ad
1383 1793 1484 1841 arma
1512 1792 1679 1857 currere,
1699 1763 1869 1841 fecerunt
1935 1868 1936 1872 Ἰ

453 1893 577 1997 ipsum
593 1911 728 1972 testem
739 1894 867 2003 jurare
891 1894 996 2001 quod
1010 1895 1177 1999 predicta
1195 1923 1272 1972 non
1293 1888 1506 1991 revelaret:
1531 1912 1569 1972 et
1588 1895 1638 1972 ita
1656 1923 1735 1972 non
1754 1897 1866 1973 abne·

453 2023 566 2127 gavit,
584 2052 654 2101 nec
669 2024 813 2130 aliquid
832 2025 1005 2101 illicitum
1030 2025 1119 2131 egit,
1141 2025 1207 2100 sed
1228 2024 1420 2102 exiverunt
1438 2041 1566 2102 contra
1580 2024 1817 2115 Sarracenos,
1834 2044 1870 2102 et

452 2150 607 2231 luerunt
634 2153 818 2231 interlecti
850 2154 975 2261 viginti
999 2183 1043 2231 ex
1071 2154 1160 2258 ipsis
1178 2154 1416 2232 sarracenis,
1437 2154 1535 2231 Cum
1562 2170 1688 2231 autem
1713 2157 1869 2261 regressi

453 2278 612 2359 luissent
630 2311 651 2358 a
673 2283 774 2361 dicto
794 2285 991 2373 conflictu,
1028 2301 1065 2360 et
1091 2285 1280 2387 predictus
1303 2285 1409 2362 testis
1428 2300 1575 2388 peteret
1597 2312 1616 2358 a
1638 2282 1738 2360 dicto
1758 2283 1868 2361 fratre

453 2410 636 2516 Raynerio
660 2438 776 2516 quare
799 2411 936 2490 lecerat
958 2413 1183 2520 supradicta,
1210 2414 1406 2520 respondit
1431 2413 1533 2520 quod
1560 2412 1866 2519 adprobandum

454 2538 632 2616 eumdem
650 2558 688 2618 et
706 2570 814 2619 causa
828 2543 903 2649 joci
924 2572 990 2620 seu
1010 2542 1167 2648 truphe,
1192 2573 1260 2621 nec
1277 2544 1362 2635 scit,
1383 2572 1452 2621 nec
1472 2543 1703 2634 credit,.nec
1720 2544 1868 2620 audivit

454 2669 526 2746 dici
551 2688 636 2748 ante
662 2673 876 2779 capcionem
904 2701 1054 2764 eorum,
1076 2675 1173 2750 ultra
1199 2704 1300 2751 mare
1324 2702 1394 2752 nec
1419 2673 1509 2751 citra
1528 2700 1647 2764 mare,
1678 2671 1781 2778 quod
1805 2672 1872 2749 ali-

452 2829 526 2908 qua
545 2800 673 2878 illicita
692 2804 974 2882 intervenerunt
987 2806 1026 2881 in
1045 2803 1329 2911 recepcionibus
1351 2803 1507 2881 fratrum
1526 2801 1671 2880 ordinis
1689 2801 1748 2878 rel
1763 2821 1867 2908 post,

452 2961 522 3009 nec
542 2934 647 3039 quod
663 2936 846 3013 haberent
869 2936 981 3043 ydola
998 2964 1070 3014 nec
1089 2937 1207 3041 capita
1226 2933 1429 3044 ydolorum
1454 2932 1501 3010 de
1520 2931 1659 3038 quibus
1678 2932 1802 3036 agitur
1815 2914 1818 2918 i
1830 2934 1869 3008 in

453 3061 631 3152 articulis,
648 3082 686 3139 et
700 3064 747 3141 de
762 3065 901 3171 quibus
914 3065 1175 3171 deposuerunt
1188 3063 1363 3170 magister
1375 3062 1561 3141 Antonius
1578 3061 1625 3139 de
1637 3059 1817 3138 Vercellis
1832 3079 1870 3138 et

452 3189 567 3267 frater
585 3193 693 3298 Hugo
719 3194 766 3269 de
785 3195 921 3271 Fauno.
939 3196 980 3270 ln
1000 3196 1149 3302 signum
1169 3213 1295 3271 tamen
1321 3193 1496 3271 castitatis
1522 3190 1765 3298 cingebantur
1789 3219 1871 3267 cor-

454 3317 553 3395 dulis
581 3349 692 3427 super
717 3324 883 3401 camisias
905 3354 990 3401 cum
1018 3326 1156 3432 quibus
1175 3326 1359 3433 jacebant.
1387 3325 1499 3413 Item,
1529 3322 1623 3400 dixit
1647 3322 1751 3429 quod
1773 3320 1870 3398 bene

454 3448 630 3526 credebat
649 3452 902 3531 ecclesiasticis
925 3456 1177 3546 sacramentis,
1200 3456 1357 3532 credens
1377 3454 1480 3561 quod
1495 3452 1558 3530 alii
1579 3452 1710 3530 iratres
1728 3453 1871 3529 ordinis

454 3579 588 3655 eodem
603 3581 718 3658 modo
733 3582 944 3671 crederent,
956 3601 993 3661 et
1005 3585 1108 3691 quod
1120 3613 1252 3661 eorum
1262 3583 1471 3660 sacerdotes
1481 3580 1608 3658 debite
1624 3580 1868 3657 celebrarent.

453 3706 693 3787 Clandestine
716 3713 1003 3819 recipiebantur,
1025 3715 1139 3792 nullis
1162 3713 1400 3820 presentibus
1421 3713 1493 3789 nisi
1513 3710 1690 3788 fratribus
1710 3710 1867 3799 ordinis,

453 3840 557 3943 quod
578 3840 800 3945 displicebat
813 3844 882 3948 ipsi
902 3846 1004 3935 testi,
1024 3863 1063 3923 et
1082 3846 1201 3922 credit
1218 3845 1322 3951 quod
1340 3870 1384 3920 er
1405 3844 1476 3920 hoc
1492 3859 1590 3919 esset
1608 3841 1769 3946 suspicio
1783 3867 1868 3917 con-

455 3986 510 4045 tra
525 3998 607 4059 eos,
627 3990 665 4050 et
683 3974 788 4079 quod
806 3976 1031 4080 perdidisset
1048 3976 1237 4062 habitum,
1259 3968 1324 4081 qui
1345 3991 1485 4051 secreta
1503 3970 1751 4078 capitulorum
1769 3998 1871 4045 reve-

452 4100 572 4177 lasset.
592 4104 630 4180 Si
647 4107 712 4210 qui
730 4126 835 4183 eraut
848 4106 979 4185 fratres
999 4109 1158 4185 scientes
1174 4135 1319 4185 errores
1334 4134 1413 4182 esse
1434 4106 1473 4181 in
1490 4104 1642 4192 ordine,
1664 4102 1762 4179 male
1780 4101 1872 4178 lece-

451 4248 556 4319 runt,
566 4234 653 4338 quia
667 4264 743 4312 non
755 4256 997 4316 correxerunt
1013 4268 1077 4317 eos
1087 4267 1157 4316 nec
1169 4232 1870 4314 denunciaveruntEcclesieDecimam

450 4381 592 4470 partem
618 4369 725 4472 panis
753 4369 891 4448 dabant
914 4400 1041 4449 amore
1065 4372 1154 4458 Dei,
1181 4388 1219 4446 et
1250 4368 1494 4446 elemosinam
1518 4382 1555 4442 et
1578 4362 1869 4471 hospitalitatem

451 4493 577 4573 debite
599 4498 805 4575 servabant.
825 4499 1072 4578 Inhibebatur
1094 4502 1148 4577 eis
1170 4527 1218 4576 ne
1241 4499 1281 4575 in
1303 4498 1474 4575 fraudem
1507 4495 1752 4574 dominorum
1776 4509 1871 4568 tem·

450 4626 635 4727 poralium
657 4644 694 4704 et
712 4628 959 4735 pedagiorum
980 4629 1034 4705 eis
1053 4629 1270 4706 debitorum
1298 4627 1479 4705 ducerent
1495 4654 1580 4704 cum
1599 4624 1676 4703 suis
1695 4619 1868 4699 animalia

449 4751 585 4847 aliena,
603 4774 640 4833 et
659 4758 689 4834 si
708 4758 936 4835 contrarium
957 4757 1143 4845 fecissent,
1162 4757 1334 4836 habitum
1347 4757 1610 4863 perdidissent.
1626 4752 1868 4831 Inhibebatur
