<?xml version="1.0" encoding="UTF-8"?>
<!DOCTYPE html PUBLIC "-//W3C//DTD XHTML 1.0 Transitional//EN"
    "http://www.w3.org/TR/xhtml1/DTD/xhtml1-transitional.dtd">
<html xmlns="http://www.w3.org/1999/xhtml" xml:lang="en" lang="en">
 <head>
  <title>
</title>
<meta http-equiv="Content-Type" content="text/html;charset=utf-8" />
  <meta name='ocr-system' content='tesseract 3.04.00' />
  <meta name='ocr-capabilities' content='ocr_page ocr_carea ocr_par ocr_line ocrx_word'/>
</head>
<body>
  <div class='ocr_page' id='page_1' title='image "./procsdestemplie01defegoog/procsdestemplie01defegoog_0531.png"; bbox 0 0 4230 5956; ppageno 0'>
   <div class='ocr_carea' id='block_1_1' title="bbox 636 455 1666 553">
    <p class='ocr_par' dir='ltr' id='par_1_1' title="bbox 636 455 1666 553">
     <span class='ocr_line' id='line_1_1' title="bbox 636 455 1666 553; baseline 0.006 -6"><span class='ocrx_word' id='word_1_1' title='bbox 636 455 832 550; x_wconf 76' lang='lat' dir='ltr'>procas</span> <span class='ocrx_word' id='word_1_2' title='bbox 857 477 952 549; x_wconf 83' lang='lat' dir='ltr'>ors</span> <span class='ocrx_word' id='word_1_3' title='bbox 981 475 1280 553; x_wconf 83' lang='lat' dir='ltr'>rrnrmaas.</span> <span class='ocrx_word' id='word_1_4' title='bbox 1593 480 1666 553; x_wconf 79' lang='lat'>505</span> 
     </span>
    </p>
   </div>
   <div class='ocr_carea' id='block_1_2' title="bbox 248 615 1705 4875">
    <p class='ocr_par' dir='ltr' id='par_1_2' title="bbox 249 615 1669 2149">
     <span class='ocr_line' id='line_1_2' title="bbox 252 615 1668 722; baseline 0.006 -33"><span class='ocrx_word' id='word_1_5' title='bbox 252 642 383 692; x_wconf 90' lang='lat' dir='ltr'>eorum</span> <span class='ocrx_word' id='word_1_6' title='bbox 403 615 571 719; x_wconf 88' lang='lat' dir='ltr'>capitulis</span> <span class='ocrx_word' id='word_1_7' title='bbox 586 615 739 694; x_wconf 88' lang='lat' dir='ltr'>fuerunt</span> <span class='ocrx_word' id='word_1_8' title='bbox 755 644 903 722; x_wconf 83' lang='lat' dir='ltr'>semper</span> <span class='ocrx_word' id='word_1_9' title='bbox 918 616 1125 693; x_wconf 89' lang='lat' dir='ltr'>secundum</span> <span class='ocrx_word' id='word_1_10' title='bbox 1142 616 1211 693; x_wconf 93' lang='lat' dir='ltr'>Dei</span> <span class='ocrx_word' id='word_1_11' title='bbox 1227 615 1520 722; x_wconf 87' lang='lat' dir='ltr'>heneplacitum,</span> <span class='ocrx_word' id='word_1_12' title='bbox 1538 636 1577 695; x_wconf 85' lang='lat' dir='ltr'>et</span> <span class='ocrx_word' id='word_1_13' title='bbox 1589 646 1668 697; x_wconf 92' lang='lat' dir='ltr'>non</span> 
     </span>
     <span class='ocr_line' id='line_1_3' title="bbox 251 743 1665 852; baseline 0.006 -34"><span class='ocrx_word' id='word_1_14' title='bbox 251 745 290 818; x_wconf 92' lang='lat' dir='ltr'>in</span> <span class='ocrx_word' id='word_1_15' title='bbox 317 743 562 852; x_wconf 80' lang='lat' dir='ltr'>derogacione</span> <span class='ocrx_word' id='word_1_16' title='bbox 588 745 647 822; x_wconf 84' lang='lat' dir='ltr'>vel</span> <span class='ocrx_word' id='word_1_17' title='bbox 678 746 932 824; x_wconf 86' lang='lat' dir='ltr'>diminucione</span> <span class='ocrx_word' id='word_1_18' title='bbox 963 775 1029 824; x_wconf 85' lang='lat' dir='ltr'>seu</span> <span class='ocrx_word' id='word_1_19' title='bbox 1054 746 1317 822; x_wconf 91' lang='lat' dir='ltr'>immutacione</span> <span class='ocrx_word' id='word_1_20' title='bbox 1337 745 1426 821; x_wconf 88' lang='lat' dir='ltr'>lidei</span> <span class='ocrx_word' id='word_1_21' title='bbox 1447 747 1665 827; x_wconf 77' lang='lat' dir='ltr'><strong>orthodoxe.</strong></span> 
     </span>
     <span class='ocr_line' id='line_1_4' title="bbox 250 873 1668 954; baseline 0.003 -4"><span class='ocrx_word' id='word_1_22' title='bbox 250 873 352 951; x_wconf 82' lang='lat' dir='ltr'>Dixit</span> <span class='ocrx_word' id='word_1_23' title='bbox 379 875 495 951; x_wconf 90' lang='lat' dir='ltr'>eciam</span> <span class='ocrx_word' id='word_1_24' title='bbox 521 875 765 952; x_wconf 90' lang='lat' dir='ltr'>fratresdicti</span> <span class='ocrx_word' id='word_1_25' title='bbox 793 875 937 953; x_wconf 87' lang='lat' dir='ltr'><strong>ordinis</strong></span> <span class='ocrx_word' id='word_1_26' title='bbox 960 903 1000 953; x_wconf 89' lang='lat' dir='ltr'>se</span> <span class='ocrx_word' id='word_1_27' title='bbox 1031 875 1183 953; x_wconf 94' lang='lat' dir='ltr'>credere</span> <span class='ocrx_word' id='word_1_28' title='bbox 1206 902 1283 953; x_wconf 92' lang='lat' dir='ltr'>non</span> <span class='ocrx_word' id='word_1_29' title='bbox 1306 874 1421 952; x_wconf 89' lang='lat' dir='ltr'>fuisse</span> <span class='ocrx_word' id='word_1_30' title='bbox 1441 902 1510 953; x_wconf 91' lang='lat' dir='ltr'>nec</span> <span class='ocrx_word' id='word_1_31' title='bbox 1529 904 1608 954; x_wconf 80' lang='lat' dir='ltr'>esse</span> <span class='ocrx_word' id='word_1_32' title='bbox 1628 880 1668 954; x_wconf 92' lang='lat' dir='ltr'>in</span> 
     </span>
     <span class='ocr_line' id='line_1_5' title="bbox 250 1003 1668 1113; baseline 0.004 -35"><span class='ocrx_word' id='word_1_33' title='bbox 250 1003 478 1112; x_wconf 82' lang='lat' dir='ltr'>negligencia</span> <span class='ocrx_word' id='word_1_34' title='bbox 509 1005 718 1112; x_wconf 88' lang='lat' dir='ltr'>corrigendi</span> <span class='ocrx_word' id='word_1_35' title='bbox 744 1007 800 1083; x_wconf 87' lang='lat' dir='ltr'>vel</span> <span class='ocrx_word' id='word_1_36' title='bbox 827 1006 1056 1113; x_wconf 88' lang='lat' dir='ltr'>corripiendi</span> <span class='ocrx_word' id='word_1_37' title='bbox 1082 1034 1226 1083; x_wconf 90' lang='lat' dir='ltr'>errores</span> <span class='ocrx_word' id='word_1_38' title='bbox 1251 1006 1298 1081; x_wconf 89' lang='lat' dir='ltr'>de</span> <span class='ocrx_word' id='word_1_39' title='bbox 1323 1005 1460 1112; x_wconf 87' lang='lat' dir='ltr'>quibus</span> <span class='ocrx_word' id='word_1_40' title='bbox 1484 1005 1606 1112; x_wconf 87' lang='lat' dir='ltr'>agitur</span> <span class='ocrx_word' id='word_1_41' title='bbox 1630 1009 1668 1084; x_wconf 95' lang='lat' dir='ltr'>in</span> 
     </span>
     <span class='ocr_line' id='line_1_6' title="bbox 249 1134 1669 1237; baseline 0.004 -29"><span class='ocrx_word' id='word_1_42' title='bbox 249 1134 478 1237; x_wconf 87' lang='lat' dir='ltr'>preambulis</span> <span class='ocrx_word' id='word_1_43' title='bbox 497 1137 676 1228; x_wconf 81' lang='lat' dir='ltr'>articulis,</span> <span class='ocrx_word' id='word_1_44' title='bbox 695 1164 763 1213; x_wconf 91' lang='lat' dir='ltr'>nec</span> <span class='ocrx_word' id='word_1_45' title='bbox 777 1164 925 1215; x_wconf 84' lang='lat' dir='ltr'>necesse</span> <span class='ocrx_word' id='word_1_46' title='bbox 943 1136 1056 1215; x_wconf 88' lang='lat' dir='ltr'>fuisse</span> <span class='ocrx_word' id='word_1_47' title='bbox 1072 1135 1191 1214; x_wconf 91' lang='lat' dir='ltr'>dictos</span> <span class='ocrx_word' id='word_1_48' title='bbox 1208 1163 1352 1212; x_wconf 88' lang='lat' dir='ltr'>errores</span> <span class='ocrx_word' id='word_1_49' title='bbox 1366 1136 1533 1212; x_wconf 88' lang='lat' dir='ltr'>nunciari</span> <span class='ocrx_word' id='word_1_50' title='bbox 1546 1136 1669 1213; x_wconf 87' lang='lat' dir='ltr'>Eccle-</span> 
     </span>
     <span class='ocr_line' id='line_1_7' title="bbox 250 1264 1669 1373; baseline 0.003 -34"><span class='ocrx_word' id='word_1_51' title='bbox 250 1265 303 1339; x_wconf 90' lang='lat' dir='ltr'>sie</span> <span class='ocrx_word' id='word_1_52' title='bbox 323 1265 410 1352; x_wconf 91' lang='lat' dir='ltr'>Dei,</span> <span class='ocrx_word' id='word_1_53' title='bbox 432 1294 477 1342; x_wconf 91' lang='lat' dir='ltr'>eo</span> <span class='ocrx_word' id='word_1_54' title='bbox 497 1267 599 1370; x_wconf 92' lang='lat' dir='ltr'>quod</span> <span class='ocrx_word' id='word_1_55' title='bbox 620 1294 695 1342; x_wconf 92' lang='lat' dir='ltr'>non</span> <span class='ocrx_word' id='word_1_56' title='bbox 709 1283 908 1373; x_wconf 79' lang='lat' dir='ltr'>putat-nec</span> <span class='ocrx_word' id='word_1_57' title='bbox 925 1267 1045 1343; x_wconf 91' lang='lat' dir='ltr'>credit</span> <span class='ocrx_word' id='word_1_58' title='bbox 1064 1266 1210 1372; x_wconf 90' lang='lat' dir='ltr'>aliquos</span> <span class='ocrx_word' id='word_1_59' title='bbox 1230 1265 1360 1360; x_wconf 87' lang='lat' dir='ltr'>fratres</span> <span class='ocrx_word' id='word_1_60' title='bbox 1381 1264 1500 1342; x_wconf 90' lang='lat' dir='ltr'>dictos</span> <span class='ocrx_word' id='word_1_61' title='bbox 1525 1293 1669 1345; x_wconf 90' lang='lat' dir='ltr'>errores</span> 
     </span>
     <span class='ocr_line' id='line_1_8' title="bbox 250 1394 1668 1502; baseline 0.004 -33"><span class='ocrx_word' id='word_1_62' title='bbox 250 1421 320 1470; x_wconf 92' lang='lat' dir='ltr'>nec</span> <span class='ocrx_word' id='word_1_63' title='bbox 342 1394 453 1501; x_wconf 87' lang='lat' dir='ltr'>ydola</span> <span class='ocrx_word' id='word_1_64' title='bbox 478 1424 547 1473; x_wconf 94' lang='lat' dir='ltr'>nec</span> <span class='ocrx_word' id='word_1_65' title='bbox 567 1396 685 1502; x_wconf 88' lang='lat' dir='ltr'>capita</span> <span class='ocrx_word' id='word_1_66' title='bbox 706 1423 871 1501; x_wconf 91' lang='lat' dir='ltr'>unquam</span> <span class='ocrx_word' id='word_1_67' title='bbox 894 1395 1040 1472; x_wconf 86' lang='lat' dir='ltr'>scivisse</span> <span class='ocrx_word' id='word_1_68' title='bbox 1059 1395 1118 1472; x_wconf 90' lang='lat' dir='ltr'>vel</span> <span class='ocrx_word' id='word_1_69' title='bbox 1134 1394 1284 1480; x_wconf 84' lang='lat' dir='ltr'>vidisse,</span> <span class='ocrx_word' id='word_1_70' title='bbox 1316 1422 1387 1471; x_wconf 93' lang='lat' dir='ltr'>nec</span> <span class='ocrx_word' id='word_1_71' title='bbox 1411 1395 1548 1472; x_wconf 86' lang='lat' dir='ltr'>esseio</span> <span class='ocrx_word' id='word_1_72' title='bbox 1569 1395 1668 1474; x_wconf 93' lang='lat' dir='ltr'>dicto</span> 
     </span>
     <span class='ocr_line' id='line_1_9' title="bbox 250 1523 1668 1632; baseline 0.001 -32"><span class='ocrx_word' id='word_1_73' title='bbox 250 1524 381 1602; x_wconf 89' lang='lat' dir='ltr'>ordine</span> <span class='ocrx_word' id='word_1_74' title='bbox 401 1554 470 1601; x_wconf 95' lang='lat' dir='ltr'>nec</span> <span class='ocrx_word' id='word_1_75' title='bbox 497 1527 536 1601; x_wconf 93' lang='lat' dir='ltr'>in</span> <span class='ocrx_word' id='word_1_76' title='bbox 559 1525 681 1630; x_wconf 86' lang='lat' dir='ltr'>aliqua</span> <span class='ocrx_word' id='word_1_77' title='bbox 701 1542 804 1631; x_wconf 89' lang='lat' dir='ltr'>parte</span> <span class='ocrx_word' id='word_1_78' title='bbox 832 1525 912 1632; x_wconf 84' lang='lat' dir='ltr'>ejus</span> <span class='ocrx_word' id='word_1_79' title='bbox 936 1525 1091 1632; x_wconf 84' lang='lat' dir='ltr'><strong>ydolum</strong></span> <span class='ocrx_word' id='word_1_80' title='bbox 1114 1523 1172 1600; x_wconf 88' lang='lat' dir='ltr'>vel</span> <span class='ocrx_word' id='word_1_81' title='bbox 1192 1523 1303 1631; x_wconf 81' lang='lat' dir='ltr'>ydola</span> <span class='ocrx_word' id='word_1_82' title='bbox 1326 1524 1520 1612; x_wconf 88' lang='lat' dir='ltr'>custodiri,</span> <span class='ocrx_word' id='word_1_83' title='bbox 1541 1527 1668 1602; x_wconf 92' lang='lat' dir='ltr'>necin</span> 
     </span>
     <span class='ocr_line' id='line_1_10' title="bbox 250 1653 1668 1761; baseline 0.003 -33"><span class='ocrx_word' id='word_1_84' title='bbox 250 1657 488 1732; x_wconf 84' lang='lat' dir='ltr'>veneracione</span> <span class='ocrx_word' id='word_1_85' title='bbox 509 1654 587 1732; x_wconf 91' lang='lat' dir='ltr'>ulla</span> <span class='ocrx_word' id='word_1_86' title='bbox 609 1656 756 1743; x_wconf 81' lang='lat' dir='ltr'>haberi,</span> <span class='ocrx_word' id='word_1_87' title='bbox 784 1683 852 1760; x_wconf 90' lang='lat' dir='ltr'>pro</span> <span class='ocrx_word' id='word_1_88' title='bbox 883 1684 927 1733; x_wconf 87' lang='lat' dir='ltr'>eo</span> <span class='ocrx_word' id='word_1_89' title='bbox 952 1657 1040 1761; x_wconf 86' lang='lat' dir='ltr'>quia</span> <span class='ocrx_word' id='word_1_90' title='bbox 1067 1683 1252 1760; x_wconf 88' lang='lat' dir='ltr'>nusquam</span> <span class='ocrx_word' id='word_1_91' title='bbox 1276 1654 1326 1730; x_wconf 91' lang='lat' dir='ltr'>de</span> <span class='ocrx_word' id='word_1_92' title='bbox 1350 1653 1460 1731; x_wconf 90' lang='lat' dir='ltr'>dictis</span> <span class='ocrx_word' id='word_1_93' title='bbox 1480 1655 1668 1732; x_wconf 90' lang='lat' dir='ltr'>erroribus</span> 
     </span>
     <span class='ocr_line' id='line_1_11' title="bbox 250 1782 1667 1893; baseline 0.001 -33"><span class='ocrx_word' id='word_1_94' title='bbox 250 1786 308 1861; x_wconf 88' lang='lat' dir='ltr'>vel</span> <span class='ocrx_word' id='word_1_95' title='bbox 321 1785 442 1893; x_wconf 78' lang='lat' dir='ltr'><strong>ydolis</strong></span> <span class='ocrx_word' id='word_1_96' title='bbox 457 1787 497 1863; x_wconf 94' lang='lat' dir='ltr'>in</span> <span class='ocrx_word' id='word_1_97' title='bbox 511 1787 593 1892; x_wconf 88' lang='lat' dir='ltr'>ipso</span> <span class='ocrx_word' id='word_1_98' title='bbox 608 1786 741 1863; x_wconf 85' lang='lat' dir='ltr'>ordine</span> <span class='ocrx_word' id='word_1_99' title='bbox 755 1786 898 1864; x_wconf 89' lang='lat' dir='ltr'>mentio</span> <span class='ocrx_word' id='word_1_100' title='bbox 917 1783 1012 1862; x_wconf 90' lang='lat' dir='ltr'>facta</span> <span class='ocrx_word' id='word_1_101' title='bbox 1028 1783 1117 1868; x_wconf 80' lang='lat' dir='ltr'>luit.</span> <span class='ocrx_word' id='word_1_102' title='bbox 1138 1800 1250 1889; x_wconf 91' lang='lat' dir='ltr'>prout</span> <span class='ocrx_word' id='word_1_103' title='bbox 1268 1783 1347 1889; x_wconf 91' lang='lat' dir='ltr'>ipse</span> <span class='ocrx_word' id='word_1_104' title='bbox 1368 1782 1501 1872; x_wconf 85' lang='lat' dir='ltr'>credit,</span> <span class='ocrx_word' id='word_1_105' title='bbox 1523 1801 1561 1860; x_wconf 93' lang='lat' dir='ltr'>et</span> <span class='ocrx_word' id='word_1_106' title='bbox 1579 1783 1667 1862; x_wconf 93' lang='lat' dir='ltr'>ideo</span> 
     </span>
     <span class='ocr_line' id='line_1_12' title="bbox 250 1914 1667 2021; baseline 0.001 -30"><span class='ocrx_word' id='word_1_107' title='bbox 250 1942 320 1991; x_wconf 93' lang='lat' dir='ltr'>nec</span> <span class='ocrx_word' id='word_1_108' title='bbox 340 1915 473 2021; x_wconf 82' lang='lat' dir='ltr'><strong>corrigi</strong></span> <span class='ocrx_word' id='word_1_109' title='bbox 493 1944 562 1992; x_wconf 93' lang='lat' dir='ltr'>nec</span> <span class='ocrx_word' id='word_1_110' title='bbox 577 1916 751 2012; x_wconf 87' lang='lat' dir='ltr'>nunciari·</span> <span class='ocrx_word' id='word_1_111' title='bbox 765 1916 929 1992; x_wconf 83' lang='lat' dir='ltr'>Ecclesia</span> <span class='ocrx_word' id='word_1_112' title='bbox 947 1931 1152 2018; x_wconf 88' lang='lat' dir='ltr'>potuerunt</span> <span class='ocrx_word' id='word_1_113' title='bbox 1172 1942 1246 2019; x_wconf 88' lang='lat' dir='ltr'>que</span> <span class='ocrx_word' id='word_1_114' title='bbox 1270 1941 1462 2019; x_wconf 90' lang='lat' dir='ltr'>nunquam</span> <span class='ocrx_word' id='word_1_115' title='bbox 1485 1914 1667 2021; x_wconf 85' lang='lat' dir='ltr'>originem</span> 
     </span>
     <span class='ocr_line' id='line_1_13' title="bbox 250 2043 1239 2149; baseline 0.001 -31"><span class='ocrx_word' id='word_1_116' title='bbox 250 2044 308 2120; x_wconf 87' lang='lat' dir='ltr'>vel</span> <span class='ocrx_word' id='word_1_117' title='bbox 327 2045 480 2121; x_wconf 91' lang='lat' dir='ltr'>inicium</span> <span class='ocrx_word' id='word_1_118' title='bbox 500 2045 538 2120; x_wconf 87' lang='lat' dir='ltr'>in</span> <span class='ocrx_word' id='word_1_119' title='bbox 557 2045 639 2149; x_wconf 88' lang='lat' dir='ltr'>ipso</span> <span class='ocrx_word' id='word_1_120' title='bbox 660 2044 791 2121; x_wconf 88' lang='lat' dir='ltr'>ordine</span> <span class='ocrx_word' id='word_1_121' title='bbox 812 2044 1037 2136; x_wconf 84' lang='lat' dir='ltr'>habuerunt,</span> <span class='ocrx_word' id='word_1_122' title='bbox 1054 2061 1095 2119; x_wconf 89' lang='lat' dir='ltr'>ut</span> <span class='ocrx_word' id='word_1_123' title='bbox 1109 2043 1239 2120; x_wconf 91' lang='lat' dir='ltr'>credit.</span> 
     </span>
    </p>

    <p class='ocr_par' dir='ltr' id='par_1_3' title="bbox 250 2173 1669 2801">
     <span class='ocr_line' id='line_1_14' title="bbox 306 2173 1668 2283; baseline 0.001 -33"><span class='ocrx_word' id='word_1_124' title='bbox 306 2175 362 2250; x_wconf 86' lang='lat' dir='ltr'>Ad</span> <span class='ocrx_word' id='word_1_125' title='bbox 383 2173 521 2263; x_wconf 75' lang='lat' dir='ltr'>larmir,</span> <span class='ocrx_word' id='word_1_126' title='bbox 540 2174 676 2252; x_wconf 81' lang='lat' dir='ltr'>lrrruu</span> <span class='ocrx_word' id='word_1_127' title='bbox 690 2174 842 2254; x_wconf 78' lang='lat' dir='ltr'>etlxxxv</span> <span class='ocrx_word' id='word_1_128' title='bbox 857 2173 1030 2252; x_wconf 78' lang='lat' dir='ltr'>articulos</span> <span class='ocrx_word' id='word_1_129' title='bbox 1046 2173 1240 2262; x_wconf 86' lang='lat' dir='ltr'>inclusive,</span> <span class='ocrx_word' id='word_1_130' title='bbox 1256 2173 1459 2281; x_wconf 82' lang='lat' dir='ltr'>diligenter</span> <span class='ocrx_word' id='word_1_131' title='bbox 1474 2191 1511 2251; x_wconf 89' lang='lat' dir='ltr'>et</span> <span class='ocrx_word' id='word_1_132' title='bbox 1529 2173 1668 2283; x_wconf 84' lang='lat' dir='ltr'>sigilla-</span> 
     </span>
     <span class='ocr_line' id='line_1_15' title="bbox 250 2304 1669 2412; baseline 0.004 -33"><span class='ocrx_word' id='word_1_133' title='bbox 250 2306 320 2380; x_wconf 89' lang='lat' dir='ltr'>tim</span> <span class='ocrx_word' id='word_1_134' title='bbox 339 2306 601 2411; x_wconf 78' lang='lat' dir='ltr'>interrogatus,</span> <span class='ocrx_word' id='word_1_135' title='bbox 623 2305 958 2411; x_wconf 79' lang='lat' dir='ltr'>respondensdixit</span> <span class='ocrx_word' id='word_1_136' title='bbox 976 2304 1079 2412; x_wconf 90' lang='lat' dir='ltr'>quod</span> <span class='ocrx_word' id='word_1_137' title='bbox 1098 2304 1230 2382; x_wconf 86' lang='lat' dir='ltr'>fratres</span> <span class='ocrx_word' id='word_1_138' title='bbox 1248 2305 1315 2412; x_wconf 89' lang='lat' dir='ltr'>qui</span> <span class='ocrx_word' id='word_1_139' title='bbox 1328 2305 1485 2384; x_wconf 83' lang='lat' dir='ltr'>confessi</span> <span class='ocrx_word' id='word_1_140' title='bbox 1506 2323 1593 2383; x_wconf 90' lang='lat' dir='ltr'>sunt</span> <span class='ocrx_word' id='word_1_141' title='bbox 1604 2304 1669 2384; x_wconf 84' lang='lat' dir='ltr'>illa</span> 
     </span>
     <span class='ocr_line' id='line_1_16' title="bbox 250 2432 1669 2539; baseline 0.001 -28"><span class='ocrx_word' id='word_1_142' title='bbox 250 2463 323 2539; x_wconf 90' lang='lat' dir='ltr'>que</span> <span class='ocrx_word' id='word_1_143' title='bbox 337 2436 377 2510; x_wconf 92' lang='lat' dir='ltr'>in</span> <span class='ocrx_word' id='word_1_144' title='bbox 392 2435 557 2511; x_wconf 81' lang='lat' dir='ltr'>articulis</span> <span class='ocrx_word' id='word_1_145' title='bbox 571 2435 820 2524; x_wconf 86' lang='lat' dir='ltr'>continentur,</span> <span class='ocrx_word' id='word_1_146' title='bbox 836 2433 993 2512; x_wconf 81' lang='lat' dir='ltr'>confessi</span> <span class='ocrx_word' id='word_1_147' title='bbox 1006 2451 1093 2513; x_wconf 90' lang='lat' dir='ltr'>sunt</span> <span class='ocrx_word' id='word_1_148' title='bbox 1102 2432 1191 2511; x_wconf 87' lang='lat' dir='ltr'>falsa</span> <span class='ocrx_word' id='word_1_149' title='bbox 1207 2450 1245 2512; x_wconf 93' lang='lat' dir='ltr'>et</span> <span class='ocrx_word' id='word_1_150' title='bbox 1258 2435 1402 2512; x_wconf 90' lang='lat' dir='ltr'>mentiti</span> <span class='ocrx_word' id='word_1_151' title='bbox 1417 2451 1518 2525; x_wconf 86' lang='lat' dir='ltr'>sunt,</span> <span class='ocrx_word' id='word_1_152' title='bbox 1532 2453 1576 2512; x_wconf 91' lang='lat' dir='ltr'>ut</span> <span class='ocrx_word' id='word_1_153' title='bbox 1589 2463 1669 2529; x_wconf 87' lang='lat' dir='ltr'>cre-</span> 
     </span>
     <span class='ocr_line' id='line_1_17' title="bbox 251 2563 1667 2671; baseline 0.002 -32"><span class='ocrx_word' id='word_1_154' title='bbox 251 2563 323 2650; x_wconf 88' lang='lat' dir='ltr'>dit,</span> <span class='ocrx_word' id='word_1_155' title='bbox 340 2592 408 2670; x_wconf 88' lang='lat' dir='ltr'>per</span> <span class='ocrx_word' id='word_1_156' title='bbox 421 2564 526 2671; x_wconf 91' lang='lat' dir='ltr'>gulas</span> <span class='ocrx_word' id='word_1_157' title='bbox 546 2593 644 2653; x_wconf 89' lang='lat' dir='ltr'>suas,</span> <span class='ocrx_word' id='word_1_158' title='bbox 666 2564 761 2642; x_wconf 85' lang='lat' dir='ltr'>salva</span> <span class='ocrx_word' id='word_1_159' title='bbox 775 2564 989 2642; x_wconf 81' lang='lat' dir='ltr'>excellentia</span> <span class='ocrx_word' id='word_1_160' title='bbox 1010 2581 1049 2640; x_wconf 86' lang='lat' dir='ltr'>et</span> <span class='ocrx_word' id='word_1_161' title='bbox 1063 2564 1252 2642; x_wconf 83' lang='lat' dir='ltr'>sanctitate</span> <span class='ocrx_word' id='word_1_162' title='bbox 1270 2564 1415 2642; x_wconf 90' lang='lat' dir='ltr'>domini</span> <span class='ocrx_word' id='word_1_163' title='bbox 1436 2564 1552 2643; x_wconf 90' lang='lat' dir='ltr'>nostri</span> <span class='ocrx_word' id='word_1_164' title='bbox 1573 2593 1667 2671; x_wconf 88' lang='lat' dir='ltr'>pape</span> 
     </span>
     <span class='ocr_line' id='line_1_18' title="bbox 251 2692 1313 2801; baseline 0.002 -33"><span class='ocrx_word' id='word_1_165' title='bbox 251 2709 289 2768; x_wconf 93' lang='lat' dir='ltr'>et</span> <span class='ocrx_word' id='word_1_166' title='bbox 303 2693 383 2798; x_wconf 86' lang='lat' dir='ltr'>ejus</span> <span class='ocrx_word' id='word_1_167' title='bbox 401 2694 742 2773; x_wconf 78' lang='lat' dir='ltr'>beatissime-sedis</span> <span class='ocrx_word' id='word_1_168' title='bbox 760 2723 803 2772; x_wconf 89' lang='lat' dir='ltr'>ac</span> <span class='ocrx_word' id='word_1_169' title='bbox 821 2694 1025 2772; x_wconf 86' lang='lat' dir='ltr'>reverentia</span> <span class='ocrx_word' id='word_1_170' title='bbox 1044 2692 1200 2771; x_wconf 85' lang='lat' dir='ltr'>fratrum</span> <span class='ocrx_word' id='word_1_171' title='bbox 1221 2694 1313 2801; x_wconf 85' lang='lat' dir='ltr'>ejus.</span> 
     </span>
    </p>

    <p class='ocr_par' dir='ltr' id='par_1_4' title="bbox 250 2822 1670 3963">
     <span class='ocr_line' id='line_1_19' title="bbox 307 2822 1666 2932; baseline 0 -34"><span class='ocrx_word' id='word_1_172' title='bbox 307 2822 366 2898; x_wconf 83' lang='lat' dir='ltr'>Ad</span> <span class='ocrx_word' id='word_1_173' title='bbox 374 2822 705 2903; x_wconf 76' lang='lat' dir='ltr'>lxxxvrarticnlum</span> <span class='ocrx_word' id='word_1_174' title='bbox 727 2823 925 2932; x_wconf 88' lang='lat' dir='ltr'>diligenter</span> <span class='ocrx_word' id='word_1_175' title='bbox 939 2824 1201 2930; x_wconf 62' lang='lat' dir='ltr'>interrogatum</span> <span class='ocrx_word' id='word_1_176' title='bbox 1217 2822 1447 2928; x_wconf 87' lang='lat' dir='ltr'>respondens</span> <span class='ocrx_word' id='word_1_177' title='bbox 1458 2822 1550 2900; x_wconf 83' lang='lat' dir='ltr'>dixit</span> <span class='ocrx_word' id='word_1_178' title='bbox 1561 2822 1666 2928; x_wconf 86' lang='lat' dir='ltr'>quod</span> 
     </span>
     <span class='ocr_line' id='line_1_20' title="bbox 251 2951 1668 3060; baseline 0.002 -34"><span class='ocrx_word' id='word_1_179' title='bbox 251 2951 364 3029; x_wconf 89' lang='lat' dir='ltr'>frater</span> <span class='ocrx_word' id='word_1_180' title='bbox 381 2953 426 3032; x_wconf 88' lang='lat' dir='ltr'>G.</span> <span class='ocrx_word' id='word_1_181' title='bbox 446 2953 493 3030; x_wconf 88' lang='lat' dir='ltr'>de</span> <span class='ocrx_word' id='word_1_182' title='bbox 513 2952 666 3032; x_wconf 86' lang='lat' dir='ltr'>Ahelars</span> <span class='ocrx_word' id='word_1_183' title='bbox 689 2971 781 3031; x_wconf 87' lang='lat' dir='ltr'>tunc</span> <span class='ocrx_word' id='word_1_184' title='bbox 804 2969 1000 3060; x_wconf 86' lang='lat' dir='ltr'>preceptor</span> <span class='ocrx_word' id='word_1_185' title='bbox 1022 2953 1120 3029; x_wconf 92' lang='lat' dir='ltr'>dicte</span> <span class='ocrx_word' id='word_1_186' title='bbox 1146 2952 1281 3030; x_wconf 90' lang='lat' dir='ltr'>domus</span> <span class='ocrx_word' id='word_1_187' title='bbox 1300 2952 1417 3030; x_wconf 86' lang='lat' dir='ltr'>Mansi</span> <span class='ocrx_word' id='word_1_188' title='bbox 1438 2952 1508 3031; x_wconf 93' lang='lat' dir='ltr'>Dei</span> <span class='ocrx_word' id='word_1_189' title='bbox 1528 2953 1668 3060; x_wconf 85' lang='lat' dir='ltr'>recepit</span> 
     </span>
     <span class='ocr_line' id='line_1_21' title="bbox 251 3080 1668 3191; baseline 0.004 -36"><span class='ocrx_word' id='word_1_190' title='bbox 251 3082 375 3185; x_wconf 88' lang='lat' dir='ltr'>ipsurn</span> <span class='ocrx_word' id='word_1_191' title='bbox 384 3082 538 3160; x_wconf 86' lang='lat' dir='ltr'>fratrem·</span> <span class='ocrx_word' id='word_1_192' title='bbox 550 3084 616 3189; x_wconf 93' lang='lat' dir='ltr'>qui</span> <span class='ocrx_word' id='word_1_193' title='bbox 632 3083 800 3191; x_wconf 90' lang='lat' dir='ltr'>loquitur</span> <span class='ocrx_word' id='word_1_194' title='bbox 815 3083 854 3159; x_wconf 93' lang='lat' dir='ltr'>in</span> <span class='ocrx_word' id='word_1_195' title='bbox 867 3081 1018 3159; x_wconf 86' lang='lat' dir='ltr'>fratrem</span> <span class='ocrx_word' id='word_1_196' title='bbox 1028 3080 1116 3159; x_wconf 93' lang='lat' dir='ltr'>dicti</span> <span class='ocrx_word' id='word_1_197' title='bbox 1134 3081 1290 3172; x_wconf 86' lang='lat' dir='ltr'>ordinis,</span> <span class='ocrx_word' id='word_1_198' title='bbox 1310 3083 1349 3159; x_wconf 93' lang='lat' dir='ltr'>in</span> <span class='ocrx_word' id='word_1_199' title='bbox 1361 3082 1668 3161; x_wconf 81' lang='lat' dir='ltr'>medio&#39;instantis</span> 
     </span>
     <span class='ocr_line' id='line_1_22' title="bbox 251 3211 1670 3317; baseline 0.004 -31"><span class='ocrx_word' id='word_1_200' title='bbox 251 3212 389 3288; x_wconf 87' lang='lat' dir='ltr'>mensis</span> <span class='ocrx_word' id='word_1_201' title='bbox 401 3213 526 3289; x_wconf 88' lang='lat' dir='ltr'>marcii</span> <span class='ocrx_word' id='word_1_202' title='bbox 548 3230 657 3290; x_wconf 91' lang='lat' dir='ltr'>erunt</span> <span class='ocrx_word' id='word_1_203' title='bbox 676 3240 712 3290; x_wconf 87' lang='lat' dir='ltr'>xr</span> <span class='ocrx_word' id='word_1_204' title='bbox 726 3213 816 3291; x_wconf 61' lang='lat' dir='ltr'>‚anni</span> <span class='ocrx_word' id='word_1_205' title='bbox 837 3212 966 3317; x_wconf 82' lang='lat' dir='ltr'>elapsi,</span> <span class='ocrx_word' id='word_1_206' title='bbox 983 3212 1023 3288; x_wconf 93' lang='lat' dir='ltr'>in</span> <span class='ocrx_word' id='word_1_207' title='bbox 1040 3211 1177 3317; x_wconf 85' lang='lat' dir='ltr'>capella</span> <span class='ocrx_word' id='word_1_208' title='bbox 1194 3211 1330 3290; x_wconf 90' lang='lat' dir='ltr'>domus</span> <span class='ocrx_word' id='word_1_209' title='bbox 1344 3212 1463 3290; x_wconf 88' lang='lat' dir='ltr'>Mansi</span> <span class='ocrx_word' id='word_1_210' title='bbox 1477 3212 1563 3300; x_wconf 88' lang='lat' dir='ltr'>Dei,</span> <span class='ocrx_word' id='word_1_211' title='bbox 1584 3239 1670 3317; x_wconf 76' lang='lat' dir='ltr'>pre·-</span> 
     </span>
     <span class='ocr_line' id='line_1_23' title="bbox 250 3322 1664 3429; baseline 0.002 -13"><span class='ocrx_word' id='word_1_212' title='bbox 250 3340 424 3424; x_wconf 66' lang='lat' dir='ltr'>sentias</span> <span class='ocrx_word' id='word_1_213' title='bbox 437 3359 474 3418; x_wconf 73' lang='lat' dir='ltr'>a</span> <span class='ocrx_word' id='word_1_214' title='bbox 494 3340 639 3419; x_wconf 67' lang='lat' dir='ltr'>isidem</span> <span class='ocrx_word' id='word_1_215' title='bbox 658 3322 862 3421; x_wconf 62' lang='lat' dir='ltr'>stannus</span> <span class='ocrx_word' id='word_1_216' title='bbox 880 3341 1048 3420; x_wconf 71' lang='lat' dir='ltr'>arnoldo</span> <span class='ocrx_word' id='word_1_217' title='bbox 1068 3341 1301 3427; x_wconf 62' lang='lat' dir='ltr'>camur-0140.</span> <span class='ocrx_word' id='word_1_218' title='bbox 1325 3342 1364 3418; x_wconf 86' lang='lat' dir='ltr'>r.</span> <span class='ocrx_word' id='word_1_219' title='bbox 1381 3340 1430 3419; x_wconf 69' lang='lat' dir='ltr'>ae</span> <span class='ocrx_word' id='word_1_220' title='bbox 1449 3340 1664 3429; x_wconf 63' lang='lat' dir='ltr'>carrione,</span> 
     </span>
     <span class='ocr_line' id='line_1_24' title="bbox 251 3470 1668 3578; baseline 0.001 -31"><span class='ocrx_word' id='word_1_221' title='bbox 251 3471 469 3577; x_wconf 87' lang='lat' dir='ltr'>Raymundo</span> <span class='ocrx_word' id='word_1_222' title='bbox 485 3473 635 3578; x_wconf 87' lang='lat' dir='ltr'>Saqueti</span> <span class='ocrx_word' id='word_1_223' title='bbox 652 3489 691 3550; x_wconf 92' lang='lat' dir='ltr'>et</span> <span class='ocrx_word' id='word_1_224' title='bbox 705 3473 909 3552; x_wconf 91' lang='lat' dir='ltr'>Guillelmo</span> <span class='ocrx_word' id='word_1_225' title='bbox 923 3472 1143 3561; x_wconf 84' lang='lat' dir='ltr'>Marturelli‚</span> <span class='ocrx_word' id='word_1_226' title='bbox 1159 3489 1198 3549; x_wconf 85' lang='lat' dir='ltr'>et</span> <span class='ocrx_word' id='word_1_227' title='bbox 1208 3470 1382 3576; x_wconf 89' lang='lat' dir='ltr'>pluribus</span> <span class='ocrx_word' id='word_1_228' title='bbox 1395 3472 1476 3553; x_wconf 84' lang='lat' dir='ltr'>aliis</span> <span class='ocrx_word' id='word_1_229' title='bbox 1491 3471 1668 3548; x_wconf 87' lang='lat' dir='ltr'>fratribus</span> 
     </span>
     <span class='ocr_line' id='line_1_25' title="bbox 252 3596 1667 3705; baseline -0.001 -29"><span class='ocrx_word' id='word_1_230' title='bbox 252 3600 341 3677; x_wconf 89' lang='lat' dir='ltr'>dicti</span> <span class='ocrx_word' id='word_1_231' title='bbox 361 3601 513 3677; x_wconf 88' lang='lat' dir='ltr'>ordinis.</span> <span class='ocrx_word' id='word_1_232' title='bbox 531 3603 588 3678; x_wconf 87' lang='lat' dir='ltr'>De</span> <span class='ocrx_word' id='word_1_233' title='bbox 607 3602 724 3680; x_wconf 89' lang='lat' dir='ltr'>modo</span> <span class='ocrx_word' id='word_1_234' title='bbox 742 3608 869 3680; x_wconf 89' lang='lat' dir='ltr'>autern</span> <span class='ocrx_word' id='word_1_235' title='bbox 884 3631 950 3680; x_wconf 90' lang='lat' dir='ltr'>sne</span> <span class='ocrx_word' id='word_1_236' title='bbox 969 3601 1212 3705; x_wconf 86' lang='lat' dir='ltr'>recepcionis‚</span> <span class='ocrx_word' id='word_1_237' title='bbox 1230 3599 1325 3675; x_wconf 84' lang='lat' dir='ltr'>dixit</span> <span class='ocrx_word' id='word_1_238' title='bbox 1351 3598 1453 3674; x_wconf 90' lang='lat' dir='ltr'>idem</span> <span class='ocrx_word' id='word_1_239' title='bbox 1472 3598 1512 3673; x_wconf 93' lang='lat' dir='ltr'>in</span> <span class='ocrx_word' id='word_1_240' title='bbox 1532 3596 1667 3675; x_wconf 83' lang='lat' dir='ltr'>effectu</span> 
     </span>
     <span class='ocr_line' id='line_1_26' title="bbox 250 3714 1665 3833; baseline -0.001 -28"><span class='ocrx_word' id='word_1_241' title='bbox 250 3730 346 3805; x_wconf 86' lang='lat' dir='ltr'>sicut</span> <span class='ocrx_word' id='word_1_242' title='bbox 361 3728 474 3804; x_wconf 87' lang='lat' dir='ltr'>frater</span> <span class='ocrx_word' id='word_1_243' title='bbox 488 3727 772 3805; x_wconf 89' lang='lat' dir='ltr'>Bartholomeus</span> <span class='ocrx_word' id='word_1_244' title='bbox 792 3729 839 3806; x_wconf 93' lang='lat' dir='ltr'>de</span> <span class='ocrx_word' id='word_1_245' title='bbox 854 3730 984 3817; x_wconf 82' lang='lat' dir='ltr'>Turri,</span> <span class='ocrx_word' id='word_1_246' title='bbox 1003 3714 1106 3805; x_wconf 79' lang='lat' dir='ltr'>testis</span> <span class='ocrx_word' id='word_1_247' title='bbox 1122 3727 1281 3833; x_wconf 90' lang='lat' dir='ltr'>primus,</span> <span class='ocrx_word' id='word_1_248' title='bbox 1300 3726 1438 3805; x_wconf 83' lang='lat' dir='ltr'>dixitin</span> <span class='ocrx_word' id='word_1_249' title='bbox 1448 3727 1521 3804; x_wconf 95' lang='lat' dir='ltr'>hoc</span> <span class='ocrx_word' id='word_1_250' title='bbox 1531 3726 1665 3804; x_wconf 88' lang='lat' dir='ltr'>eodem</span> 
     </span>
     <span class='ocr_line' id='line_1_27' title="bbox 251 3856 1422 3963; baseline 0.002 -31"><span class='ocrx_word' id='word_1_251' title='bbox 251 3856 425 3944; x_wconf 84' lang='lat' dir='ltr'>articulo,</span> <span class='ocrx_word' id='word_1_252' title='bbox 445 3873 484 3934; x_wconf 89' lang='lat' dir='ltr'>et</span> <span class='ocrx_word' id='word_1_253' title='bbox 495 3875 608 3963; x_wconf 88' lang='lat' dir='ltr'>prout</span> <span class='ocrx_word' id='word_1_254' title='bbox 627 3859 667 3934; x_wconf 96' lang='lat' dir='ltr'>in</span> <span class='ocrx_word' id='word_1_255' title='bbox 687 3859 830 3936; x_wconf 85' lang='lat' dir='ltr'>statutis</span> <span class='ocrx_word' id='word_1_256' title='bbox 849 3857 1021 3963; x_wconf 89' lang='lat' dir='ltr'>ejusdem</span> <span class='ocrx_word' id='word_1_257' title='bbox 1039 3856 1182 3936; x_wconf 89' lang='lat' dir='ltr'>ordinis</span> <span class='ocrx_word' id='word_1_258' title='bbox 1201 3857 1422 3945; x_wconf 89' lang='lat' dir='ltr'>continetur.</span> 
     </span>
    </p>

    <p class='ocr_par' dir='ltr' id='par_1_5' title="bbox 248 3986 1705 4875">
     <span class='ocr_line' id='line_1_28' title="bbox 305 3986 1666 4094; baseline 0 -31"><span class='ocrx_word' id='word_1_259' title='bbox 305 3987 365 4063; x_wconf 88' lang='lat' dir='ltr'>Ad</span> <span class='ocrx_word' id='word_1_260' title='bbox 378 3986 511 4065; x_wconf 81' lang='lat' dir='ltr'>lmvu</span> <span class='ocrx_word' id='word_1_261' title='bbox 532 4005 569 4064; x_wconf 90' lang='lat' dir='ltr'>et</span> <span class='ocrx_word' id='word_1_262' title='bbox 587 3989 735 4068; x_wconf 75' lang='lat' dir='ltr'>lrxrvm</span> <span class='ocrx_word' id='word_1_263' title='bbox 758 4006 796 4066; x_wconf 92' lang='lat' dir='ltr'>et</span> <span class='ocrx_word' id='word_1_264' title='bbox 816 3988 991 4066; x_wconf 90' lang='lat' dir='ltr'>ultimum</span> <span class='ocrx_word' id='word_1_265' title='bbox 1003 3988 1179 4066; x_wconf 85' lang='lat' dir='ltr'>articulos</span> <span class='ocrx_word' id='word_1_266' title='bbox 1193 3987 1386 4076; x_wconf 87' lang='lat' dir='ltr'>inclusive,</span> <span class='ocrx_word' id='word_1_267' title='bbox 1409 3986 1608 4094; x_wconf 90' lang='lat' dir='ltr'>diligenter</span> <span class='ocrx_word' id='word_1_268' title='bbox 1628 4003 1666 4065; x_wconf 88' lang='lat' dir='ltr'>et</span> 
     </span>
     <span class='ocr_line' id='line_1_29' title="bbox 249 4118 1668 4227; baseline -0.001 -32"><span class='ocrx_word' id='word_1_269' title='bbox 249 4118 436 4227; x_wconf 88' lang='lat' dir='ltr'>sigillatim</span> <span class='ocrx_word' id='word_1_270' title='bbox 448 4120 710 4227; x_wconf 84' lang='lat' dir='ltr'>interrogatus,</span> <span class='ocrx_word' id='word_1_271' title='bbox 722 4121 964 4227; x_wconf 77' lang='lat' dir='ltr'>respondens</span> <span class='ocrx_word' id='word_1_272' title='bbox 978 4119 1070 4197; x_wconf 79' lang='lat' dir='ltr'>dixit</span> <span class='ocrx_word' id='word_1_273' title='bbox 1082 4148 1121 4196; x_wconf 91' lang='lat' dir='ltr'>se</span> <span class='ocrx_word' id='word_1_274' title='bbox 1141 4147 1210 4196; x_wconf 89' lang='lat' dir='ltr'>nec</span> <span class='ocrx_word' id='word_1_275' title='bbox 1221 4119 1318 4196; x_wconf 85' lang='lat' dir='ltr'>scire</span> <span class='ocrx_word' id='word_1_276' title='bbox 1331 4147 1401 4196; x_wconf 91' lang='lat' dir='ltr'>nec</span> <span class='ocrx_word' id='word_1_277' title='bbox 1418 4118 1570 4196; x_wconf 88' lang='lat' dir='ltr'>credere</span> <span class='ocrx_word' id='word_1_278' title='bbox 1581 4145 1668 4222; x_wconf 91' lang='lat' dir='ltr'>pre·</span> 
     </span>
     <span class='ocr_line' id='line_1_30' title="bbox 250 4248 1664 4356; baseline -0.001 -32"><span class='ocrx_word' id='word_1_279' title='bbox 250 4248 367 4325; x_wconf 90' lang='lat' dir='ltr'>dictos</span> <span class='ocrx_word' id='word_1_280' title='bbox 387 4277 531 4327; x_wconf 88' lang='lat' dir='ltr'>errores</span> <span class='ocrx_word' id='word_1_281' title='bbox 551 4250 599 4327; x_wconf 88' lang='lat' dir='ltr'>de</span> <span class='ocrx_word' id='word_1_282' title='bbox 621 4250 761 4356; x_wconf 88' lang='lat' dir='ltr'>quibus</span> <span class='ocrx_word' id='word_1_283' title='bbox 776 4251 815 4326; x_wconf 93' lang='lat' dir='ltr'>in</span> <span class='ocrx_word' id='word_1_284' title='bbox 834 4249 999 4328; x_wconf 83' lang='lat' dir='ltr'>articulis</span> <span class='ocrx_word' id='word_1_285' title='bbox 1018 4250 1138 4354; x_wconf 87' lang='lat' dir='ltr'>agitur</span> <span class='ocrx_word' id='word_1_286' title='bbox 1156 4276 1321 4354; x_wconf 87' lang='lat' dir='ltr'>unquam</span> <span class='ocrx_word' id='word_1_287' title='bbox 1339 4248 1514 4327; x_wconf 88' lang='lat' dir='ltr'>habuisse</span> <span class='ocrx_word' id='word_1_288' title='bbox 1539 4264 1664 4324; x_wconf 87' lang='lat' dir='ltr'>ortum</span> 
     </span>
     <span class='ocr_line' id='line_1_31' title="bbox 248 4376 1664 4485; baseline 0.001 -35"><span class='ocrx_word' id='word_1_289' title='bbox 248 4376 304 4453; x_wconf 87' lang='lat' dir='ltr'>vel</span> <span class='ocrx_word' id='word_1_290' title='bbox 322 4377 477 4455; x_wconf 91' lang='lat' dir='ltr'>inicium</span> <span class='ocrx_word' id='word_1_291' title='bbox 498 4379 537 4455; x_wconf 93' lang='lat' dir='ltr'>in</span> <span class='ocrx_word' id='word_1_292' title='bbox 551 4380 633 4485; x_wconf 89' lang='lat' dir='ltr'>ipso</span> <span class='ocrx_word' id='word_1_293' title='bbox 648 4380 780 4457; x_wconf 91' lang='lat' dir='ltr'>ordine</span> <span class='ocrx_word' id='word_1_294' title='bbox 796 4379 968 4458; x_wconf 86' lang='lat' dir='ltr'>vel-inter</span> <span class='ocrx_word' id='word_1_295' title='bbox 986 4378 1119 4456; x_wconf 89' lang='lat' dir='ltr'>fratres</span> <span class='ocrx_word' id='word_1_296' title='bbox 1131 4379 1274 4485; x_wconf 88' lang='lat' dir='ltr'>aliquos</span> <span class='ocrx_word' id='word_1_297' title='bbox 1293 4377 1438 4456; x_wconf 88' lang='lat' dir='ltr'>ordinis</span> <span class='ocrx_word' id='word_1_298' title='bbox 1458 4377 1664 4455; x_wconf 88' lang='lat' dir='ltr'>memorati.</span> 
     </span>
     <span class='ocr_line' id='line_1_32' title="bbox 248 4498 1705 4617; baseline 0.001 -35"><span class='ocrx_word' id='word_1_299' title='bbox 248 4507 323 4583; x_wconf 90' lang='lat' dir='ltr'>Nec</span> <span class='ocrx_word' id='word_1_300' title='bbox 346 4508 414 4583; x_wconf 92' lang='lat' dir='ltr'>scit</span> <span class='ocrx_word' id='word_1_301' title='bbox 432 4535 501 4586; x_wconf 90' lang='lat' dir='ltr'>nec</span> <span class='ocrx_word' id='word_1_302' title='bbox 520 4508 638 4585; x_wconf 88' lang='lat' dir='ltr'>credit</span> <span class='ocrx_word' id='word_1_303' title='bbox 656 4508 812 4615; x_wconf 85' lang='lat' dir='ltr'>ydolum</span> <span class='ocrx_word' id='word_1_304' title='bbox 831 4510 888 4587; x_wconf 88' lang='lat' dir='ltr'>vel</span> <span class='ocrx_word' id='word_1_305' title='bbox 906 4508 1018 4617; x_wconf 79' lang='lat' dir='ltr'>ydola</span> <span class='ocrx_word' id='word_1_306' title='bbox 1043 4536 1123 4586; x_wconf 87' lang='lat' dir='ltr'>esse</span> <span class='ocrx_word' id='word_1_307' title='bbox 1145 4506 1336 4594; x_wconf 87' lang='lat' dir='ltr'>velfuisse</span> <span class='ocrx_word' id='word_1_308' title='bbox 1353 4507 1480 4614; x_wconf 89' lang='lat' dir='ltr'>aliquo</span> <span class='ocrx_word' id='word_1_309' title='bbox 1494 4525 1665 4613; x_wconf 87' lang='lat' dir='ltr'>tempore</span> <span class='ocrx_word' id='word_1_310' title='bbox 1699 4498 1705 4519; x_wconf 86' lang='lat'>&#39;</span> 
     </span>
     <span class='ocr_line' id='line_1_33' title="bbox 250 4635 1667 4745; baseline 0.004 -36"><span class='ocrx_word' id='word_1_311' title='bbox 250 4635 288 4710; x_wconf 91' lang='lat' dir='ltr'>in</span> <span class='ocrx_word' id='word_1_312' title='bbox 301 4635 383 4740; x_wconf 90' lang='lat' dir='ltr'>ipso</span> <span class='ocrx_word' id='word_1_313' title='bbox 403 4636 534 4715; x_wconf 91' lang='lat' dir='ltr'>ordine</span> <span class='ocrx_word' id='word_1_314' title='bbox 555 4639 612 4716; x_wconf 89' lang='lat' dir='ltr'>vel</span> <span class='ocrx_word' id='word_1_315' title='bbox 631 4639 712 4716; x_wconf 92' lang='lat' dir='ltr'>loco</span> <span class='ocrx_word' id='word_1_316' title='bbox 728 4655 794 4717; x_wconf 87' lang='lat' dir='ltr'>aut</span> <span class='ocrx_word' id='word_1_317' title='bbox 812 4656 914 4745; x_wconf 84' lang='lat' dir='ltr'>parte</span> <span class='ocrx_word' id='word_1_318' title='bbox 935 4639 1057 4745; x_wconf 83' lang='lat' dir='ltr'>aliqua</span> <span class='ocrx_word' id='word_1_319' title='bbox 1075 4638 1219 4716; x_wconf 90' lang='lat' dir='ltr'>ordinis</span> <span class='ocrx_word' id='word_1_320' title='bbox 1233 4637 1453 4745; x_wconf 79' lang='lat' dir='ltr'>supradicti3</span> <span class='ocrx_word' id='word_1_321' title='bbox 1467 4665 1536 4715; x_wconf 92' lang='lat' dir='ltr'>nec</span> <span class='ocrx_word' id='word_1_322' title='bbox 1555 4665 1667 4716; x_wconf 88' lang='lat' dir='ltr'>vene·</span> 
     </span>
     <span class='ocr_line' id='line_1_34' title="bbox 252 4765 1665 4875; baseline 0.004 -36"><span class='ocrx_word' id='word_1_323' title='bbox 252 4765 323 4840; x_wconf 90' lang='lat' dir='ltr'>rari</span> <span class='ocrx_word' id='word_1_324' title='bbox 338 4781 442 4870; x_wconf 86' lang='lat' dir='ltr'>putat</span> <span class='ocrx_word' id='word_1_325' title='bbox 454 4768 610 4874; x_wconf 85' lang='lat' dir='ltr'>ydolum</span> <span class='ocrx_word' id='word_1_326' title='bbox 624 4797 693 4846; x_wconf 89' lang='lat' dir='ltr'>nec</span> <span class='ocrx_word' id='word_1_327' title='bbox 706 4769 885 4847; x_wconf 89' lang='lat' dir='ltr'>custodiri</span> <span class='ocrx_word' id='word_1_328' title='bbox 897 4768 943 4849; x_wconf 91' lang='lat' dir='ltr'>ab</span> <span class='ocrx_word' id='word_1_329' title='bbox 955 4769 1082 4875; x_wconf 88' lang='lat' dir='ltr'>aliquo</span> <span class='ocrx_word' id='word_1_330' title='bbox 1095 4767 1206 4846; x_wconf 86' lang='lat' dir='ltr'>fratre</span> <span class='ocrx_word' id='word_1_331' title='bbox 1216 4767 1275 4846; x_wconf 85' lang='lat' dir='ltr'>vel</span> <span class='ocrx_word' id='word_1_332' title='bbox 1285 4766 1406 4859; x_wconf 86' lang='lat' dir='ltr'>alioin</span> <span class='ocrx_word' id='word_1_333' title='bbox 1418 4767 1500 4873; x_wconf 85' lang='lat' dir='ltr'>ipso</span> <span class='ocrx_word' id='word_1_334' title='bbox 1512 4766 1665 4859; x_wconf 86' lang='lat' dir='ltr'>ordine,-</span> 
     </span>
    </p>
   </div>
   <div class='ocr_carea' id='block_1_3' title="bbox 339 4920 1499 4994">
    <p class='ocr_par' dir='ltr' id='par_1_6' title="bbox 339 4920 1499 4994">
     <span class='ocr_line' id='line_1_35' title="bbox 339 4920 1499 4994; baseline 0.003 -15"><span class='ocrx_word' id='word_1_335' title='bbox 339 4924 442 4983; x_wconf 77' lang='lat' dir='ltr'>aaoclrs</span> <span class='ocrx_word' id='word_1_336' title='bbox 457 4942 510 4985; x_wconf 81' lang='lat' dir='ltr'>oss</span> <span class='ocrx_word' id='word_1_337' title='bbox 525 4942 791 4986; x_wconf 72' lang='lat' dir='ltr'>marmana-11.</span> <span class='ocrx_word' id='word_1_338' title='bbox 1458 4920 1499 4994; x_wconf 78' lang='lat' dir='ltr'>ts</span> 
     </span>
    </p>
   </div>
   <div class='ocr_carea' id='block_1_4' title="bbox 0 0 2120 5956">
    <p class='ocr_par' dir='ltr' id='par_1_7' title="bbox 0 0 2120 5956">
     <span class='ocr_line' id='line_1_36' title="bbox 0 0 2120 5956; baseline 0 0"><span class='ocrx_word' id='word_1_339' title='bbox 0 0 2120 5956; x_wconf 95' lang='lat' dir='ltr'> </span> 
     </span>
    </p>
   </div>
  </div>
 </body>
</html>
