4230 5956
451 489 524 561 aaa
836 464 1153 559 enochsnss
1178 483 1480 558 renense-ns

503 628 552 705 Et
571 655 640 734 ego
662 624 866 706 Gaufridus
884 623 1076 732 Enguelor
1095 622 1217 700 dictus
1234 623 1393 731 Cbalop,
1414 622 1571 701 clericus
1592 621 1763 701 Dolensis
1787 625 1866 702 dio·

449 757 557 846 cesis,
576 755 775 863 apostolica
794 753 1010 831 auctoritate
1029 753 1197 831 notarius
1215 752 1403 859 publicus,
1425 752 1614 859 premissis
1632 752 1808 831 omnibus
1830 771 1867 832 et

449 887 603 994 singulis
623 885 721 962 dicta
739 910 833 962 xxvu
858 883 919 958 die
941 882 1103 960 octobris
1125 882 1229 971 actis,
1251 882 1290 958 in
1309 883 1378 960 hac
1403 910 1514 988 snpra
1533 897 1572 958 et
1593 882 1632 957 in
1651 884 1863 988 precedenti

449 1017 564 1121 peciis
579 1015 692 1091 simul
707 1014 799 1090 sutis
814 1011 1013 1101 contentis,
1029 1039 1181 1124 presens
1192 1039 1267 1088 una
1285 1040 1372 1088 cum
1386 1011 1600 1090 immediate
1612 1013 1864 1118 suprascriptis

449 1144 608 1223 testibus
636 1141 804 1231 interfui,
827 1159 863 1219 et
886 1142 924 1217 in
946 1142 1202 1220 testimonium
1224 1141 1491 1247 premissorum
1510 1169 1571 1218 me
1591 1141 1808 1246 subscripsi,
1830 1158 1866 1218 et

450 1276 596 1381 signum
617 1301 744 1350 meum
764 1271 918 1378 apposui
939 1288 1162 1349 consuetum
1182 1289 1330 1349 vocatus
1350 1289 1388 1348 et
1405 1287 1566 1381 rogatus.

504 1532 612 1611 Anno
624 1531 774 1612 Domini
791 1530 991 1611 millesimo
1002 1549 1086 1612 ccct
1095 1531 1272 1640 septimo,
1287 1531 1475 1611 indicione
1485 1550 1599 1622 sexta,
1616 1530 1678 1608 dic
1694 1530 1862 1619 Veneris,

449 1661 488 1739 in
508 1664 629 1770 vigilia
649 1681 863 1741 sanctorum
883 1665 1052 1772 Symonis
1073 1680 1109 1740 et
1128 1664 1241 1753 lude,
1258 1662 1494 1771 pontificatus
1512 1662 1729 1740 sanctissimi
1750 1662 1865 1737 Patris

449 1820 491 1869 ac
511 1793 653 1870 domini
669 1795 784 1871 nostri
808 1793 950 1872 domini
976 1793 1179 1873 Clementis
1198 1793 1320 1871 divina
1345 1793 1582 1871 Providencia
1601 1820 1721 1898 pappe
1741 1791 1863 1898 quinti

449 1950 547 2000 anno
571 1922 752 2011 secundo,
779 1923 818 1999 in
842 1924 1030 2029 presencia
1053 1924 1218 2030 religiosi
1244 1941 1281 2001 et
1302 1922 1448 2000 honesti
1472 1922 1539 1999 viri
1559 1921 1680 1998 fratris
1697 1920 1864 1998 Durandi

451 2052 497 2131 de
521 2053 655 2129 Sancto
680 2053 859 2132 Porciano
887 2053 1028 2129 ordinis
1051 2051 1208 2129 fratrum
1232 2051 1525 2139 Predicatorum‚
1556 2048 1798 2127 commissarii
1827 2050 1866 2124 in

450 2208 557 2259 causa
578 2181 667 2259 [idei
689 2210 708 2257 a
728 2182 903 2288 religioso
930 2200 968 2260 et
990 2184 1149 2259 honesto
1173 2182 1253 2258 viro
1278 2180 1390 2258 fratre
1410 2178 1615 2259 Guillelmo
1635 2180 1683 2255 de
1707 2179 1866 2256 Parisios

450 2312 591 2390 domini
611 2338 729 2418 pappe
749 2310 954 2417 capellano,
977 2311 1131 2388 illustris
1149 2310 1246 2416 regis
1264 2310 1417 2387 Francie
1437 2308 1664 2397 confessore,
1682 2337 1724 2384 ac
1742 2309 1866 2414 inqui-

449 2439 560 2517 sitore
582 2439 744 2516 heretice
763 2440 949 2544 pravitatis
970 2441 1008 2516 in
1027 2464 1143 2546 regno
1166 2440 1317 2515 Francis
1342 2439 1557 2515 anctoritate
1582 2437 1781 2543 apostolica
1801 2437 1866 2513 de-

448 2585 593 2674 putato,
615 2567 708 2644 acin
721 2570 796 2645 mci
812 2568 945 2646 notarii
960 2586 998 2645 et
1011 2567 1161 2645 testium
1178 2566 1494 2672 infrascriptorum
1508 2566 1556 2643 ad
1569 2567 1642 2644 hoc
1653 2582 1865 2645 vocatomm

450 2698 658 2804 specialiter
670 2717 707 2776 ct
716 2714 931 2805 rogatorum
946 2695 1190 2803 personaliter
1204 2697 1441 2785 constitutus,
1452 2696 1565 2772 frater
1579 2694 1804 2774 Guillelmus
1818 2697 1865 2771 de

448 2828 631 2906 Hermont
651 2830 843 2936 presbyter
863 2827 1004 2906 ordinis
1022 2826 1161 2904 milicie
1180 2825 1344 2932 Templi,
1377 2826 1482 2902 etatis
1502 2824 1630 2931 viginti
1645 2842 1730 2903 octo
1753 2854 1866 2902 anno-

448 2984 533 3033 rum
547 2957 604 3032 vel
616 2958 771 3047 circiter,
785 2975 828 3035 ut
843 2958 1004 3046 dicebat,
1020 2973 1191 3062 receptus
1204 2985 1271 3062 per
1285 2956 1436 3035 fratrem
1450 2955 1656 3032 Johannem
1672 2954 1720 3030 de
1737 2957 1865 3032 Turno

447 3085 718 3160 thesaurarium
731 3083 1865 3193 quondamdictiTempli‚requisituspersuumjuramentum

450 3213 498 3289 ad
514 3229 636 3288 sancta
653 3213 724 3289 Dei
742 3214 938 3319 Evangelia
959 3215 1197 3318 corporaliter
1212 3215 1258 3291 ab
1274 3243 1319 3291 eo
1338 3232 1433 3291 tacta
1447 3215 1662 3320 prestitum,
1679 3216 1781 3321 quod
1803 3216 1866 3291 de·

448 3357 605 3446 poneret
623 3369 763 3417 meram
784 3360 820 3418 et
839 3371 970 3448 puram
991 3343 1182 3418 veritatem
1197 3343 1276 3419 sine
1293 3343 1412 3448 aliqua
1428 3343 1583 3421 salsitate
1597 3344 1636 3419 in
1656 3373 1762 3421 causa
1778 3344 1864 3421 fidei

450 3473 498 3549 de
517 3499 556 3548 se
578 3471 677 3548 etde
699 3470 795 3562 aliis,
813 3502 886 3579 que
905 3472 1025 3549 dictus
1045 3472 1241 3578 inquisitor
1261 3472 1406 3549 duxerit
1424 3473 1666 3581 requirenda,
1690 3493 1727 3552 et
1745 3477 1865 3580 primo

448 3600 652 3707 requisitus
672 3600 717 3676 de
738 3601 820 3678 loco
841 3603 878 3677 in
899 3629 974 3707 quo
993 3599 1064 3679 suit
1082 3619 1269 3708 receptus,
1291 3604 1381 3679 dixit
1400 3632 1468 3708 per
1481 3606 1736 3709 juramentum
1755 3633 1865 3680 suum

449 3730 553 3837 quod
568 3731 667 3836 apud
679 3732 928 3837 Latigniacum
942 3732 1104 3819 Siccum,
1123 3749 1159 3807 et
1172 3749 1256 3807 sunt
1270 3761 1332 3809 sex
1350 3734 1435 3809 anni
1452 3734 1563 3839 elapsi
1583 3751 1777 3840 postquam
1795 3733 1866 3808 suit

449 3879 634 3967 receptus,
653 3878 690 3938 et
704 3862 803 3937 stetit
815 3861 964 3938 indicto
978 3861 1122 3938 ordine.
1134 3863 1345 3967 Requisitus
1360 3864 1424 3969 qui
1436 3863 1588 3940 fuerunt
1600 3866 1638 3939 in
1651 3863 1864 3966 recepcione

450 3991 546 4096 ejus,
569 3992 658 4067 dixit
678 4021 745 4096 per
759 3991 1014 4098 juramentum
1034 4019 1144 4067 suum
1165 3992 1268 4097 quod
1289 3993 1401 4069 irater
1419 3994 1639 4099 badulphus
1659 3995 1706 4069 dc
1726 3992 1864 4070 Grandi

447 4118 576 4198 Villari
591 4121 700 4197 etalii
718 4121 870 4228 quidam
882 4121 1013 4198 iratres
1027 4122 1091 4228 qui
1108 4139 1193 4199 sunt
1200 4123 1277 4229 jam
1291 4124 1440 4199 mortui.
1458 4125 1672 4231 Requisitus
1687 4123 1734 4199 de
1751 4123 1865 4200 modo

447 4249 676 4356 recepcionis
688 4279 769 4341 sue,
793 4251 883 4329 dicit
901 4281 969 4357 per
984 4254 1237 4359 juramentum
1258 4282 1367 4330 suum
1386 4253 1507 4358 quod,
1528 4271 1614 4358 post
1628 4253 1759 4330 multas
1779 4281 1865 4358 pro-

448 4378 643 4457 missiones
664 4380 710 4456 de
731 4380 977 4459 observanciis
996 4380 1093 4458 dicte
1109 4382 1315 4489 religionis,
1338 4401 1374 4459 et
1392 4400 1542 4489 recepto
1562 4382 1755 4470 mantello,
1780 4410 1865 4487 pre-

448 4527 597 4619 ceptum
616 4509 685 4586 fuit
700 4510 734 4587 ei
751 4539 771 4586 a
791 4511 890 4587 dicto
907 4511 1135 4589 thesaurario
1151 4512 1256 4618 quod
1271 4513 1470 4590 abstineret
1484 4540 1523 4590 se
1538 4541 1559 4589 a
1576 4511 1812 4600 mulieribus,
1830 4530 1866 4588 et

429 4639 477 4711 si
498 4657 693 4744 urgeretur
712 4640 839 4745 aliquo
859 4638 980 4716 calore
1001 4641 1152 4730 carnali,
1174 4659 1318 4746 poterat
1337 4643 1567 4721 commisceri
1593 4639 1864 4719 cumfratribus

450 4765 536 4842 dicti
558 4769 710 4844 ordinis.
730 4769 876 4847 Deinde
891 4768 1013 4846 oblata
1029 4769 1100 4847 luit
1112 4770 1183 4848 sibi
1199 4772 1359 4877 quedam
1379 4800 1483 4862 crux,
1506 4788 1543 4849 et
1560 4773 1718 4877 petitum
1732 4770 1802 4845 luit
1816 4768 1862 4843 ab
