4230 5956
711 432 907 524 procus
932 453 1028 527 uss
1053 453 1350 527 rsuexrsxs.
1666 460 1739 534 iis

323 619 408 677 sua,
432 589 524 665 dixit
545 617 613 694 per
628 589 884 695 juramentum
904 620 1014 670 suum
1043 595 1147 697 quod
1167 622 1267 683 non;
1290 596 1406 673 immo
1431 598 1522 673 dixit
1545 629 1675 704 puram
1703 620 1742 679 et

322 747 464 796 meram
482 720 686 797 veritatem.

376 983 469 1057 ltem
489 979 599 1057 lrater
615 981 746 1057 Petrus
762 982 809 1058 de
823 982 1050 1085 Laigneville
1078 983 1311 1087 dispensator
1330 984 1469 1061 domus
1489 985 1555 1062 des
1570 987 1738 1080 Quenoi,

321 1112 427 1189 etatis
442 1138 487 1190 xx
507 1138 690 1188 annorum
710 1110 768 1186 vel
792 1113 902 1200 circa,
922 1110 1072 1217 juratus
1096 1114 1230 1190 eodem
1262 1114 1376 1191 modo
1398 1115 1505 1192 dese
1533 1132 1570 1192 et
1592 1115 1676 1194 aliis
1700 1120 1739 1195 in

321 1272 426 1320 causa
447 1241 537 1319 [idei
558 1242 682 1319 dicere
698 1241 905 1333 veritatem,
931 1260 967 1319 et
979 1244 1228 1350 interrogatus
1240 1245 1287 1320 de
1303 1261 1470 1350 tempore
1486 1264 1524 1322 et
1540 1249 1656 1325 modo
1673 1277 1739 1327 sue
1760 1340 1765 1356 .

320 1374 566 1480 recepcionis‚
586 1371 677 1449 dixit
694 1401 763 1478 per
771 1374 1025 1479 juramentum
1039 1403 1149 1451 suum
1168 1375 1271 1481 quod
1291 1375 1363 1452 fuit
1381 1394 1553 1482 receptus
1566 1378 1606 1453 in
1625 1380 1739 1458 domo

320 1506 368 1582 de
391 1504 603 1609 Latiguiaco
626 1504 750 1592 Sicc0,
774 1505 814 1580 in
832 1505 1123 1613 Quadragesimn
1141 1524 1251 1581 erunt
1271 1506 1348 1583 duo
1369 1507 1475 1596 anni,
1499 1537 1566 1613 per
1584 1507 1736 1588 nauem

319 1637 361 1712 ll.
383 1636 431 1712 de
455 1633 551 1725 Gisi,
573 1633 809 1739 presentibus
827 1634 936 1711 lratre
960 1634 1129 1717 Huberto
1160 1653 1378 1740 preceptore
1400 1636 1497 1713 dicte
1520 1637 1684 1731 domus,¹
1700 1660 1739 1718 et

318 1766 430 1842 fratre
446 1763 596 1841 Nicolao
617 1764 665 1841 de
692 1763 894 1852 Sallexille,
916 1781 953 1841 et
970 1765 1145 1869 pluribus
1165 1765 1248 1842 aliis
1267 1766 1314 1843 de
1335 1793 1499 1870 quorum
1517 1768 1737 1848 nominibus

318 1924 396 1974 non
407 1893 550 1971 recolit.
560 1894 660 1973 Dixit
675 1896 790 1971 eciam
805 1924 873 2000 per
880 1895 1134 2000 juramentum
1149 1923 1258 1972 suum
1275 1895 1394 2000 quod,
1413 1913 1496 2000 post
1513 1895 1647 1973 multas
1656 1927 1737 2004 pro·

319 2026 515 2102 missiones
527 2023 574 2100 ab
594 2051 640 2100 eo
655 2022 766 2101 lactas
780 2023 828 2099 de
839 2024 1078 2102 observandis
1093 2024 1237 2101 statutis
1253 2041 1290 2101 et
1300 2024 1450 2102 secretis
1464 2025 1552 2104 dicti
1573 2028 1735 2120 ordinis,

320 2154 441 2235 dictus
464 2153 647 2258 recipiens
667 2153 847 2258 aportavit
859 2154 1052 2260 quoddam
1071 2153 1236 2241 missale,
1257 2173 1294 2231 et
1313 2155 1477 2232 ostendit
1490 2155 1559 2232 sibi
1577 2157 1735 2264 liguram

317 2287 433 2362 lhesu
440 2283 578 2362 Christi
591 2282 755 2361 crucifixi
774 2284 959 2389 depictam
971 2285 1011 2361 in
1027 2312 1085 2373 eo,
1107 2303 1144 2361 et
1158 2284 1288 2390 petivit
1301 2285 1348 2362 ab
1369 2313 1414 2362 eo
1429 2302 1556 2363 utrum
1568 2288 1737 2366 crederet

318 2416 356 2491 in
373 2443 460 2492 eum
481 2414 586 2520 cujus
606 2413 725 2520 ligura
741 2431 819 2491 erat
838 2413 890 2491 ibi
912 2415 1075 2519 depicta,
1099 2416 1232 2520 etipse
1253 2415 1446 2520 respondit
1467 2416 1573 2521 quod
1592 2418 1665 2506 sic,
1699 2438 1737 2496 et

318 2548 436 2624 eciam
464 2545 556 2622 dixit
578 2544 682 2649 quod
702 2545 898 2648 oportebat
923 2545 1029 2651 quod
1052 2543 1252 2651 abnegaret
1272 2573 1375 2637 eum,
1393 2563 1431 2623 et
1451 2563 1600 2651 spueret
1625 2577 1737 2655 supra
1800 2603 1803 2607 -

319 2703 464 2752 crucem
481 2692 520 2751 et
535 2672 761 2780 ymaginem
783 2674 848 2778 qui
869 2673 1091 2751 contradixit
1110 2691 1292 2780 quantum
1305 2675 1444 2779 potuit,
1463 2692 1545 2751 tum
1561 2673 1734 2765 finaliter,

317 2807 404 2912 quia
426 2804 636 2881 minabatur
655 2832 742 2880 eum
761 2802 999 2909 deponendo
1021 2833 1107 2879 eum
1130 2805 1168 2879 in
1182 2805 1243 2880 tali
1265 2831 1410 2881 carcere
1425 2805 1531 2910 qnod
1549 2805 1597 2882 de
1612 2823 1735 2883 cetero

317 2964 393 3012 uon
412 2936 556 3012 videret
571 2933 687 3039 pedes
705 2962 808 3021 suos,
830 2932 918 3010 fecit
936 2934 1221 3040 abnegacionem
1235 2934 1351 3011 semel
1362 2963 1438 3025 ore,
1455 2953 1492 3011 et
1509 2962 1586 3011 non
1601 2935 1733 3023 corde,

317 3083 357 3141 ut
377 3067 485 3151 dixit,
510 3083 546 3140 et
570 3062 676 3141 linxit
694 3092 829 3170 spuere
852 3081 910 3142 ter
936 3093 1046 3170 supra
1070 3066 1296 3171 ymaginem,
1319 3066 1385 3142 sed
1409 3065 1567 3171 spuebat
1587 3067 1634 3141 ad
1658 3083 1735 3143 ter-

315 3224 410 3283 ram,
428 3213 469 3272 ut
488 3196 592 3273 dixit.
613 3196 714 3273 Dixit
733 3196 850 3271 eciam
871 3222 938 3300 per
946 3196 1201 3302 juramentum
1220 3223 1331 3273 suum
1349 3196 1456 3301 quod
1469 3196 1655 3273 osculatus
1663 3193 1736 3273 fuit

316 3326 458 3401 eumin
479 3324 657 3402 umbilico
678 3342 715 3401 et
735 3326 774 3401 in
794 3352 860 3401 ore
880 3324 1129 3403 solummodo.
1145 3326 1246 3402 Dixit
1265 3327 1382 3402 eciam
1395 3353 1464 3432 par
1477 3326 1735 3432 juramentum

314 3484 425 3531 suum
437 3455 542 3560 quod
560 3454 681 3533 dietus
693 3456 876 3561 recipiens
888 3456 1054 3561 precepit
1064 3455 1133 3533 sibi
1145 3457 1250 3562 quod
1263 3457 1292 3531 si
1309 3456 1408 3533 calor
1419 3456 1595 3533 naturalis
1608 3483 1734 3532 move-

314 3603 370 3662 ret
390 3614 477 3663 eum
493 3585 542 3661 ad
555 3586 886 3675 incontineuciam,
907 3586 1012 3692 quod
1028 3587 1285 3663 commisceret
1298 3615 1338 3662 se
1354 3615 1438 3662 cum
1454 3585 1629 3661 fratribus
1644 3584 1733 3659 dicti

315 3716 473 3804 ordinis,
491 3732 529 3791 et
542 3714 633 3791 alios
651 3716 866 3792 admitteret
885 3715 931 3792 ad
942 3715 1061 3801 idem,
1083 3716 1113 3790 si
1129 3716 1393 3819 requireretur.
1411 3714 1512 3790 Dixit
1525 3731 1652 3789 tamen
1666 3740 1735 3817 per

309 3845 568 3949 juramentum
587 3873 698 3922 suum
718 3844 821 3950 quod
840 3872 1036 3950 nunquam
1054 3844 1157 3930 lecit,
1179 3871 1248 3921 nec
1271 3842 1342 3921 fuit
1365 3843 1577 3950 requisitus.

369 3975 462 4050 ltem
483 3974 575 4051 dixit
593 3976 697 4079 quod
716 4003 802 4051 cum
821 4002 867 4051 eo
886 3972 959 4051 fuit
975 3991 1147 4079 receptus
1167 3974 1320 4080 quidun
1348 3974 1460 4049 frater
1479 3971 1631 4048 nomine
1651 3970 1734 4046 Bal-

315 4103 469 4193 doinus,
497 4105 562 4209 qui
587 4131 656 4209 per
679 4105 857 4181 eumdem
882 4104 1038 4182 modum
1065 4103 1217 4180 omnino
1239 4103 1308 4178 luit
1335 4118 1526 4207 receptus,
1551 4118 1588 4178 et
1614 4101 1734 4178 credit

314 4235 418 4338 quod
439 4260 570 4311 omnes
587 4233 649 4311 alii
667 4232 779 4311 simili
798 4234 913 4311 modo
934 4233 1169 4338 recipiantur.
1188 4234 1438 4338 interrogatus
1459 4249 1588 4309 utrum
1606 4232 1658 4318 vi,
1675 4230 1732 4307 vel

314 4380 418 4441 metu
445 4365 600 4441 carceris
619 4392 687 4441 seu
704 4381 999 4449 tormentorum,
1025 4380 1089 4440 aut
1107 4361 1177 4438 alia
1203 4364 1249 4438 de
1267 4390 1395 4452 causa,
1417 4362 1579 4467 aliquam
1599 4360 1734 4437 dixerit

313 4492 510 4572 falsitatem
523 4495 580 4571 vel
600 4493 843 4572 immiscuerit
862 4493 909 4571 in.
922 4493 1160 4599 deposicione
1175 4521 1259 4581 sua,
1282 4493 1373 4570 dixit
1392 4521 1460 4598 per
1474 4492 1732 4598 juramentum

313 4652 423 4701 suum
443 4624 548 4731 quod
563 4652 659 4715 non3
681 4626 799 4701 immo
817 4652 950 4730 puram
966 4641 1004 4701 et
1018 4652 1160 4701 meram
1174 4625 1316 4703 dixerat
1330 4625 1533 4701 veritatem.
