4230 5956
628 496 828 592 anoctis
854 516 950 589 ons
977 514 1278 589 Truentinas.
1621 519 1665 591 15

240 662 432 741 debebant
452 660 624 740 confiteri
640 661 722 739 aliis
737 688 852 768 quarn
865 658 1125 738 sacerdotibus
1140 655 1296 750 ordinis,
1313 658 1344 737 si
1360 684 1425 737 eos
1439 658 1579 738 babere
1598 691 1668 770 po·

238 810 371 874 terant.
390 792 625 872 Elemosinas
639 811 677 871 et
692 790 987 899 hospitalitatem
998 790 1088 868 lecit
1098 809 1136 869 et
1146 790 1240 869 vidit
1252 790 1517 869 convenienter
1527 793 1614 870 *lieri
1628 795 1668 872 in

240 926 418 1005 domibus
428 925 574 1004 ordinis
586 925 627 1005 in
641 925 781 1032 quibus
796 923 884 1015 fuit,
902 924 970 1002 sed
985 922 1201 1030 aliquando,
1215 923 1369 1030 quando
1384 951 1463 1000 non
1479 924 1669 1003 habebant

238 1058 353 1149 unde,
370 1056 705 1165 restringebantur.
722 1056 780 1135 De
793 1073 903 1134 nocte
919 1053 1137 1162 aliquando,
1151 1072 1306 1162 propter
1320 1055 1475 1163 negocia
1489 1083 1669 1135 occuren-

239 1190 306 1281 tia,
330 1206 368 1267 et
386 1189 475 1266 alias
490 1188 537 1266 de
563 1189 626 1267 die
650 1188 746 1266 clam
770 1215 904 1265 eorum
926 1186 1100 1294 capitulia
1118 1185 1358 1265 tenebantur.
1381 1186 1497 1281 Quod
1511 1216 1668 1296 magnus

239 1322 414 1428 Magister
426 1351 513 1400 cum
527 1338 716 1400 conventu
741 1319 932 1399 statuisset
950 1317 1082 1397 luisset
1102 1298 1288 1399 servatum
1310 1319 1351 1397 in
1375 1320 1521 1409 ordine,
1540 1339 1669 1399 contra

239 1481 355 1564 quern
378 1481 481 1531 nunc
498 1454 654 1562 grandia
674 1451 860 1544 scandala,
881 1450 1045 1559 suspicio
1067 1468 1105 1528 et
1122 1449 1277 1529 infamia
1295 1468 1393 1531 sunt
1406 1437 1544 1546 exorta,
1561 1452 1669 1532 inde-

237 1585 327 1676 bite,
346 1603 390 1663 ut
408 1586 539 1665 credit.
560 1587 644 1665 Non
662 1586 855 1666 obtulerat
873 1615 913 1665 se
930 1585 977 1663 ad
997 1585 1272 1665 deffensionem
1292 1587 1448 1667 ordinis.

293 1716 510 1825 Requisitus
524 1718 556 1794 si
568 1718 623 1796 sic
639 1717 870 1825 deposuerat
887 1744 1013 1824 prece,
1027 1733 1217 1825 precepto,
1238 1718 1393 1808 timore,
1415 1748 1556 1813 amore,
1578 1720 1668 1797 odio

237 1846 295 1925 vel
315 1848 477 1926 comodo
496 1846 698 1955 temporali
718 1847 849 1927 habito
868 1846 1133 1947 velhahenda
1151 1849 1349 1957 respondit
1362 1849 1468 1956 quod
1489 1851 1670 1939 nom-sed

237 2009 306 2086 pro
329 1980 484 2061 veritate
506 1980 685 2070 dicenda;
708 1985 770 2057 cui
793 1979 867 2057 luit
893 1978 1109 2086 injunctum
1133 1981 1238 2087 quod
1261 2009 1339 2057 non
1364 1978 1548 2057 revelaret
1570 1969 1667 2057 hanc

238 2086 344 2187 suani
365 2110 650 2216 deposicionem
670 2137 872 2218 quousque
892 2108 1152 2188 attestaciones
1171 2107 1314 2187 suerint
1329 2109 1531 2216 publicato.
1588 2130 1612 2168 ’-

293 2373 424 2448 Frater
454 2371 620 2448 Thomas
646 2370 694 2447 de
716 2369 930 2476 Panpalona
957 2369 1133 2461 serviens,
1160 2386 1361 2478 preceptor
1385 2372 1588 2450 domorum
1617 2375 1665 2452 de
1784 2468 1786 2472 ι

238 2501 403 2611 Averyns
418 2502 459 2579 in
478 2503 636 2580 Navarra
649 2499 954 2607 Pampalonensis
970 2516 1009 2578 et
1025 2499 1187 2578 dc·Riba
1203 2501 1348 2579 Forada
1362 2503 1668 2583 Terrassonensis
1751 2579 1753 2583 ,

239 2633 466 2726 diocessum,
482 2650 521 2710 et
534 2662 650 2740 supra
656 2633 824 2742 juratus,
839 2631 1066 2710 mantellum
1082 2632 1227 2711 ordinis
1239 2651 1278 2711 et
1290 2632 1445 2712 barbam
1460 2635 1662 2728 defferens,
1752 2678 1755 2682 “

239 2793 326 2842 cum
346 2792 423 2871 quo
442 2763 666 2870 inquisitum
683 2763 818 2857 fuerat,
835 2762 1031 2877 absolutus
1049 2742 1088 2840 et
1102 2761 1366 2842 reconciliatus
1379 2793 1447 2871 per
1465 2767 1666 2844 dominum

239 2896 456 3003 episcopum
473 2897 766 2989 Xantonensem,
789 2895 1052 3003 sexagenarius
1070 2891 1129 2971 vel
1150 2893 1256 2986 circa,
1279 2893 1386 2974 lectis
1407 2912 1445 2972 et
1464 2895 1666 3004 diligenter

239 3026 414 3134 expositis
433 3027 505 3106 sibi
520 3027 699 3106 omnibus
719 3044 757 3105 et
775 3012 935 3136 singulis
954 3024 1133 3117 articulis,
1155 3026 1354 3132 respondit
1371 3054 1411 3104 se
1432 3027 1575 3106 nescire
1596 3057 1666 3107 nec

239 3158 423 3238 audivisse
448 3158 541 3250 dici,
568 3160 811 3238 ncccredere
834 3156 1090 3237 decantantis
1114 3157 1153 3233 in
1179 3156 1233 3235 eis
1259 3157 1331 3236 nisi
1357 3159 1462 3265 quod
1481 3161 1664 3268 sequitur.

238 3290 424 3370 Videlicet
447 3319 487 3368 se
507 3319 704 3399 nunquam
720 3290 872 3379 vidisse,
894 3318 965 3376 nec
980 3288 1146 3380 scivisse,
1173 3316 1243 3366 nec
1261 3289 1447 3368 audivisse
1475 3291 1566 3382 dici,
1594 3293 1665 3372 nisi

237 3440 437 3530 postquam
470 3422 544 3500 luit
581 3440 725 3530 captus,
759 3422 866 3530 quod
898 3423 938 3499 in
978 3419 1266 3527 recepcionibus
1300 3420 1458 3501 lratmm
1486 3423 1546 3501 vel
1581 3443 1667 3532 post
1735 3435 1738 3440 ’

140 3614 146 3623 .
237 3554 374 3632 fierent
413 3553 705 3663 abnegaciones,
747 3553 1108 3662 dogmatizaciones,
1145 3551 1329 3659 vituperia
1347 3555 1505 3645 crucis,
1540 3557 1667 3634 oscula

236 3685 457 3780 inhonesta,
496 3687 640 3765 crimen
672 3685 941 3765 sodomiticum
974 3713 1045 3762 nec
1080 3684 1150 3763 alia
1188 3684 1389 3764 inhonesta
1423 3688 1463 3764 in
1501 3686 1667 3766 articulis

239 3823 424 3896 contenta.
453 3819 676 3927 Supradicta
700 3818 896 3926 deponens
919 3846 1007 3900 cum
1031 3816 1305 3924 imprecacione
1330 3817 1606 3896 maledictionis
1631 3835 1669 3895 et

239 3947 520 4056 dampnacionis
540 3951 665 4029 anime
681 3977 748 4029 suc
762 3968 801 4029 et
816 3950 995 4058 corporis,
1011 3965 1049 4028 ct
1068 3952 1139 4029 sub
1151 3951 1288 4029 virtute
1300 3949 1506 4057 juramenti
1520 3947 1667 4053 prestiti

239 4109 306 4185 per
331 4082 522 4175 eumdem,
545 4100 584 4161 et
607 4082 713 4191 quod
738 4083 856 4161 eciam
875 4082 1068 4161 nesciebat
1089 4081 1183 4159 alios
1203 4106 1350 4158 errores
1370 4104 1450 4154 esse
1471 4076 1511 4154 in
1532 4066 1667 4157 ordine

148 4199 153 4207 ¹
239 4211 466 4314 supradicto.
483 4213 723 4292 Dixittamen
740 4213 863 4320 quod,
880 4210 1020 4313 obvim
1034 4209 1245 4287 multorum
1263 4225 1542 4288 tormentorum
1561 4211 1668 4317 prius
1770 4317 1774 4323 ι
1865 4293 1867 4298 ,

238 4338 431 4419 illatorum
458 4341 583 4419 eidem
608 4343 709 4448 apud
733 4358 904 4418 sanctum
922 4341 1136 4418 lohanuem
1161 4338 1492 4447 Angeliacensem,
1524 4341 1668 4420 conses-

237 4499 301 4550 sus
317 4471 390 4549 luit
405 4488 492 4580 post
507 4473 606 4552 dicta
625 4490 829 4562 tormenta,
851 4500 977 4550 coram
991 4471 1068 4551 illis
1090 4472 1157 4581 qui
1177 4471 1407 4580 torquebant
1431 4493 1537 4565 eum,
1563 4472 1667 4580 quod

237 4579 416 4685 credebat
440 4604 716 4682 consessionem
740 4633 809 4712 per
828 4631 1008 4713 magnum
1028 4604 1249 4715 Magistrum
1270 4604 1404 4682 factam
1428 4631 1508 4682 esse
1527 4602 1664 4697 veram,

239 4753 277 4813 et
295 4736 409 4843 quod
421 4736 457 4815 ei
476 4737 700 4829 adherebat;
723 4753 865 4846 etpost
889 4765 1069 4848 magnum
1089 4753 1241 4844 tempus
1266 4735 1446 4844 elapsum,
1470 4765 1557 4814 cum
1577 4765 1667 4816 con-

238 4866 345 4948 tinue
365 4868 529 4950 stetisset
548 4869 589 4948 in
609 4870 707 4951 duro
725 4898 883 4963 carcere,
907 4899 978 4950 nec
998 4869 1304 4950 ministrarentur
1318 4869 1391 4950 sibi
1410 4869 1483 4950 nisi
1502 4869 1609 4976 panis
1629 4886 1667 4946 et
1776 4934 1785 4958 ,
