4230 5956
661 462 857 557 enecas
888 483 984 554 nas
1015 480 1321 554 ratramnus.
1624 488 1695 568 asi

288 629 391 715 dem,
413 627 453 702 in
480 623 670 729 presencia
696 622 944 727 prelatorum,
970 621 1230 729 religiosorum
1254 637 1293 696 et
1311 620 1496 698 'aliorum
1523 625 1576 699 Ex
1599 627 1701 704 ordi-

284 758 440 833 nacione
463 753 562 833 beati
590 752 1053 861 Bernardi-cingebantur,
1082 752 1122 829 in
1152 752 1301 858 siguum
1323 753 1515 843 castitatis,
1537 756 1702 835 cordulis

283 887 386 963 unde
410 884 588 962 volebant
605 883 821 990 assumptis,
841 910 956 988 super
974 883 1141 960 camisias
1160 911 1247 958 cum
1266 881 1408 987 quibus
1425 881 1612 988 jacebant.
1633 887 1703 964 lle·

183 984 188 1003 ⁴
281 1017 446 1095 velantes
472 1033 612 1094 secreta
639 1012 888 1120 capitulorum
912 1031 950 1092 et
975 1012 1134 1091 modum
1159 1014 1388 1118 recepcionis
1419 1013 1634 1106 incarcerati
1665 1036 1703 1094 et

283 1146 406 1251 puniti
432 1145 601 1223 fuissent.
635 1144 830 1237 Quamdiu
863 1160 1043 1251 poterant.
1064 1142 1233 1221 confiteri
1270 1141 1527 1240 sacerdotibus
1546 1125 1701 1224 'ordinis

282 1303 427 1365 eorum,
448 1303 524 1352 non
548 1273 740 1352 debebant
756 1272 897 1380 absque
917 1300 1051 1352 eorum
1073 1272 1227 1350 licencia
1246 1272 1329 1350 aliis
1348 1271 1531 1350 confiteri.
1554 1277 1701 1354 Fratres

280 1407 425 1485 ordinis
456 1406 595 1512 quibus
624 1406 874 1483 communiter
898 1405 1020 1481 credit
1050 1421 1158 1481 notas
1191 1404 1304 1483 luisse
1340 1404 1631 1511 abnegaciouem
1661 1424 1701 1485 et

279 1536 514 1643 spuicio'nem
534 1536 719 1640 predictas
747 1535 858 1642 [quas
885 1534 1003 1614 credit
1026 1552 1152 1612 ortum
1173 1533 1347 1613 habuisse
1373 1534 1471 1612 ultra
1492 1565 1609 1625 mare,
1631 1536 1700 1615 sed

278 1667 398 1748 nescit
422 1666 591 1773 qnando,
617 1666 761 1743 audivit
791 1682 918 1743 tamen
939 1664 1048 1772 quod
1079 1693 1157 1743 non
1185 1664 1231 1742 ab
1262 1664 1438 1771 antiquo]
1468 1667 1701 1773 negligentes

278 1796 449 1884 fuerunt,
466 1797 555 1903 quia
575 1824 651 1874 non
669 1813 914 1875 correxerunt
931 1823 1002 1876 nec
1018 1795 1340 1873 denunciaverunt
1362 1795 1528 1872 ecclesie.
1549 1795 1700 1874 Elemo·
1807 1824 1812 1834 ·
1924 1780 1929 1788 ⁴

277 1928 375 2005 sium
397 1945 435 2004 et
449 1927 741 2032 hospitalitatem
768 1925 861 2004 vidit
887 1927 1150 2004 convenienter
1165 1924 1248 2003 lieri
1263 1942 1301 2002 et
1317 1926 1452 2001 servari
1466 1926 1504 2001 in
1521 1924 1698 2005 domibus

277 2058 421 2135 ordinis
453 2059 492 2132 iu
522 2057 661 2163 quibus
691 2055 812 2131 extitit
844 2071 1109 2132 commoratus.
1143 2053 1424 2159 Precipiebatur
1456 2055 1509 2133 eis
1543 2085 1613 2160 per
1643 2085 1697 2134 sa·

277 2202 511 2264 crumentum
525 2183 630 2292 quod
644 2185 743 2262 bene
761 2201 950 2262 servarent
962 2183 1061 2261 bona
1076 2185 1237 2272 ordinis,
1261 2202 1298 2260 et
1317 2185 1422 2290 quod
1441 2184 1476 2260 ei
1491 2186 1618 2263 debite
1639 2216 1697 2264 ac·

276 2317 480 2423 quirerent.
504 2314 657 2392 Audivit
678 2314 752 2390 dici
778 2313 884 2419 quod
909 2297 1040 2392 eorum
1064 2313 1239 2419 capitulla
1264 2315 1450 2420 generalia
1469 2315 1697 2394 tenebantur

276 2463 361 2552 post
385 2445 534 2522 missam
556 2461 594 2522 et
617 2470 849 2532 sermonem,
866 2444 1106 2549 tempestive,
1132 2443 1248 2520 nullis
1268 2445 1507 2548 presentibus
1530 2445 1695 2525 nisi-sra-

275 2575 398 2653 tribus
421 2574 580 2660 ordinis,
602 2591 640 2651 et
663 2572 938 2680 providebatur
948 2600 996 2649 ne
1017 2573 1240 2668 audirentur
1259 2575 1423 2652 exterius
1441 2604 1516 2681 que
1536 2575 1695 2656 interius

276 2704 493 2811 agebantur.
521 2704 702 2783 Ordinato
727 2720 794 2810 pe'r
819 2705 1037 2814 Magistrum
1062 2733 1148 2789 cum
1178 2723 1363 2782 conventu
1390 2724 1568 2783 servasset
1592 2722 1694 2785 totus

276 2838 387 2924 ordo,
407 2855 534 2915 contra
554 2860 667 2942 quem
683 2863 786 2912 nunc
806 2834 961 2941 grandia
983 2835 1172 2925 scandala,
1195 2835 1359 2940 suspicio
1379 2852 1416 2912 et
1434 2836 1585 2912 inlamia
1605 2856 1695 2914 suut

276 2985 417 3056 exorta;
438 2985 477 3045 et
496 2968 616 3044 credit
634 2966 740 3073 quod
756 2967 877 3043 dictus
901 2966 1077 3072 Magister
1092 2984 1128 3042 et
1142 2965 1205 3042 alii
1225 2966 1515 3074 abnegacionem
1536 2985 1574 3045 et
1590 2970 1693 3073 spui-

274 3099 421 3175 cionem
438 3098 485 3174 de
505 3097 646 3204 quibus
662 3097 836 3202 deposuit
852 3097 927 3173 sint
942 3081 1113 3173 confessi.
1133 3098 1216 3173 Non
1232 3095 1420 3174 obtulerat
1433 3125 1471 3174 se
1487 3099 1534 3173 ad
1550 3097 1692 3177 dellen-

277 3229 421 3305 eionem
438 3227 600 3313 ordinis,
618 3226 821 3303 nec-fuerat
837 3224 937 3304 ultra
957 3253 1071 3302 mare.

331 3357 545 3464 Requisitus
556 3357 587 3434 si
596 3357 651 3433 sic
665 3358 891 3462 deposuerat
899 3383 1028 3461 prece,
1046 3373 1241 3461 precepto,
1258 3357 1395 3433 timore
1408 3386 1572 3446 ,amore,
1583 3360 1690 3449 odie,

273 3488 331 3565 rel
358 3489 560 3596 temporali
587 3488 749 3566 comodo
777 3485 909 3565 habito
935 3486 993 3564 vel
1020 3486 1216 3578 habendo,
1246 3488 1443 3594 respondit
1466 3491 1570 3595 quod
1596 3519 1688 3580 nou,

273 3621 340 3696 sed
360 3647 428 3724 pro
453 3619 606 3695 veritate
632 3618 817 3706 dicenda;
848 3618 908 3694 cui
936 3615 1008 3693 fuit
1024 3617 1251 3725 'injunctum
1277 3617 1383 3723 quod
1411 3644 1487 3696 non
1511 3616 1692 3696 revelaret

274 3751 369 3827 hanc
383 3779 494 3828 suam
512 3749 810 3856 deposuissem,
832 3776 1031 3856 quousque
1051 3749 1311 3826 attestaciones
1331 3749 1472 3825 suerint
1489 3747 1687 3852 publicate.

327 4014 456 4089 Frater
476 4013 608 4091 Petrus
629 4011 788 4089 Pulandi
808 4011 989 4101 serviens,
1011 4011 1288 4087 Lemoviceusis
1309 4011 1482 4096 diocesis,
1505 4010 1608 4088 testie
1628 4040 1690 4088 su·

274 4158 340 4246 pra
355 4140 520 4245 juratus,
538 4141 782 4250 quadraginta
799 4141 915 4218 trium
934 4166 1118 4216 annorum
1139 4139 1196 4216 vel
1216 4140 1327 4228 circa,
1350 4138 1504 4215 barbam
1524 4141 1592 4218 aed
1612 4170 1688 4221 non

271 4268 493 4347 mantellum
516 4270 722 4363 defferens,
739 4271 829 4376 quia
848 4271 970 4376 ipsum
991 4269 1187 4345 dimiserat
1202 4285 1382 4346 vetustate
1402 4288 1685 4376 consumptum,

270 4428 356 4476 cum
368 4428 449 4506 quo
465 4400 688 4506 inquisitum
703 4399 841 4488 luerat,
859 4397 1056 4476 absolutus
1074 4414 1113 4474 et
1127 4398 1389 4478 reconciliatus
1405 4429 1471 4506 per
1486 4401 1685 4479 dominum

270 4531 575 4609 lemovicensem
591 4531 827 4637 episcopum,
844 4529 952 4607 lectis
967 4546 1005 4606 et
1019 4528 1219 4635 diligenter
1231 4531 1406 4636 expositis
1420 4530 1491 4608 eibi
1507 4529 1685 4609 omnibus

270 4678 307 4737 et
319 4661 477 4771 singulis
497 4662 683 4755 articulis,
702 4661 899 4767 respondit
918 4660 1024 4768 quod
1042 4660 1194 4738 nullum
1217 4661 1334 4737 alium
1349 4661 1492 4739 viderat
1510 4661 1624 4767 recipi
1635 4662 1683 4741 in

268 4793 420 4883 ordine,
439 4821 509 4870 nec
527 4791 650 4871 luerat
668 4791 767 4870 ultra
781 4820 902 4883 mare,
916 4819 989 4869 nec
1007 4790 1177 4870 adfirerat
1196 4791 1366 4897 capitulis
1386 4790 1627 4879 eorumdem,
1647 4810 1685 4870 et
