4230 5956
366 407 439 479 ass
748 383 944 476 esoces
969 403 1066 474 uus
1091 401 1389 474 ratramnus.

363 564 400 622 et
421 543 603 631 observat,
627 559 664 619 et
684 568 752 647 per
767 570 812 617 ea
831 543 951 619 ,credit
971 543 1058 646 ipse.
1070 559 1107 618 et
1130 541 1193 618 alii
1206 541 1342 618 fratres
1361 539 1451 616 dicti
1464 540 1785 645 'ordinis,.prout

361 673 494 762 credit,
512 673 732 755 adsalutem
753 673 961 749 animarum
980 689 1235 779 etcorporum
1253 671 1445 779 pervenire
1465 669 1614 747 debere.

420 803 476 882 Ad
497 829 729 881 xxx—xxxin
747 800 921 878 articulos
939 800 1135 889 inclusive,
1153 800 1354 907 diligenter
1364 815 1402 875 et
1419 797 1605 904 sigillatim
1625 799 1786 875 interro·

362 954 485 1041 gatus,
507 934 735 1039 respondens
755 932 899 1037 negavit
912 932 1012 1038 ipsos
1028 950 1065 1008 et
1083 948 1256 1009 contenta
1275 930 1384 1005 ineis
1405 945 1441 1005 et
1460 928 1615 1035 singulis
1633 955 1783 1006 eorum·

364 1065 467 1154 dem,
482 1083 634 1169 excepto
649 1062 776 1141 osculo
792 1063 868 1140 oris
881 1079 1026 1138 tantum
1043 1089 1119 1167 quo
1134 1079 1291 1138 utuntur
1304 1059 1488 1163 recipiens
1507 1077 1546 1136 et
1563 1077 1746 1165 receptus.

420 1195 477 1274 Ad
496 1220 790 1272 xxxuu—xxxvu
804 1192 978 1270 articulos
989 1191 1184 1283 inclusive,
1201 1191 1400 1294 diligenter
1416 1205 1454 1264 et
1472 1189 1658 1295 sigillatim
1669 1191 1785 1266 inter·

364 1345 512 1433 rogatus
526 1324 736 1429 respondit,
758 1341 795 1400 et
809 1340 981 1400 contenta
997 1323 1039 1411 ¹iu
1060 1321 1135 1400 illis
1153 1350 1237 1400 vera
1253 1349 1331 1398 esse
1351 1318 1497 1397 fatetur.
1505 1338 1522 1376 ¹·
1537 1373 1541 1379 -

360 1499 362 1502 >
423 1456 480 1532 Ad
495 1454 744 1536 xxxvur-rlvu
756 1453 932 1530 articulos
948 1452 1142 1539 inclusive,
1160 1451 1361 1559 diligenter
1378 1466 1416 1526 et
1429 1449 1615 1556 sigillatim
1629 1451 1784 1528 interro

253 1583 255 1586 ’
364 1603 485 1691 gatus,
516 1585 659 1691 negavit
684 1583 767 1661 illos
781 1575 967 1660 'articulos
993 1599 1029 1658 et
1054 1598 1227 1658 contenta
1252 1582 1289 1655 in
1312 1578 1387 1655 illis
1407 1578 1644 1684 simpliciter,
1671 1601 1785 1685 prout

364 1733 512 1807 sonant,
534 1732 709 1820 tanquam
730 1713 913 1802 inaudita,
935 1711 1119 1818 incognita
1139 1727 1177 1788 et
1195 1711 1321 1816 ignota
1346 1709 1386 1784 in
1406 1709 1539 1786 ordine
1558 1710 1708 1815 Templi
1728 1711 1785 1786 vel

365 1849 404 1923 in
419 1848 539 1952 aliqua
559 1836 662 1951 parte
681 1845 778 1952 ejus,
791 1859 903 1950 prout
922 1843 1041 1933 credit
1056 1842 1103 1918 de
1123 1841 1298 1918 omnibus
1312 1838 1504 1926 fratribus,
1522 1840 1650 1915 et-scit
1673 1857 1786 1917 etuas-

365 1977 454 2054 serit
469 1976 516 2054 de
536 2006 575 2053 se
596 1978 689 2083 ipso,

421 2107 479 2183 Ad
498 2106 728 2185 lvru-lxvur
749 2106 922 2187 articulos
937 2104 1133 2192 inclusiva,
1151 2101 1351 2209 diligenter
1370 2120 1408 2178 et
1419 2100 1608 2206 ,sigillatim
1628 2100 1787 2179 interro-
1865 2180 1871 2184 ,

365 2254 488 2341 gatus,
500 2237 647 2341 negavit
658 2237 758 2341 ipsos
771 2235 946 2313 articulos
961 2252 998 2312 et
1012 2234 1137 2312 omnia
1151 2250 1190 2310 et
1203 2232 1345 2338 singula
1360 2248 1533 2308 contenta
1548 2231 1587 2306 in
1601 2231 1671 2318 eis,
1687 2231 1786 2309 salvo

367 2381 404 2441 et
424 2384 576 2471 excepto
592 2366 711 2470 quod,
734 2367 772 2440 in
791 2366 1010 2470 recepcioue
1033 2393 1098 2441 sua
1118 2381 1155 2440 et
1173 2363 1330 2440 fratrum
1353 2362 1441 2439 dicti
1462 2361 1604 2438 ordinis
1621 2388 1786 2467 quorum

365 2494 581 2601 recepcioni
594 2495 719 2599 sepius
736 2493 857 2582 affuit,
880 2494 1022 2601 injungi
1042 2493 1135 2569 vidit
1151 2492 1381 2583 etaudivita
1404 2509 1596 2596 receptore
1617 2510 1661 2569 ut
1676 2521 1788 2599 quas-

368 2624 453 2701 dam
468 2623 641 2705 oordulas
658 2624 838 2729 recipiant
853 2642 890 2700 et
903 2640 1055 2728 portent
1075 2582 1273 2710 continued
1281 2621 1348 2707 die
1361 2638 1572 2726 noctuque,
1585 2622 1625 2697 in
1640 2623 1788 2728 signum
1835 2703 1841 2714 ,

334 2836 352 2873 ο
368 2756 540 2833 castitatis
560 2772 598 2832 et
616 2754 820 2831 honestatis
839 2783 859 2828 a
875 2753 1032 2859 receptis
1046 2753 1238 2858 promisse

423 2886 524 2988 Discit¹
538 2903 664 2975 tamen
684 2884 787 2989 quod
805 2912 890 2961 cum
908 2883 1017 2961 dictis
1029 2882 1196 2960 cordulis
1208 2908 1278 2959 neo
1288 2882 1407 2986 capita
1426 2910 1495 2959 nec
1506 2882 1616 2989 ydola
1634 2901 1790 2988 tangun

368 3033 428 3089 tur
442 3014 489 3091 de
504 3013 641 3120 quibus
661 3016 782 3118 agitur
794 3016 840 3089 in
857 3014 1020 3090 articulis
1035 3011 1241 3118 prelibatis,
1262 3040 1330 3088 nec
1346 3011 1483 3089 audivit
1503 3012 1667 3090 de-dicto
1686 3031 1788 3090 tactu

368 3168 533 3246 unquam
551 3144 588 3216 in
610 3143 690 3244 ipso
706 3142 838 3218 ordine
853 3142 934 3219 lieri
953 3144 1194 3219 mentionem.

426 3270 482 3344 Ad
506 3270 745 3346 lxix-lxxxii
759 3272 933 3347 articulos
952 3273 1144 3358 inclusive,
1166 3273 1365 3379 diligenter
1385 3293 1422 3351 et
1439 3275 1626 3381 sigillatim
1638 3277 1791 3350 interro·

370 3417 489 3504 gatus,
511 3400 743 3506 respondens
762 3402 907 3506 negavit
936 3402 1035 3507 ipsos
1062 3401 1237 3478 articulos
1264 3421 1301 3479 et
1328 3406 1453 3481 omnia
1478 3423 1516 3481 et
1540 3405 1683 3510 singula
1704 3433 1792 3482 con·

370 3546 469 3605 tenta
488 3530 526 3605 in
548 3530 616 3618 eis,
638 3530 736 3607 salvo
753 3549 789 3606 et
809 3549 960 3636 excepto
979 3532 1101 3637 quod,
1119 3549 1288 3637 tempore
1304 3565 1370 3611 sue
1386 3536 1632 3639 recepcionis,
1653 3537 1791 3641 juravit

371 3675 502 3734 statuta
517 3678 553 3735 et
568 3661 858 3737 consuetudines
879 3679 915 3736 et
929 3689 1051 3736 mores
1065 3661 1186 3739 bonos
1200 3662 1288 3739 dicti
1305 3664 1454 3751 ordinis,
1462 3665 1607 3770 Templi
1629 3694 1788 3753 servare;

372 3788 468 3863 inter
493 3817 565 3894 que
591 3790 681 3864 dicit
706 3818 784 3867 esse
809 3809 936 3867 tenere
960 3810 1098 3868 secreta
1125 3794 1277 3898 capituli
1303 3812 1486 3899 quantum
1507 3796 1554 3871 ad
1581 3814 1790 3882 extraneos,

374 3945 518 3994 necnon
533 3920 657 4024 quoad
674 3919 764 3996 alios
780 3921 909 3997 fratres
928 3922 1016 3999 dicti
1033 3922 1175 3998 ordinis
1195 3924 1259 4028 qui
1281 3954 1300 4000 a
1320 3924 1490 4029 capitulis
1506 3926 1716 4003 abluerunt.
1767 3912 1772 3923 ⁴

429 4050 519 4122 Item
539 4051 685 4126 addidit
704 4052 806 4156 quod
828 4052 882 4126 illi
900 4054 963 4157 qui
986 4081 1128 4130 errores
1149 4072 1342 4131 contentos
1357 4057 1393 4130 in
1409 4056 1517 4132 dictis
1532 4057 1694 4133 articulis
1706 4077 1795 4133 sunt
1814 4133 1816 4137 ,

376 4176 548 4266 confessi,
564 4182 628 4285 qui
644 4182 765 4264 eciam,
779 4182 909 4258 fratres
929 4183 1017 4260 dicti
1033 4184 1174 4261 ordinis
1193 4185 1437 4290 appellantur,
1458 4187 1549 4263 dixit
1568 4215 1607 4263 se
1623 4217 1699 4264 non
1714 4218 1794 4263 cre-

376 4307 464 4382 dere
477 4308 605 4384 sratres
620 4310 750 4398 luisse,
769 4313 890 4389 necin
911 4314 1206 4393 confessionibus
1216 4318 1293 4393 suis
1308 4345 1389 4394 vera
1408 4318 1558 4408 dixisse3
1575 4319 1662 4424 ymo
1679 4319 1797 4394 credit

375 4435 474 4538 ipsos
501 4455 539 4515 et
565 4467 693 4516 eorum
719 4442 883 4549 singulos
910 4460 1037 4520 contra
1066 4447 1256 4522 veritatem
1285 4447 1372 4524 salsa
1400 4448 1534 4524 dixisse
1560 4466 1596 4524 et
1622 4450 1660 4523 in
1686 4467 1796 4553 caput

376 4592 485 4642 suum
505 4569 679 4646 mentitos
699 4600 790 4648 esse.

435 4696 489 4770 Ad
503 4698 781 4786 lxxx111,lxxx1u1
798 4721 832 4779 et
844 4705 947 4782 lxxxv
961 4707 1134 4784 articulos
1143 4710 1331 4795 inclusive,
1347 4711 1546 4815 diligenter
1558 4728 1595 4787 et
1608 4710 1792 4816 sigillatim
