4230 5956
473 429 545 504 aas
858 408 1056 502 ruccas
1079 426 1176 498 oss
1203 425 1499 498 remersus,

471 571 622 648 credere
646 584 914 646 sacramentum
939 568 1061 644 altaris
1085 584 1123 642 et
1146 565 1215 642 alia
1239 582 1465 642 sacramenta
1483 580 1606 642 sancte
1630 564 1701 642 Dei
1724 565 1889 644 Ecclesie

471 729 549 779 esse
570 701 720 777 inducta
740 726 808 806 pro
824 697 1034 776 animarum
1054 697 1226 774 fidelium
1241 695 1374 786 salute,
1397 714 1433 772 et
1445 723 1524 777 ease
1537 695 1575 771 in
1588 694 1750 773 Ecclesia
1764 716 1889 775 sancta

469 830 539 908 Dei
560 845 694 907 statuta
714 844 826 935 prout
844 828 923 934 ipsa
942 825 1157 904 universalis
1183 824 1344 903 Ecclesia
1363 824 1436 902 hoc
1461 823 1627 929 predicat
1642 842 1753 931 atque
1771 843 1887 904 tenet.

470 959 600 1039 Credit
614 960 732 1035 eciam
746 959 851 1064 quod
867 957 995 1035 nullus
1013 985 1083 1033 nec
1105 957 1153 1034 de
1174 982 1244 1033 suo
1267 955 1398 1032 ordine
1419 981 1489 1031 nec
1510 954 1630 1060 quivis
1653 955 1747 1032 alius
1772 957 1889 1061 possit

470 1089 659 1167 absolvere
679 1117 696 1174 a
718 1088 892 1193 peccatis,
915 1087 986 1164 nisi
1010 1087 1123 1163 fuerit
1141 1086 1212 1164 rite
1232 1086 1271 1161 in
1291 1084 1497 1163 sacerdotio
1517 1085 1720 1162 ordinatus.

526 1219 736 1300 Confitetur
748 1219 866 1295 eciam
885 1218 991 1325 quod
1005 1245 1159 1324 magnus
1174 1217 1349 1322 Magister
1363 1215 1451 1292 dicti
1468 1215 1611 1292 ordinis
1625 1232 1663 1292 et
1676 1216 1891 1321 ceteri‘pre·

470 1369 638 1456 ceptores
653 1349 746 1455 layci
762 1349 993 1454 presidentes
1005 1364 1163 1454 possunt
1172 1376 1285 1453 penas
1301 1345 1511 1452 corporales
1519 1346 1614 1451 ipsis
1629 1345 1804 1424 fratribus
1817 1375 1889 1452 pro

469 1480 588 1586 culpis
597 1509 624 1556 -a
638 1508 678 1556 se
698 1480 864 1559 comissis
882 1480 1092 1585 imponere,
1109 1479 1214 1585 juxta
1235 1493 1371 1554 statuta
1391 1477 1532 1553 ordinis
1548 1477 1765 1585 supradicti3
1785 1479 1891 1584 peni·

445 1611 605 1721 ¹tencias
624 1627 748 1687 autern
769 1609 978 1716 spirituales
999 1625 1193 1715 nequeunt
1217 1606 1484 1684 confitentibus
1503 1623 1650 1713 peccata
1677 1607 1885 1714 injungere,

469 1742 540 1817 nisi
557 1740 696 1817 fuerint
715 1741 937 1817 sacerdotes.

486 1905 489 1908 ·
525 1869 732 1948 Confitetur
746 1899 898 1977 quoque
913 1870 1035 1975 quod,
1057 1869 1095 1943 in
1109 1869 1327 1973 recepcione
1340 1869 1497 1946 fratrum
1511 1868 1601 1946 dicti
1616 1869 1774 1958 ordinis,
1795 1871 1888 1946 reci-

468 2001 575 2105 piens
592 2019 630 2078 et
647 2018 819 2106 receptus
838 2028 877 2078 se
897 2016 1031 2076 mutuo
1051 1998 1264 2091 osculantur
1283 1999 1322 2073 in
1343 2026 1408 2076 ore
1427 2015 1590 2087 tantum
1611 2017 1784 2105 receptus
1800 2027 1888 2076 vero

469 2129 613 2236 aliquos
628 2129 757 2207 fratres
776 2130 823 2206 de
838 2128 1041 2206 astantibus
1061 2127 1251 2204 osculatur
1271 2127 1443 2204 similiter
1462 2144 1500 2203 et
1518 2129 1557 2205 in
1577 2156 1643 2204 ore
1661 2144 1825 2216 tactum,
1850 2131 1888 2204 in

469 2259 615 2363 signum
636 2259 772 2335 amoris
792 2273 829 2333 et
849 2256 937 2333 fidei
959 2286 1000 2332 ac
1019 2256 1179 2333 caritatis
1198 2255 1369 2333 fraterne.

524 2388 616 2462 Item
632 2386 822 2463 confessus
837 2385 1030 2491 estquod,
1048 2387 1147 2462 inter
1164 2385 1234 2462 alia
1250 2416 1324 2492 que
1343 2387 1415 2492 ipsi
1432 2387 1564 2464 fratres
1578 2387 1717 2492 recepti
1732 2390 1888 2492 promit-

468 2532 552 2590 tunt
570 2515 608 2591 in
625 2543 690 2592 sua
702 2515 938 2622 recepcione‚
960 2514 1183 2620 promittunt
1195 2544 1271 2594 non
1285 2517 1383 2593 exire
1402 2517 1526 2623 ipsum
1541 2517 1713 2595 ordinem
1732 2545 1803 2623 pro
1815 2546 1889 2595 ma·

463 2645 539 2750 jori
556 2645 630 2724 alio
648 2645 780 2723 ordine
795 2645 1017 2734 velminori,
1034 2645 1105 2722 nisi
1122 2646 1195 2723 hoc
1210 2644 1348 2723 faciant
1367 2648 1414 2723 de
1432 2645 1586 2723 licencia
1605 2647 1663 2724 sui
1683 2647 1888 2752 superioris

468 2776 534 2880 qui
555 2777 602 2852 ad
623 2775 695 2853 hoc
717 2775 850 2852 habeat
872 2791 1102 2880 potestatem.

525 2907 725 2985 Confessus
747 2923 802 2983 est
822 2906 936 2984 eciam
957 2936 996 2983 se
1013 2933 1089 2985 non
1108 2908 1241 2984 vidisse
1260 2908 1404 3013 aliquos
1422 2907 1553 2985 fratres
1569 2907 1655 2985 alibi
1676 2909 1792 3015 recipi
1813 2912 1885 2985 nisi

469 3037 620 3113 indicta
638 3038 752 3115 domo
773 3038 890 3114 Mansi
912 3038 997 3124 Dei,
1020 3038 1085 3115 ubi
1106 3038 1197 3114 vidit
1217 3056 1359 3144 septem
1378 3038 1435 3114 vel
1456 3057 1540 3116 octo
1557 3038 1687 3116 stanes
1705 3039 1820 3145 recipi
1838 3042 1886 3117 ad

469 3166 638 3242 ordinem
654 3166 922 3271 supradictum
944 3169 1008 3245 ubi
1025 3169 1102 3273 ipse
1119 3186 1157 3246 et
1170 3168 1255 3247 illos
1267 3196 1361 3274 quos
1380 3168 1495 3273 recipi
1509 3168 1602 3246 vidit
1611 3167 1765 3246 fuerunt
1781 3197 1886 3245 rece-

468 3296 522 3399 pti
538 3297 576 3370 in
597 3295 736 3401 capella
756 3297 925 3401 ejusdem
947 3299 1099 3388 domus,
1117 3300 1247 3377 clausis
1263 3299 1389 3405 januis
1405 3317 1442 3375 et
1456 3300 1632 3377 omnibus
1647 3299 1727 3375 aliis
1740 3301 1885 3405 ejectis,

470 3426 629 3530 exceptis
649 3426 822 3504 fratribus
843 3429 939 3504 dicte
963 3430 1096 3506 domus
1111 3430 1176 3537 qui
1197 3448 1286 3505 tunc
1302 3429 1455 3504 aderant
1468 3431 1506 3506 in
1522 3429 1656 3535 capella
1678 3428 1855 3534 predicta.

525 3555 581 3632 Ad
597 3556 796 3634 xl-lxxxrr
817 3559 990 3637 articulos
1010 3560 1202 3647 inclusive,
1225 3559 1422 3667 diligenter
1432 3578 1468 3636 et
1482 3561 1666 3667 sigillatim
1682 3561 1886 3666 interroga-

468 3706 542 3774 tus
564 3689 793 3792 respondens
813 3692 955 3795 negavit
975 3692 1074 3796 ipsos
1096 3690 1268 3768 articulos
1289 3708 1326 3766 et
1345 3692 1469 3767 omnia
1492 3708 1528 3766 et
1552 3690 1695 3795 singula
1715 3708 1884 3766 contenta

468 3820 505 3893 in
524 3819 591 3905 eis,
616 3837 768 3924 excepto
786 3822 890 3925 quod
909 3821 1098 3897 confessus
1115 3838 1169 3897 est
1189 3822 1294 3926 quod
1307 3820 1436 3896 fratres
1454 3821 1570 3924 ipsius
1583 3820 1723 3897 ordinis
1735 3837 1886 3925 portant

468 3948 625 4052 quilibet
646 3949 835 4056 cingulum
856 3952 930 4027 sive
951 3951 1144 4027 cordulam
1163 3979 1275 4055 super
1294 3951 1481 4027 camisiam
1502 3951 1693 4038 continue;
1715 3952 1782 4027 sed
1799 3981 1887 4027 cau-

467 4106 545 4153 sam
569 4108 681 4183 quare
705 4080 797 4156 dixit
820 4111 858 4158 se
888 4082 1048 4169 nescire;
1072 4099 1199 4157 tamen
1220 4082 1339 4157 credit
1358 4082 1461 4185 quod
1482 4110 1525 4158 ea
1550 4081 1697 4156 racione
1720 4081 1808 4185 quia
1833 4110 1885 4156 re·

467 4226 595 4314 ceptus
608 4210 655 4285 ad
667 4210 807 4287 dictum
821 4212 1160 4288 ordinemhahetur
1175 4228 1217 4288 ut
1232 4212 1347 4289 homo
1360 4229 1531 4288 mortuus
1543 4211 1669 4317 quoad
1683 4210 1883 4288 mundum.

520 4340 622 4416 Dixit
642 4343 757 4416 eciam
777 4342 983 4447 quodcum
1005 4342 1101 4417 dicta
1121 4342 1273 4418 cordula
1293 4369 1368 4417 non
1386 4342 1547 4446 tangitur
1566 4343 1685 4447 capud
1704 4368 1773 4416 nec
1791 4340 1886 4446 ydo-

465 4471 559 4561 lum3
586 4473 652 4548 sed
678 4502 848 4578 quoque,
871 4502 957 4548 cum
976 4474 1164 4578 rumpitur
1181 4490 1359 4550 vetustate
1378 4473 1434 4547 vel
1451 4474 1569 4561 aliter,
1585 4473 1769 4578 recipiunt
1780 4471 1885 4547 aliud

466 4602 655 4706 cingulum
675 4605 731 4681 vel
753 4604 960 4691 cordulam,
983 4605 1080 4681 sicut
1098 4603 1231 4709 placet,
1246 4605 1297 4680 de
1314 4604 1380 4697 filo
1400 4604 1498 4682 lineo
1518 4604 1576 4681 vel
1596 4605 1644 4680 de
1663 4603 1756 4680 lana.

522 4732 614 4806 ltem
627 4732 718 4810 dixit
730 4735 843 4838 quod,
857 4753 1102 4838 temporesue
1119 4737 1355 4840 recepcionis‚
1373 4736 1576 4839 precipitur
1589 4736 1642 4812 eis
1656 4752 1696 4812 ut
1712 4734 1806 4811 nulli
1820 4735 1882 4809 alii
