<?xml version="1.0" encoding="UTF-8"?>
<!DOCTYPE html PUBLIC "-//W3C//DTD XHTML 1.0 Transitional//EN"
    "http://www.w3.org/TR/xhtml1/DTD/xhtml1-transitional.dtd">
<html xmlns="http://www.w3.org/1999/xhtml" xml:lang="en" lang="en">
 <head>
  <title>
</title>
<meta http-equiv="Content-Type" content="text/html;charset=utf-8" />
  <meta name='ocr-system' content='tesseract 3.04.00' />
  <meta name='ocr-capabilities' content='ocr_page ocr_carea ocr_par ocr_line ocrx_word'/>
</head>
<body>
  <div class='ocr_page' id='page_1' title='image "./procsdestemplie01defegoog/procsdestemplie01defegoog_0526.png"; bbox 0 0 4268 5946; ppageno 0'>
   <div class='ocr_carea' id='block_1_1' title="bbox 448 404 1474 502">
    <p class='ocr_par' dir='ltr' id='par_1_1' title="bbox 448 404 1474 502">
     <span class='ocr_line' id='line_1_1' title="bbox 448 404 1474 502; baseline -0.009 0"><span class='ocrx_word' id='word_1_1' title='bbox 448 433 520 502; x_wconf 86' lang='lat'>500</span> <span class='ocrx_word' id='word_1_2' title='bbox 831 404 1025 499; x_wconf 80' lang='lat' dir='ltr'>nnocns</span> <span class='ocrx_word' id='word_1_3' title='bbox 1050 424 1146 496; x_wconf 86' lang='lat' dir='ltr'>nns</span> <span class='ocrx_word' id='word_1_4' title='bbox 1172 422 1474 495; x_wconf 80' lang='lat' dir='ltr'>rnurnrnns.</span> 
     </span>
    </p>
   </div>
   <div class='ocr_carea' id='block_1_2' title="bbox 444 561 1864 802">
    <p class='ocr_par' dir='ltr' id='par_1_2' title="bbox 444 561 1864 802">
     <span class='ocr_line' id='line_1_2' title="bbox 445 561 1864 674; baseline -0.003 -29"><span class='ocrx_word' id='word_1_5' title='bbox 445 585 593 674; x_wconf 88' lang='lat' dir='ltr'>rogatus</span> <span class='ocrx_word' id='word_1_6' title='bbox 620 565 827 671; x_wconf 82' lang='lat' dir='ltr'>diligenter,</span> <span class='ocrx_word' id='word_1_7' title='bbox 858 563 964 671; x_wconf 86' lang='lat' dir='ltr'>plura</span> <span class='ocrx_word' id='word_1_8' title='bbox 987 590 1063 642; x_wconf 90' lang='lat' dir='ltr'>non</span> <span class='ocrx_word' id='word_1_9' title='bbox 1085 562 1249 650; x_wconf 86' lang='lat' dir='ltr'>addidit.</span> <span class='ocrx_word' id='word_1_10' title='bbox 1275 562 1363 668; x_wconf 89' lang='lat' dir='ltr'>quia</span> <span class='ocrx_word' id='word_1_11' title='bbox 1386 591 1426 639; x_wconf 89' lang='lat' dir='ltr'>se</span> <span class='ocrx_word' id='word_1_12' title='bbox 1450 561 1594 641; x_wconf 90' lang='lat' dir='ltr'>nescire</span> <span class='ocrx_word' id='word_1_13' title='bbox 1617 588 1687 638; x_wconf 87' lang='lat' dir='ltr'>nec</span> <span class='ocrx_word' id='word_1_14' title='bbox 1711 563 1864 641; x_wconf 89' lang='lat' dir='ltr'>credere</span> 
     </span>
     <span class='ocr_line' id='line_1_3' title="bbox 444 697 670 802; baseline -0.018 -27"><span class='ocrx_word' id='word_1_15' title='bbox 444 697 550 802; x_wconf 91' lang='lat' dir='ltr'>plura</span> <span class='ocrx_word' id='word_1_16' title='bbox 570 697 670 801; x_wconf 80' lang='lat' dir='ltr'>dixit.</span> 
     </span>
    </p>
   </div>
   <div class='ocr_carea' id='block_1_3' title="bbox 442 955 1913 4840">
    <p class='ocr_par' dir='ltr' id='par_1_3' title="bbox 482 955 1297 1060">
     <span class='ocr_line' id='line_1_4' title="bbox 482 955 1297 1060; baseline -0.009 -24"><span class='ocrx_word' id='word_1_17' title='bbox 482 1010 486 1017; x_wconf 90' lang='lat'><em>-</em></span> <span class='ocrx_word' id='word_1_18' title='bbox 502 972 577 1035; x_wconf 80' lang='grc' dir='ltr'>νιιιο</span> <span class='ocrx_word' id='word_1_19' title='bbox 590 956 763 1034; x_wconf 82' lang='lat' dir='ltr'><strong>kalendas</strong></span> <span class='ocrx_word' id='word_1_20' title='bbox 779 955 955 1032; x_wconf 89' lang='lat' dir='ltr'>februarii</span> <span class='ocrx_word' id='word_1_21' title='bbox 972 982 1068 1032; x_wconf 89' lang='lat' dir='ltr'>anno</span> <span class='ocrx_word' id='word_1_22' title='bbox 1085 980 1161 1060; x_wconf 91' lang='lat' dir='ltr'>qno</span> <span class='ocrx_word' id='word_1_23' title='bbox 1176 982 1297 1058; x_wconf 87' lang='lat' dir='ltr'>supra.</span> 
     </span>
    </p>

    <p class='ocr_par' dir='ltr' id='par_1_4' title="bbox 444 1082 1913 3636">
     <span class='ocr_line' id='line_1_5' title="bbox 501 1082 1864 1189; baseline -0.001 -25"><span class='ocrx_word' id='word_1_24' title='bbox 501 1089 593 1164; x_wconf 88' lang='lat' dir='ltr'>XXI.</span> <span class='ocrx_word' id='word_1_25' title='bbox 624 1088 753 1163; x_wconf 88' lang='lat' dir='ltr'>Frater</span> <span class='ocrx_word' id='word_1_26' title='bbox 773 1086 965 1163; x_wconf 78' lang='lat' dir='ltr'>Ferrarius</span> <span class='ocrx_word' id='word_1_27' title='bbox 984 1085 1070 1161; x_wconf 89' lang='lat' dir='ltr'>Hoti</span> <span class='ocrx_word' id='word_1_28' title='bbox 1092 1082 1235 1163; x_wconf 88' lang='lat' dir='ltr'>ordinis</span> <span class='ocrx_word' id='word_1_29' title='bbox 1251 1084 1337 1159; x_wconf 91' lang='lat' dir='ltr'>dicti</span> <span class='ocrx_word' id='word_1_30' title='bbox 1354 1083 1503 1189; x_wconf 81' lang='lat' dir='ltr'><strong>Templi</strong></span> <span class='ocrx_word' id='word_1_31' title='bbox 1528 1102 1565 1161; x_wconf 91' lang='lat' dir='ltr'>et</span> <span class='ocrx_word' id='word_1_32' title='bbox 1592 1085 1731 1161; x_wconf 89' lang='lat' dir='ltr'>domus</span> <span class='ocrx_word' id='word_1_33' title='bbox 1747 1086 1864 1163; x_wconf 84' lang='lat' dir='ltr'>Mansi</span> 
     </span>
     <span class='ocr_line' id='line_1_6' title="bbox 445 1212 1866 1323; baseline -0.004 -26"><span class='ocrx_word' id='word_1_34' title='bbox 445 1218 532 1303; x_wconf 85' lang='lat' dir='ltr'>Dei,</span> <span class='ocrx_word' id='word_1_35' title='bbox 551 1216 656 1293; x_wconf 88' lang='lat' dir='ltr'>testis</span> <span class='ocrx_word' id='word_1_36' title='bbox 670 1217 817 1323; x_wconf 87' lang='lat' dir='ltr'>juratus</span> <span class='ocrx_word' id='word_1_37' title='bbox 834 1215 881 1291; x_wconf 89' lang='lat' dir='ltr'>ad</span> <span class='ocrx_word' id='word_1_38' title='bbox 902 1232 1023 1292; x_wconf 88' lang='lat' dir='ltr'>sancta</span> <span class='ocrx_word' id='word_1_39' title='bbox 1046 1214 1116 1290; x_wconf 90' lang='lat' dir='ltr'>Dei</span> <span class='ocrx_word' id='word_1_40' title='bbox 1145 1212 1339 1320; x_wconf 88' lang='lat' dir='ltr'>Evangelia</span> <span class='ocrx_word' id='word_1_41' title='bbox 1366 1240 1480 1318; x_wconf 90' lang='lat' dir='ltr'>super</span> <span class='ocrx_word' id='word_1_42' title='bbox 1502 1213 1678 1319; x_wconf 75' lang='lat' dir='ltr'>predictis</span> <span class='ocrx_word' id='word_1_43' title='bbox 1702 1214 1866 1292; x_wconf 71' lang='lat' dir='ltr'>articulis</span> 
     </span>
     <span class='ocr_line' id='line_1_7' title="bbox 447 1341 1862 1451; baseline -0.001 -27"><span class='ocrx_word' id='word_1_44' title='bbox 447 1364 632 1424; x_wconf 90' lang='lat' dir='ltr'>eteorum</span> <span class='ocrx_word' id='word_1_45' title='bbox 652 1343 823 1450; x_wconf 91' lang='lat' dir='ltr'>quolibet</span> <span class='ocrx_word' id='word_1_46' title='bbox 842 1345 913 1422; x_wconf 90' lang='lat' dir='ltr'>sibi</span> <span class='ocrx_word' id='word_1_47' title='bbox 934 1342 1107 1449; x_wconf 79' lang='lat' dir='ltr'>expositis</span> <span class='ocrx_word' id='word_1_48' title='bbox 1127 1344 1166 1423; x_wconf 92' lang='lat' dir='ltr'>in</span> <span class='ocrx_word' id='word_1_49' title='bbox 1183 1341 1340 1449; x_wconf 83' lang='lat' dir='ltr'>vulgari,</span> <span class='ocrx_word' id='word_1_50' title='bbox 1359 1359 1402 1421; x_wconf 94' lang='lat' dir='ltr'>ut</span> <span class='ocrx_word' id='word_1_51' title='bbox 1417 1343 1629 1450; x_wconf 85' lang='lat' dir='ltr'>principalis</span> <span class='ocrx_word' id='word_1_52' title='bbox 1647 1343 1696 1422; x_wconf 86' lang='lat' dir='ltr'>de</span> <span class='ocrx_word' id='word_1_53' title='bbox 1715 1372 1756 1421; x_wconf 88' lang='lat' dir='ltr'>se</span> <span class='ocrx_word' id='word_1_54' title='bbox 1768 1345 1862 1451; x_wconf 85' lang='lat' dir='ltr'>ipso,</span> 
     </span>
     <span class='ocr_line' id='line_1_8' title="bbox 446 1472 1866 1582; baseline -0.001 -30"><span class='ocrx_word' id='word_1_55' title='bbox 446 1495 483 1554; x_wconf 92' lang='lat' dir='ltr'>et</span> <span class='ocrx_word' id='word_1_56' title='bbox 503 1493 545 1553; x_wconf 91' lang='lat' dir='ltr'>ut</span> <span class='ocrx_word' id='word_1_57' title='bbox 565 1477 668 1553; x_wconf 90' lang='lat' dir='ltr'>testis</span> <span class='ocrx_word' id='word_1_58' title='bbox 689 1475 737 1551; x_wconf 94' lang='lat' dir='ltr'>de</span> <span class='ocrx_word' id='word_1_59' title='bbox 752 1475 849 1563; x_wconf 84' lang='lat' dir='ltr'>aliis,</span> <span class='ocrx_word' id='word_1_60' title='bbox 876 1474 1074 1582; x_wconf 83' lang='lat' dir='ltr'>diligenter</span> <span class='ocrx_word' id='word_1_61' title='bbox 1089 1492 1126 1550; x_wconf 92' lang='lat' dir='ltr'>et</span> <span class='ocrx_word' id='word_1_62' title='bbox 1143 1472 1328 1579; x_wconf 79' lang='lat' dir='ltr'>sigillatim</span> <span class='ocrx_word' id='word_1_63' title='bbox 1348 1473 1866 1580; x_wconf 62' lang='lat' dir='ltr'>interrogatus-respondens</span> 
     </span>
     <span class='ocr_line' id='line_1_9' title="bbox 446 1601 1866 1711; baseline -0.001 -29"><span class='ocrx_word' id='word_1_64' title='bbox 446 1607 492 1682; x_wconf 92' lang='lat' dir='ltr'>ad</span> <span class='ocrx_word' id='word_1_65' title='bbox 517 1606 699 1710; x_wconf 85' lang='lat' dir='ltr'>primum,</span> <span class='ocrx_word' id='word_1_66' title='bbox 727 1631 890 1681; x_wconf 80' lang='lat' dir='ltr'>rr—xxrx</span> <span class='ocrx_word' id='word_1_67' title='bbox 917 1602 1092 1697; x_wconf 80' lang='lat' dir='ltr'>articulos</span> <span class='ocrx_word' id='word_1_68' title='bbox 1117 1601 1313 1692; x_wconf 85' lang='lat' dir='ltr'>inclusive,</span> <span class='ocrx_word' id='word_1_69' title='bbox 1340 1603 1485 1710; x_wconf 86' lang='lat' dir='ltr'>negavit</span> <span class='ocrx_word' id='word_1_70' title='bbox 1507 1604 1806 1711; x_wconf 82' lang='lat' dir='ltr'>ipsosarticulos</span> <span class='ocrx_word' id='word_1_71' title='bbox 1828 1623 1866 1681; x_wconf 90' lang='lat' dir='ltr'>et</span> 
     </span>
     <span class='ocr_line' id='line_1_10' title="bbox 446 1732 1866 1840; baseline -0.001 -28"><span class='ocrx_word' id='word_1_72' title='bbox 446 1736 572 1812; x_wconf 89' lang='lat' dir='ltr'>omnia</span> <span class='ocrx_word' id='word_1_73' title='bbox 592 1754 630 1811; x_wconf 89' lang='lat' dir='ltr'>et</span> <span class='ocrx_word' id='word_1_74' title='bbox 648 1735 792 1840; x_wconf 87' lang='lat' dir='ltr'>singula</span> <span class='ocrx_word' id='word_1_75' title='bbox 808 1749 983 1813; x_wconf 90' lang='lat' dir='ltr'>contenta</span> <span class='ocrx_word' id='word_1_76' title='bbox 994 1734 1032 1809; x_wconf 93' lang='lat' dir='ltr'>in</span> <span class='ocrx_word' id='word_1_77' title='bbox 1046 1733 1116 1823; x_wconf 76' lang='lat' dir='ltr'>eis3</span> <span class='ocrx_word' id='word_1_78' title='bbox 1134 1732 1260 1809; x_wconf 90' lang='lat' dir='ltr'>dicens</span> <span class='ocrx_word' id='word_1_79' title='bbox 1280 1760 1319 1809; x_wconf 88' lang='lat' dir='ltr'>se</span> <span class='ocrx_word' id='word_1_80' title='bbox 1337 1733 1517 1811; x_wconf 86' lang='lat' dir='ltr'>necscire</span> <span class='ocrx_word' id='word_1_81' title='bbox 1531 1760 1602 1811; x_wconf 91' lang='lat' dir='ltr'>nec</span> <span class='ocrx_word' id='word_1_82' title='bbox 1618 1734 1769 1811; x_wconf 91' lang='lat' dir='ltr'>credere</span> <span class='ocrx_word' id='word_1_83' title='bbox 1784 1763 1866 1838; x_wconf 79' lang='lat' dir='ltr'>pre</span> 
     </span>
     <span class='ocr_line' id='line_1_11' title="bbox 447 1862 1865 1969; baseline 0 -27"><span class='ocrx_word' id='word_1_84' title='bbox 447 1866 543 1943; x_wconf 88' lang='lat' dir='ltr'>dicta</span> <span class='ocrx_word' id='word_1_85' title='bbox 563 1865 656 1942; x_wconf 88' lang='lat' dir='ltr'>facta</span> <span class='ocrx_word' id='word_1_86' title='bbox 675 1863 872 1943; x_wconf 86' lang='lat' dir='ltr'>fuissenec</span> <span class='ocrx_word' id='word_1_87' title='bbox 886 1862 1080 1948; x_wconf 86' lang='lat' dir='ltr'>commissa</span> <span class='ocrx_word' id='word_1_88' title='bbox 1095 1864 1134 1938; x_wconf 92' lang='lat' dir='ltr'>in</span> <span class='ocrx_word' id='word_1_89' title='bbox 1154 1864 1283 1940; x_wconf 90' lang='lat' dir='ltr'>ordine</span> <span class='ocrx_word' id='word_1_90' title='bbox 1299 1865 1509 1968; x_wconf 87' lang='lat' dir='ltr'>supradicto</span> <span class='ocrx_word' id='word_1_91' title='bbox 1528 1863 1575 1941; x_wconf 86' lang='lat' dir='ltr'>ab</span> <span class='ocrx_word' id='word_1_92' title='bbox 1589 1864 1713 1969; x_wconf 85' lang='lat' dir='ltr'>aliquo</span> <span class='ocrx_word' id='word_1_93' title='bbox 1730 1863 1865 1942; x_wconf 83' lang='lat' dir='ltr'>velali-</span> 
     </span>
     <span class='ocr_line' id='line_1_12' title="bbox 446 1992 1864 2102; baseline -0.001 -30"><span class='ocrx_word' id='word_1_94' title='bbox 446 1995 582 2102; x_wconf 89' lang='lat' dir='ltr'>quibus</span> <span class='ocrx_word' id='word_1_95' title='bbox 598 1995 740 2072; x_wconf 86' lang='lat' dir='ltr'>ordinis</span> <span class='ocrx_word' id='word_1_96' title='bbox 759 1993 945 2099; x_wconf 78' lang='lat' dir='ltr'>prelibati3</span> <span class='ocrx_word' id='word_1_97' title='bbox 966 2021 1052 2098; x_wconf 87' lang='lat' dir='ltr'>ymo</span> <span class='ocrx_word' id='word_1_98' title='bbox 1067 1993 1135 2069; x_wconf 90' lang='lat' dir='ltr'>scit</span> <span class='ocrx_word' id='word_1_99' title='bbox 1149 2009 1186 2068; x_wconf 92' lang='lat' dir='ltr'>et</span> <span class='ocrx_word' id='word_1_100' title='bbox 1199 1992 1319 2070; x_wconf 89' lang='lat' dir='ltr'>credit</span> <span class='ocrx_word' id='word_1_101' title='bbox 1333 1993 1439 2098; x_wconf 89' lang='lat' dir='ltr'>quod</span> <span class='ocrx_word' id='word_1_102' title='bbox 1457 2009 1580 2071; x_wconf 88' lang='lat' dir='ltr'>sancte</span> <span class='ocrx_word' id='word_1_103' title='bbox 1595 1994 1715 2072; x_wconf 89' lang='lat' dir='ltr'>crucis</span> <span class='ocrx_word' id='word_1_104' title='bbox 1726 1994 1864 2073; x_wconf 78' lang='lat' dir='ltr'>Christi</span> 
     </span>
     <span class='ocr_line' id='line_1_13' title="bbox 446 2121 1867 2229; baseline -0.001 -27"><span class='ocrx_word' id='word_1_105' title='bbox 446 2126 707 2204; x_wconf 82' lang='lat' dir='ltr'>adoracionem</span> <span class='ocrx_word' id='word_1_106' title='bbox 726 2124 775 2201; x_wconf 93' lang='lat' dir='ltr'>de</span> <span class='ocrx_word' id='word_1_107' title='bbox 794 2150 898 2199; x_wconf 90' lang='lat' dir='ltr'>more</span> <span class='ocrx_word' id='word_1_108' title='bbox 918 2123 1035 2228; x_wconf 87' lang='lat' dir='ltr'>ipsius</span> <span class='ocrx_word' id='word_1_109' title='bbox 1055 2121 1196 2199; x_wconf 91' lang='lat' dir='ltr'>ordinis</span> <span class='ocrx_word' id='word_1_110' title='bbox 1210 2121 1342 2201; x_wconf 87' lang='lat' dir='ltr'>fratres</span> <span class='ocrx_word' id='word_1_111' title='bbox 1354 2122 1436 2229; x_wconf 87' lang='lat' dir='ltr'>ejus</span> <span class='ocrx_word' id='word_1_112' title='bbox 1452 2124 1713 2207; x_wconf 85' lang='lat' dir='ltr'>annuatimter</span> <span class='ocrx_word' id='word_1_113' title='bbox 1723 2122 1867 2202; x_wconf 88' lang='lat' dir='ltr'>faciunt</span> 
     </span>
     <span class='ocr_line' id='line_1_14' title="bbox 447 2253 1913 2344; baseline 0 -11"><span class='ocrx_word' id='word_1_114' title='bbox 447 2274 483 2337; x_wconf 88' lang='lat' dir='ltr'>et</span> <span class='ocrx_word' id='word_1_115' title='bbox 507 2256 676 2344; x_wconf 79' lang='lat' dir='ltr'>adorant,</span> <span class='ocrx_word' id='word_1_116' title='bbox 703 2253 865 2339; x_wconf 85' lang='lat' dir='ltr'>dicendo</span> <span class='ocrx_word' id='word_1_117' title='bbox 887 2285 895 2329; x_wconf 80' lang='lat' dir='ltr'><strong><em>z</em></strong></span> <span class='ocrx_word' id='word_1_118' title='bbox 919 2253 1154 2331; x_wconf 77' lang='lat' dir='ltr'>«Adoramus</span> <span class='ocrx_word' id='word_1_119' title='bbox 1177 2270 1232 2342; x_wconf 85' lang='lat' dir='ltr'>te,</span> <span class='ocrx_word' id='word_1_120' title='bbox 1256 2254 1421 2343; x_wconf 84' lang='lat' dir='ltr'>Christe,</span> <span class='ocrx_word' id='word_1_121' title='bbox 1443 2271 1481 2332; x_wconf 96' lang='lat' dir='ltr'>et</span> <span class='ocrx_word' id='word_1_122' title='bbox 1502 2253 1763 2341; x_wconf 79' lang='lat' dir='ltr'>benedicimus</span> <span class='ocrx_word' id='word_1_123' title='bbox 1774 2255 1864 2343; x_wconf 85' lang='lat' dir='ltr'>tibi,</span> <span class='ocrx_word' id='word_1_124' title='bbox 1907 2260 1913 2269; x_wconf 85' lang='lat'>&#39;</span> 
     </span>
     <span class='ocr_line' id='line_1_15' title="bbox 445 2383 1866 2492; baseline 0.002 -31"><span class='ocrx_word' id='word_1_125' title='bbox 445 2387 532 2491; x_wconf 86' lang='lat' dir='ltr'>quia</span> <span class='ocrx_word' id='word_1_126' title='bbox 554 2413 623 2492; x_wconf 91' lang='lat' dir='ltr'>per</span> <span class='ocrx_word' id='word_1_127' title='bbox 639 2402 802 2461; x_wconf 89' lang='lat' dir='ltr'>sanctam</span> <span class='ocrx_word' id='word_1_128' title='bbox 821 2413 969 2461; x_wconf 91' lang='lat' dir='ltr'>crucem</span> <span class='ocrx_word' id='word_1_129' title='bbox 990 2401 1092 2460; x_wconf 86' lang='lat' dir='ltr'>tuam</span> <span class='ocrx_word' id='word_1_130' title='bbox 1112 2383 1304 2461; x_wconf 87' lang='lat' dir='ltr'>redemisti</span> <span class='ocrx_word' id='word_1_131' title='bbox 1325 2385 1523 2463; x_wconf 88' lang='lat' dir='ltr'>mundum.</span> <span class='ocrx_word' id='word_1_132' title='bbox 1540 2423 1553 2455; x_wconf 77' lang='grc' dir='ltr'>ι</span> <span class='ocrx_word' id='word_1_133' title='bbox 1573 2385 1780 2464; x_wconf 88' lang='lat' dir='ltr'>Predictam</span> <span class='ocrx_word' id='word_1_134' title='bbox 1799 2415 1866 2464; x_wconf 88' lang='lat' dir='ltr'>au-</span> 
     </span>
     <span class='ocr_line' id='line_1_16' title="bbox 445 2500 1866 2622; baseline 0.002 -31"><span class='ocrx_word' id='word_1_135' title='bbox 445 2535 522 2594; x_wconf 88' lang='lat' dir='ltr'>tem</span> <span class='ocrx_word' id='word_1_136' title='bbox 541 2514 801 2592; x_wconf 88' lang='lat' dir='ltr'>adoracionem</span> <span class='ocrx_word' id='word_1_137' title='bbox 822 2513 963 2590; x_wconf 84' lang='lat' dir='ltr'>faciunt</span> <span class='ocrx_word' id='word_1_138' title='bbox 979 2514 1017 2589; x_wconf 93' lang='lat' dir='ltr'>in</span> <span class='ocrx_word' id='word_1_139' title='bbox 1031 2512 1093 2589; x_wconf 90' lang='lat' dir='ltr'>die</span> <span class='ocrx_word' id='word_1_140' title='bbox 1109 2513 1264 2591; x_wconf 91' lang='lat' dir='ltr'>Veneris</span> <span class='ocrx_word' id='word_1_141' title='bbox 1284 2533 1422 2605; x_wconf 86' lang='lat' dir='ltr'>sancta,</span> <span class='ocrx_word' id='word_1_142' title='bbox 1439 2543 1515 2622; x_wconf 90' lang='lat' dir='ltr'>qua</span> <span class='ocrx_word' id='word_1_143' title='bbox 1528 2515 1717 2615; x_wconf 83' lang='lat' dir='ltr'>Dominus</span> <span class='ocrx_word' id='word_1_144' title='bbox 1730 2500 1866 2594; x_wconf 70' lang='lat' dir='ltr'>ihesus</span> 
     </span>
     <span class='ocr_line' id='line_1_17' title="bbox 445 2643 1867 2753; baseline -0.001 -29"><span class='ocrx_word' id='word_1_145' title='bbox 445 2646 515 2724; x_wconf 89' lang='lat' dir='ltr'>Dei</span> <span class='ocrx_word' id='word_1_146' title='bbox 535 2644 635 2723; x_wconf 84' lang='lat' dir='ltr'>filius</span> <span class='ocrx_word' id='word_1_147' title='bbox 654 2672 785 2749; x_wconf 87' lang='lat' dir='ltr'>passus</span> <span class='ocrx_word' id='word_1_148' title='bbox 798 2643 870 2727; x_wconf 87' lang='lat' dir='ltr'>fuit</span> <span class='ocrx_word' id='word_1_149' title='bbox 889 2660 1048 2721; x_wconf 90' lang='lat' dir='ltr'>mortem</span> <span class='ocrx_word' id='word_1_150' title='bbox 1068 2644 1107 2721; x_wconf 91' lang='lat' dir='ltr'>in</span> <span class='ocrx_word' id='word_1_151' title='bbox 1122 2643 1221 2723; x_wconf 90' lang='lat' dir='ltr'>dicta</span> <span class='ocrx_word' id='word_1_152' title='bbox 1234 2656 1432 2753; x_wconf 83' lang='lat' dir='ltr'>cruce⁴pro</span> <span class='ocrx_word' id='word_1_153' title='bbox 1451 2645 1560 2727; x_wconf 90' lang='lat' dir='ltr'>nobis</span> <span class='ocrx_word' id='word_1_154' title='bbox 1578 2648 1616 2722; x_wconf 75' lang='lat' dir='ltr'>a</span> <span class='ocrx_word' id='word_1_155' title='bbox 1628 2646 1765 2723; x_wconf 89' lang='lat' dir='ltr'>nostris</span> <span class='ocrx_word' id='word_1_156' title='bbox 1778 2674 1867 2752; x_wconf 73' lang='lat' dir='ltr'>pec</span> 
     </span>
     <span class='ocr_line' id='line_1_18' title="bbox 446 2773 1867 2880; baseline -0.001 -27"><span class='ocrx_word' id='word_1_157' title='bbox 446 2777 550 2862; x_wconf 85' lang='lat' dir='ltr'>catis,</span> <span class='ocrx_word' id='word_1_158' title='bbox 576 2803 652 2853; x_wconf 93' lang='lat' dir='ltr'>non</span> <span class='ocrx_word' id='word_1_159' title='bbox 670 2802 739 2879; x_wconf 91' lang='lat' dir='ltr'>pro</span> <span class='ocrx_word' id='word_1_160' title='bbox 760 2775 850 2862; x_wconf 64' lang='lat' dir='ltr'>suist·</span> <span class='ocrx_word' id='word_1_161' title='bbox 871 2774 960 2879; x_wconf 89' lang='lat' dir='ltr'>quia</span> <span class='ocrx_word' id='word_1_162' title='bbox 986 2773 1066 2880; x_wconf 90' lang='lat' dir='ltr'>ipse</span> <span class='ocrx_word' id='word_1_163' title='bbox 1096 2801 1282 2880; x_wconf 88' lang='lat' dir='ltr'>nusquam</span> <span class='ocrx_word' id='word_1_164' title='bbox 1305 2775 1483 2879; x_wconf 73' lang='lat' dir='ltr'>peccavit3</span> <span class='ocrx_word' id='word_1_165' title='bbox 1505 2794 1543 2852; x_wconf 91' lang='lat' dir='ltr'>et</span> <span class='ocrx_word' id='word_1_166' title='bbox 1569 2775 1714 2873; x_wconf 73' lang='lat' dir='ltr'>dictam</span> <span class='ocrx_word' id='word_1_167' title='bbox 1725 2774 1867 2853; x_wconf 88' lang='lat' dir='ltr'>faciunt</span> 
     </span>
     <span class='ocr_line' id='line_1_19' title="bbox 446 2902 1866 3017; baseline -0.002 -34"><span class='ocrx_word' id='word_1_168' title='bbox 446 2905 709 2984; x_wconf 88' lang='lat' dir='ltr'>adoracionem</span> <span class='ocrx_word' id='word_1_169' title='bbox 725 2905 838 2984; x_wconf 91' lang='lat' dir='ltr'>nudis</span> <span class='ocrx_word' id='word_1_170' title='bbox 857 2903 1033 3008; x_wconf 87' lang='lat' dir='ltr'>pedibus,</span> <span class='ocrx_word' id='word_1_171' title='bbox 1061 2902 1224 2981; x_wconf 85' lang='lat' dir='ltr'>cultellis</span> <span class='ocrx_word' id='word_1_172' title='bbox 1246 2921 1284 2981; x_wconf 93' lang='lat' dir='ltr'>et</span> <span class='ocrx_word' id='word_1_173' title='bbox 1303 2904 1394 2982; x_wconf 83' lang='lat' dir='ltr'>colis</span> <span class='ocrx_word' id='word_1_174' title='bbox 1413 2905 1542 3010; x_wconf 74' lang='lat' dir='ltr'>capitis</span> <span class='ocrx_word' id='word_1_175' title='bbox 1562 2904 1739 3017; x_wconf 80' lang='lat' dir='ltr'>dimissis,</span> <span class='ocrx_word' id='word_1_176' title='bbox 1759 2907 1866 3011; x_wconf 83' lang='lat' dir='ltr'>geni-</span> 
     </span>
     <span class='ocr_line' id='line_1_20' title="bbox 445 3033 1864 3141; baseline 0 -30"><span class='ocrx_word' id='word_1_177' title='bbox 445 3035 516 3111; x_wconf 89' lang='lat' dir='ltr'>bus</span> <span class='ocrx_word' id='word_1_178' title='bbox 536 3035 653 3124; x_wconf 79' lang='lat' dir='ltr'>flexis,</span> <span class='ocrx_word' id='word_1_179' title='bbox 677 3063 763 3111; x_wconf 92' lang='lat' dir='ltr'>cum</span> <span class='ocrx_word' id='word_1_180' title='bbox 787 3062 931 3111; x_wconf 90' lang='lat' dir='ltr'>summa</span> <span class='ocrx_word' id='word_1_181' title='bbox 951 3033 1148 3111; x_wconf 90' lang='lat' dir='ltr'>devotione</span> <span class='ocrx_word' id='word_1_182' title='bbox 1171 3033 1317 3111; x_wconf 91' lang='lat' dir='ltr'>meliori</span> <span class='ocrx_word' id='word_1_183' title='bbox 1342 3063 1416 3140; x_wconf 90' lang='lat' dir='ltr'>qua</span> <span class='ocrx_word' id='word_1_184' title='bbox 1440 3052 1604 3141; x_wconf 86' lang='lat' dir='ltr'>possunt.</span> <span class='ocrx_word' id='word_1_185' title='bbox 1631 3034 1864 3113; x_wconf 81' lang='lat' dir='ltr'>Sacramenta</span> 
     </span>
     <span class='ocr_line' id='line_1_21' title="bbox 444 3163 1866 3270; baseline 0.001 -32"><span class='ocrx_word' id='word_1_186' title='bbox 444 3190 532 3238; x_wconf 87' lang='lat' dir='ltr'>vero</span> <span class='ocrx_word' id='word_1_187' title='bbox 551 3163 713 3239; x_wconf 82' lang='lat' dir='ltr'>Ecclesia</span> <span class='ocrx_word' id='word_1_188' title='bbox 733 3163 803 3240; x_wconf 91' lang='lat' dir='ltr'>Dei</span> <span class='ocrx_word' id='word_1_189' title='bbox 823 3180 861 3238; x_wconf 91' lang='lat' dir='ltr'>et</span> <span class='ocrx_word' id='word_1_190' title='bbox 880 3164 1037 3239; x_wconf 91' lang='lat' dir='ltr'>credunt</span> <span class='ocrx_word' id='word_1_191' title='bbox 1057 3180 1095 3238; x_wconf 90' lang='lat' dir='ltr'>et</span> <span class='ocrx_word' id='word_1_192' title='bbox 1108 3164 1148 3238; x_wconf 93' lang='lat' dir='ltr'>in</span> <span class='ocrx_word' id='word_1_193' title='bbox 1167 3163 1243 3242; x_wconf 91' lang='lat' dir='ltr'>illis</span> <span class='ocrx_word' id='word_1_194' title='bbox 1256 3163 1538 3247; x_wconf 84' lang='lat' dir='ltr'>salutemsuam</span> <span class='ocrx_word' id='word_1_195' title='bbox 1558 3181 1595 3243; x_wconf 93' lang='lat' dir='ltr'>et</span> <span class='ocrx_word' id='word_1_196' title='bbox 1608 3192 1713 3270; x_wconf 83' lang='lat' dir='ltr'>spem</span> <span class='ocrx_word' id='word_1_197' title='bbox 1731 3164 1866 3241; x_wconf 84' lang='lat' dir='ltr'>saluta·</span> 
     </span>
     <span class='ocr_line' id='line_1_22' title="bbox 444 3290 1864 3381; baseline 0.004 -14"><span class='ocrx_word' id='word_1_198' title='bbox 444 3292 556 3368; x_wconf 91' lang='lat' dir='ltr'>tionis</span> <span class='ocrx_word' id='word_1_199' title='bbox 575 3318 642 3367; x_wconf 91' lang='lat' dir='ltr'>sue</span> <span class='ocrx_word' id='word_1_200' title='bbox 668 3319 747 3368; x_wconf 86' lang='lat' dir='ltr'>esse</span> <span class='ocrx_word' id='word_1_201' title='bbox 768 3290 930 3369; x_wconf 85' lang='lat' dir='ltr'>fatentur</span> <span class='ocrx_word' id='word_1_202' title='bbox 954 3308 993 3367; x_wconf 88' lang='lat' dir='ltr'>et</span> <span class='ocrx_word' id='word_1_203' title='bbox 1017 3290 1162 3381; x_wconf 71' lang='lat' dir='ltr'>dicunt,</span> <span class='ocrx_word' id='word_1_204' title='bbox 1191 3310 1228 3368; x_wconf 92' lang='lat' dir='ltr'>et</span> <span class='ocrx_word' id='word_1_205' title='bbox 1246 3310 1518 3372; x_wconf 88' lang='lat' dir='ltr'>sacramentum</span> <span class='ocrx_word' id='word_1_206' title='bbox 1541 3295 1616 3373; x_wconf 84' lang='lat' dir='ltr'>sire</span> <span class='ocrx_word' id='word_1_207' title='bbox 1641 3292 1864 3373; x_wconf 77' lang='lat' dir='ltr'>sacrificium</span> 
     </span>
     <span class='ocr_line' id='line_1_23' title="bbox 444 3417 1864 3530; baseline 0.002 -33"><span class='ocrx_word' id='word_1_208' title='bbox 444 3420 555 3498; x_wconf 91' lang='lat' dir='ltr'>misse</span> <span class='ocrx_word' id='word_1_209' title='bbox 575 3420 733 3498; x_wconf 89' lang='lat' dir='ltr'>credunt</span> <span class='ocrx_word' id='word_1_210' title='bbox 759 3448 804 3497; x_wconf 94' lang='lat' dir='ltr'>eo</span> <span class='ocrx_word' id='word_1_211' title='bbox 832 3448 937 3497; x_wconf 91' lang='lat' dir='ltr'>more</span> <span class='ocrx_word' id='word_1_212' title='bbox 958 3417 1041 3497; x_wconf 87' lang='lat' dir='ltr'>fieri</span> <span class='ocrx_word' id='word_1_213' title='bbox 1061 3421 1099 3497; x_wconf 94' lang='lat' dir='ltr'>in</span> <span class='ocrx_word' id='word_1_214' title='bbox 1119 3421 1222 3500; x_wconf 88' lang='lat' dir='ltr'>altari</span> <span class='ocrx_word' id='word_1_215' title='bbox 1249 3453 1315 3530; x_wconf 93' lang='lat' dir='ltr'>per</span> <span class='ocrx_word' id='word_1_216' title='bbox 1339 3425 1549 3503; x_wconf 89' lang='lat' dir='ltr'>sacerdotes</span> <span class='ocrx_word' id='word_1_217' title='bbox 1574 3425 1692 3530; x_wconf 89' lang='lat' dir='ltr'>ipsius</span> <span class='ocrx_word' id='word_1_218' title='bbox 1719 3425 1864 3502; x_wconf 88' lang='lat' dir='ltr'>ordinis</span> 
     </span>
     <span class='ocr_line' id='line_1_24' title="bbox 444 3553 1176 3636; baseline 0.003 -7"><span class='ocrx_word' id='word_1_219' title='bbox 444 3554 540 3632; x_wconf 86' lang='lat' dir='ltr'>sicut</span> <span class='ocrx_word' id='word_1_220' title='bbox 558 3570 679 3630; x_wconf 89' lang='lat' dir='ltr'>sancta</span> <span class='ocrx_word' id='word_1_221' title='bbox 694 3553 858 3636; x_wconf 86' lang='lat' dir='ltr'>Ecclesia</span> <span class='ocrx_word' id='word_1_222' title='bbox 879 3553 989 3631; x_wconf 92' lang='lat' dir='ltr'>docet</span> <span class='ocrx_word' id='word_1_223' title='bbox 1007 3569 1045 3630; x_wconf 93' lang='lat' dir='ltr'>et</span> <span class='ocrx_word' id='word_1_224' title='bbox 1062 3571 1176 3631; x_wconf 91' lang='lat' dir='ltr'>tenet.</span> 
     </span>
    </p>

    <p class='ocr_par' dir='ltr' id='par_1_5' title="bbox 443 3683 1864 4315">
     <span class='ocr_line' id='line_1_25' title="bbox 500 3683 1864 3795; baseline 0.001 -36"><span class='ocrx_word' id='word_1_225' title='bbox 500 3684 558 3760; x_wconf 82' lang='lat' dir='ltr'>Ad</span> <span class='ocrx_word' id='word_1_226' title='bbox 579 3706 813 3762; x_wconf 77' lang='lat' dir='ltr'>xxx-mm</span> <span class='ocrx_word' id='word_1_227' title='bbox 832 3684 1008 3765; x_wconf 78' lang='lat' dir='ltr'>articulos</span> <span class='ocrx_word' id='word_1_228' title='bbox 1027 3683 1221 3776; x_wconf 86' lang='lat' dir='ltr'>inclusive,</span> <span class='ocrx_word' id='word_1_229' title='bbox 1238 3686 1437 3793; x_wconf 84' lang='lat' dir='ltr'>diligenter</span> <span class='ocrx_word' id='word_1_230' title='bbox 1449 3706 1487 3765; x_wconf 93' lang='lat' dir='ltr'>et</span> <span class='ocrx_word' id='word_1_231' title='bbox 1498 3686 1688 3795; x_wconf 84' lang='lat' dir='ltr'>sigillatim</span> <span class='ocrx_word' id='word_1_232' title='bbox 1708 3687 1864 3764; x_wconf 84' lang='lat' dir='ltr'>interro-</span> 
     </span>
     <span class='ocr_line' id='line_1_26' title="bbox 443 3815 1864 3926; baseline 0.002 -36"><span class='ocrx_word' id='word_1_233' title='bbox 443 3832 564 3919; x_wconf 84' lang='lat' dir='ltr'>gatus,</span> <span class='ocrx_word' id='word_1_234' title='bbox 588 3815 680 3893; x_wconf 81' lang='lat' dir='ltr'>dixit</span> <span class='ocrx_word' id='word_1_235' title='bbox 693 3815 795 3922; x_wconf 89' lang='lat' dir='ltr'>quod</span> <span class='ocrx_word' id='word_1_236' title='bbox 816 3845 902 3892; x_wconf 91' lang='lat' dir='ltr'>cum</span> <span class='ocrx_word' id='word_1_237' title='bbox 916 3815 1071 3893; x_wconf 79' lang='lat' dir='ltr'>fratrum</span> <span class='ocrx_word' id='word_1_238' title='bbox 1089 3815 1314 3924; x_wconf 84' lang='lat' dir='ltr'>fitrecepcio</span> <span class='ocrx_word' id='word_1_239' title='bbox 1329 3818 1368 3894; x_wconf 95' lang='lat' dir='ltr'>in</span> <span class='ocrx_word' id='word_1_240' title='bbox 1387 3819 1522 3896; x_wconf 88' lang='lat' dir='ltr'>ordine</span> <span class='ocrx_word' id='word_1_241' title='bbox 1540 3817 1769 3926; x_wconf 81' lang='lat' dir='ltr'>supradicto,</span> <span class='ocrx_word' id='word_1_242' title='bbox 1785 3835 1864 3894; x_wconf 85' lang='lat' dir='ltr'>tarn</span> 
     </span>
     <span class='ocr_line' id='line_1_27' title="bbox 443 3945 1864 4054; baseline 0.002 -35"><span class='ocrx_word' id='word_1_243' title='bbox 443 3945 627 4049; x_wconf 89' lang='lat' dir='ltr'>recipiens</span> <span class='ocrx_word' id='word_1_244' title='bbox 644 3975 756 4054; x_wconf 89' lang='lat' dir='ltr'>quam</span> <span class='ocrx_word' id='word_1_245' title='bbox 776 3947 916 4053; x_wconf 89' lang='lat' dir='ltr'>recepti</span> <span class='ocrx_word' id='word_1_246' title='bbox 934 3975 1014 4025; x_wconf 91' lang='lat' dir='ltr'>sese</span> <span class='ocrx_word' id='word_1_247' title='bbox 1034 3966 1168 4026; x_wconf 91' lang='lat' dir='ltr'>mutuo</span> <span class='ocrx_word' id='word_1_248' title='bbox 1187 3949 1399 4026; x_wconf 87' lang='lat' dir='ltr'>osculantur</span> <span class='ocrx_word' id='word_1_249' title='bbox 1417 3949 1457 4024; x_wconf 94' lang='lat' dir='ltr'>in</span> <span class='ocrx_word' id='word_1_250' title='bbox 1477 3977 1543 4028; x_wconf 89' lang='lat' dir='ltr'>ore</span> <span class='ocrx_word' id='word_1_251' title='bbox 1560 3966 1725 4038; x_wconf 87' lang='lat' dir='ltr'>tantum,</span> <span class='ocrx_word' id='word_1_252' title='bbox 1745 3947 1786 4024; x_wconf 94' lang='lat' dir='ltr'>in</span> <span class='ocrx_word' id='word_1_253' title='bbox 1812 3948 1864 4023; x_wconf 89' lang='lat' dir='ltr'>si·</span> 
     </span>
     <span class='ocr_line' id='line_1_28' title="bbox 443 4073 1862 4184; baseline 0.004 -36"><span class='ocrx_word' id='word_1_254' title='bbox 443 4102 558 4181; x_wconf 88' lang='lat' dir='ltr'>gnum</span> <span class='ocrx_word' id='word_1_255' title='bbox 577 4073 736 4154; x_wconf 85' lang='lat' dir='ltr'>fraterne</span> <span class='ocrx_word' id='word_1_256' title='bbox 749 4076 961 4155; x_wconf 90' lang='lat' dir='ltr'>dilectionis</span> <span class='ocrx_word' id='word_1_257' title='bbox 974 4094 1014 4153; x_wconf 93' lang='lat' dir='ltr'>et</span> <span class='ocrx_word' id='word_1_258' title='bbox 1028 4078 1202 4155; x_wconf 83' lang='lat' dir='ltr'>caritatis.</span> <span class='ocrx_word' id='word_1_259' title='bbox 1217 4078 1371 4184; x_wconf 84' lang='lat' dir='ltr'>Reliqua</span> <span class='ocrx_word' id='word_1_260' title='bbox 1384 4095 1510 4156; x_wconf 89' lang='lat' dir='ltr'>autem</span> <span class='ocrx_word' id='word_1_261' title='bbox 1521 4081 1560 4155; x_wconf 92' lang='lat' dir='ltr'>in</span> <span class='ocrx_word' id='word_1_262' title='bbox 1573 4079 1682 4158; x_wconf 89' lang='lat' dir='ltr'>dictis</span> <span class='ocrx_word' id='word_1_263' title='bbox 1696 4077 1862 4156; x_wconf 85' lang='lat' dir='ltr'>articulis</span> 
     </span>
     <span class='ocr_line' id='line_1_29' title="bbox 443 4207 1485 4315; baseline 0.005 -33"><span class='ocrx_word' id='word_1_264' title='bbox 443 4221 618 4284; x_wconf 85' lang='lat' dir='ltr'>contenta</span> <span class='ocrx_word' id='word_1_265' title='bbox 632 4234 703 4285; x_wconf 90' lang='lat' dir='ltr'>nec</span> <span class='ocrx_word' id='word_1_266' title='bbox 721 4207 864 4315; x_wconf 87' lang='lat' dir='ltr'>aliquid</span> <span class='ocrx_word' id='word_1_267' title='bbox 884 4208 932 4286; x_wconf 91' lang='lat' dir='ltr'>de</span> <span class='ocrx_word' id='word_1_268' title='bbox 953 4209 1096 4287; x_wconf 91' lang='lat' dir='ltr'>eisdem</span> <span class='ocrx_word' id='word_1_269' title='bbox 1111 4208 1270 4287; x_wconf 89' lang='lat' dir='ltr'>credidit</span> <span class='ocrx_word' id='word_1_270' title='bbox 1290 4238 1369 4289; x_wconf 89' lang='lat' dir='ltr'>esse</span> <span class='ocrx_word' id='word_1_271' title='bbox 1389 4238 1485 4288; x_wconf 89' lang='lat' dir='ltr'>vera.</span> 
     </span>
    </p>

    <p class='ocr_par' dir='ltr' id='par_1_6' title="bbox 442 4334 1860 4840">
     <span class='ocr_line' id='line_1_30' title="bbox 465 4334 1859 4448; baseline 0.004 -36"><span class='ocrx_word' id='word_1_272' title='bbox 465 4418 472 4425; x_wconf 62' lang='grc'>,</span> <span class='ocrx_word' id='word_1_273' title='bbox 499 4334 558 4413; x_wconf 77' lang='lat' dir='ltr'>td</span> <span class='ocrx_word' id='word_1_274' title='bbox 572 4362 869 4418; x_wconf 73' lang='lat' dir='ltr'>utrm—xxxva</span> <span class='ocrx_word' id='word_1_275' title='bbox 887 4339 1063 4417; x_wconf 91' lang='lat' dir='ltr'>articulos</span> <span class='ocrx_word' id='word_1_276' title='bbox 1077 4339 1272 4429; x_wconf 88' lang='lat' dir='ltr'>inclusive,</span> <span class='ocrx_word' id='word_1_277' title='bbox 1284 4338 1481 4447; x_wconf 86' lang='lat' dir='ltr'>diligenter</span> <span class='ocrx_word' id='word_1_278' title='bbox 1494 4359 1532 4417; x_wconf 89' lang='lat' dir='ltr'>et</span> <span class='ocrx_word' id='word_1_279' title='bbox 1546 4340 1734 4448; x_wconf 83' lang='lat' dir='ltr'>sigillatim</span> <span class='ocrx_word' id='word_1_280' title='bbox 1746 4341 1859 4417; x_wconf 91' lang='lat' dir='ltr'>inter·</span> 
     </span>
     <span class='ocr_line' id='line_1_31' title="bbox 442 4466 1860 4578; baseline 0.004 -35"><span class='ocrx_word' id='word_1_281' title='bbox 442 4482 608 4573; x_wconf 85' lang='lat' dir='ltr'>rogatus,</span> <span class='ocrx_word' id='word_1_282' title='bbox 629 4466 859 4573; x_wconf 88' lang='lat' dir='ltr'>respondens</span> <span class='ocrx_word' id='word_1_283' title='bbox 880 4469 970 4545; x_wconf 83' lang='lat' dir='ltr'>dixit</span> <span class='ocrx_word' id='word_1_284' title='bbox 993 4497 1077 4545; x_wconf 88' lang='lat' dir='ltr'>vera</span> <span class='ocrx_word' id='word_1_285' title='bbox 1102 4497 1181 4547; x_wconf 91' lang='lat' dir='ltr'>esse</span> <span class='ocrx_word' id='word_1_286' title='bbox 1208 4485 1378 4546; x_wconf 87' lang='lat' dir='ltr'>contenta</span> <span class='ocrx_word' id='word_1_287' title='bbox 1398 4470 1436 4545; x_wconf 90' lang='lat' dir='ltr'>in</span> <span class='ocrx_word' id='word_1_288' title='bbox 1457 4469 1551 4561; x_wconf 79' lang='lat' dir='ltr'>illis;</span> <span class='ocrx_word' id='word_1_289' title='bbox 1570 4471 1738 4550; x_wconf 89' lang='lat' dir='ltr'>adiciens</span> <span class='ocrx_word' id='word_1_290' title='bbox 1753 4471 1860 4578; x_wconf 83' lang='lat' dir='ltr'>quod</span> 
     </span>
     <span class='ocr_line' id='line_1_32' title="bbox 443 4598 1860 4708; baseline 0.004 -37"><span class='ocrx_word' id='word_1_291' title='bbox 443 4609 577 4674; x_wconf 87' lang='lat' dir='ltr'>statuta</span> <span class='ocrx_word' id='word_1_292' title='bbox 601 4598 718 4704; x_wconf 90' lang='lat' dir='ltr'>ipsius</span> <span class='ocrx_word' id='word_1_293' title='bbox 743 4599 886 4678; x_wconf 90' lang='lat' dir='ltr'>ordinis</span> <span class='ocrx_word' id='word_1_294' title='bbox 913 4601 988 4678; x_wconf 90' lang='lat' dir='ltr'>hoc</span> <span class='ocrx_word' id='word_1_295' title='bbox 1007 4599 1149 4679; x_wconf 81' lang='lat' dir='ltr'>habent</span> <span class='ocrx_word' id='word_1_296' title='bbox 1166 4600 1206 4677; x_wconf 95' lang='lat' dir='ltr'>in</span> <span class='ocrx_word' id='word_1_297' title='bbox 1224 4626 1264 4677; x_wconf 90' lang='lat' dir='ltr'>se</span> <span class='ocrx_word' id='word_1_298' title='bbox 1288 4617 1331 4678; x_wconf 91' lang='lat' dir='ltr'>ut</span> <span class='ocrx_word' id='word_1_299' title='bbox 1349 4601 1488 4708; x_wconf 89' lang='lat' dir='ltr'>recepti</span> <span class='ocrx_word' id='word_1_300' title='bbox 1506 4600 1639 4681; x_wconf 84' lang='lat' dir='ltr'>fratres</span> <span class='ocrx_word' id='word_1_301' title='bbox 1662 4602 1710 4678; x_wconf 88' lang='lat' dir='ltr'>ad</span> <span class='ocrx_word' id='word_1_302' title='bbox 1735 4601 1860 4707; x_wconf 88' lang='lat' dir='ltr'>ipsum</span> 
     </span>
     <span class='ocr_line' id='line_1_33' title="bbox 443 4724 1858 4840; baseline 0.006 -41"><span class='ocrx_word' id='word_1_303' title='bbox 443 4724 614 4804; x_wconf 91' lang='lat' dir='ltr'>ordinem</span> <span class='ocrx_word' id='word_1_304' title='bbox 638 4731 854 4833; x_wconf 85' lang='lat' dir='ltr'>promittant</span> <span class='ocrx_word' id='word_1_305' title='bbox 878 4732 1071 4838; x_wconf 80' lang='lat' dir='ltr'>recipienti</span> <span class='ocrx_word' id='word_1_306' title='bbox 1093 4759 1142 4810; x_wconf 89' lang='lat' dir='ltr'>ne</span> <span class='ocrx_word' id='word_1_307' title='bbox 1159 4758 1229 4839; x_wconf 90' lang='lat' dir='ltr'>pro</span> <span class='ocrx_word' id='word_1_308' title='bbox 1246 4733 1377 4840; x_wconf 88' lang='lat' dir='ltr'>majori</span> <span class='ocrx_word' id='word_1_309' title='bbox 1399 4734 1458 4811; x_wconf 85' lang='lat' dir='ltr'>vel</span> <span class='ocrx_word' id='word_1_310' title='bbox 1475 4734 1611 4812; x_wconf 91' lang='lat' dir='ltr'>minori</span> <span class='ocrx_word' id='word_1_311' title='bbox 1631 4734 1705 4812; x_wconf 87' lang='lat' dir='ltr'>alio</span> <span class='ocrx_word' id='word_1_312' title='bbox 1724 4733 1858 4819; x_wconf 87' lang='lat' dir='ltr'>ordine</span> 
     </span>
    </p>
   </div>
   <div class='ocr_carea' id='block_1_4' title="bbox 0 0 2138 5942">
    <p class='ocr_par' dir='ltr' id='par_1_7' title="bbox 0 0 2138 5942">
     <span class='ocr_line' id='line_1_34' title="bbox 0 0 2138 5942; baseline 0 0"><span class='ocrx_word' id='word_1_313' title='bbox 0 0 2138 5942; x_wconf 95' lang='lat' dir='ltr'> </span> 
     </span>
    </p>
   </div>
  </div>
 </body>
</html>
