4230 5956
472 493 541 560 us
855 466 1048 561 raocts
1075 481 1170 558 uus
1196 481 1499 558 raurtraas

464 631 639 707 Ecclesie.
662 630 715 705 Ex
734 646 908 736 precepto
925 628 1162 734 superiorum
1179 622 1511 702 vidit‘elemosinas
1528 640 1567 701 et
1588 620 1879 729 hospitalitatem

467 761 733 836 convenienter
751 757 834 834 lieri
855 775 893 834 et
911 758 1046 834 servari
1076 757 1114 831 in
1145 755 1323 832 domibus
1348 755 1492 833 ordinis
1517 752 1716 863 inquibus
1742 754 1882 831 exstitit
1965 833 1968 839 Ι

469 906 736 976 commoratus,
761 904 798 963 et
813 887 954 963 audivit
968 885 1136 963 deffendi
1150 912 1197 961 ne
1213 885 1382 962 indebite
1397 883 1635 991 acquirerent
1648 883 1785 961 ordini.
1805 885 1886 962 Sta-

468 1038 595 1097 tutum
615 1019 794 1094 lactuma
821 1017 996 1124 Magistro
1020 1043 1068 1092 ne
1097 1032 1268 1092 uteretur
1300 1014 1410 1091 certis
1431 1012 1578 1089 cibariis
1606 1012 1646 1087 in
1671 1029 1772 1089 sexta
1793 1013 1884 1091 feria

468 1150 623 1228 servavit
641 1149 751 1234 ordo,
773 1164 902 1226 contra
921 1175 1035 1254 quem
1055 1174 1158 1223 nunc
1176 1144 1330 1252 grandia
1354 1143 1545 1232 scandala,
1567 1142 1732 1249 suspicio
1762 1161 1800 1220 et
1827 1145 1883 1220 in-

470 1279 582 1354 lamia
600 1294 688 1354 sunt
708 1293 849 1363 exorta,
871 1294 908 1353 et
937 1292 1065 1353 contra
1094 1303 1209 1381 quem
1239 1274 1362 1351 dictus
1390 1273 1566 1382 Magister
1591 1271 1717 1378 aliqua
1749 1273 1886 1350 dicitur

470 1407 584 1484 luisse
600 1405 808 1496 confessus3
831 1406 880 1482 ad
894 1406 1002 1512 cujus
1019 1404 1162 1482 ordinis
1178 1403 1438 1481 defensionem
1459 1430 1498 1480 se
1514 1400 1715 1479 obtulerat.

469 1535 471 1539 ’
527 1534 742 1642 Requisitus
755 1535 786 1611 si
799 1535 852 1611 sic
865 1534 1089 1640 deposuerat
1097 1549 1411 1638 prece,precepto
1422 1592 1431 1619 ,
1443 1532 1600 1618 timore,
1618 1558 1760 1617 amore,
1776 1533 1884 1621 odio,

469 1667 525 1742 vel
541 1664 738 1770 temporali
758 1665 918 1741 comodo
933 1663 1063 1740 habito
1075 1662 1134 1740 vel
1152 1661 1343 1752 habendo,
1365 1661 1562 1767 respondit
1578 1661 1684 1767 quod
1703 1687 1797 1747 non,
1819 1661 1887 1738 sed

469 1822 538 1900 pro
557 1794 709 1871 veritate
730 1793 904 1881 dicenda;
926 1793 985 1870 cui
1007 1791 1078 1868 fuit
1106 1792 1316 1898 injunctum
1347 1791 1452 1896 quod
1483 1814 1561 1868 non
1584 1789 1766 1869 revelaret
1791 1790 1886 1869 banc

470 1953 576 2000 suam
596 1923 890 2031 deposicionem‚
906 1949 1103 2028 quousque
1124 1919 1382 1999 attestaciones
1399 1918 1539 1996 fuerint
1558 1919 1758 2025 publicate.

527 2187 654 2261 Frater
668 2185 824 2291 Egidius
838 2185 886 2262 de
906 2188 1113 2263 Lovcncort
1126 2185 1306 2270 serviens,
1318 2183 1577 2262 Ambianensis
1593 2183 1764 2271 diocesis,
1784 2183 1887 2260 testis

471 2340 583 2416 supra
606 2313 776 2418 juratus,
816 2339 858 2390 tv
891 2329 1076 2389 annorum
1114 2312 1171 2389 vel
1200 2313 1313 2400 circa,
1349 2313 1415 2418 qui
1450 2311 1673 2389 mantellum
1706 2328 1885 2388 vetustate

471 2459 737 2546 consumptum
755 2441 968 2532 dimiserat,
990 2442 1233 2547 postmodum
1249 2441 1328 2517 radi
1347 2441 1485 2519 lecerat
1504 2440 1575 2519 sibi
1594 2440 1765 2528 barbam,
1788 2456 1825 2517 et
1845 2443 1885 2516 in

469 2567 627 2648 consilio
646 2573 820 2649 Remensi
836 2570 1031 2649 absolutus
1049 2589 1087 2647 et
1105 2571 1365 2649 reconciliatus
1383 2570 1506 2649 luerat
1523 2599 1593 2678 per
1609 2570 1806 2649 dominum
1827 2597 1886 2646 ar-

470 2700 749 2809 chiepiscopum
777 2705 1001 2779 Remenscm
1029 2701 1096 2808 qui
1128 2700 1369 2808 inquisiverat
1400 2730 1487 2778 cum
1514 2702 1663 2779 eodem.
1696 2699 1816 2777 Lectis
1851 2717 1888 2775 et

469 2830 672 2938 diligenter
692 2831 868 2937 expositis
888 2831 959 2909 sibi
980 2830 1158 2909 omnibus
1179 2847 1216 2908 et
1242 2829 1398 2940 singulis
1421 2829 1604 2921 articulis,
1626 2829 1783 2935 repetita
1803 2857 1889 2934 pro-

469 2962 673 3038 testacione
691 2961 874 3064 predicta,
892 2961 1089 3067 respondit
1108 2988 1147 3038 se
1168 2960 1329 3051 nescire,
1346 2989 1417 3037 nec
1428 2960 1601 3051 credere,
1617 2988 1688 3038 nec
1702 2958 1887 3036 audivisse

470 3089 567 3163 adici
587 3090 635 3164 de
653 3089 838 3167 contentis
863 3091 973 3167 ineis
993 3089 1066 3168 nisi
1084 3090 1188 3196 quod
1207 3091 1388 3197 sequitur.
1410 3088 1513 3167 Dixit
1533 3117 1671 3196 nempe
1690 3088 1886 3196 quodipse

470 3233 507 3291 et
527 3215 640 3294 frater
658 3217 876 3323 Amulphus
895 3218 1074 3307 serviens,
1095 3218 1201 3325 cujus
1220 3246 1429 3326 cognomen
1452 3234 1490 3295 et
1507 3219 1666 3325 patriam
1685 3219 1831 3326 ignorat
1851 3235 1888 3292 et

470 3374 517 3421 an
527 3347 636 3432 vivat,
658 3345 812 3423 luerunt
824 3348 937 3425 simul
953 3347 1108 3452 recepti,
1126 3348 1164 3425 in
1182 3348 1384 3425 crastinum
1400 3349 1569 3427 instantis
1588 3349 1671 3427 festi
1691 3348 1888 3425 nativitatis

469 3475 649 3552 Johannis
660 3477 822 3582 Baptiste
835 3496 948 3555 erunt
961 3506 984 3555 x
996 3478 1102 3569 anui,
1119 3480 1158 3553 in
1172 3479 1311 3586 capella
1325 3479 1462 3557 domus
1476 3478 1625 3585 Templi
1642 3482 1690 3556 de
1706 3480 1887 3556 Mormon-

470 3607 528 3681 cio
553 3605 797 3711 Lingonensis
826 3607 1005 3696 diocesis,
1034 3635 1102 3714 per
1128 3608 1278 3685 fratrem
1307 3609 1556 3686 Laurencium
1572 3608 1627 3686 ¹de
1652 3609 1766 3686 Belna
1798 3625 1887 3682 tuuc

469 3752 728 3842 preceptorem
752 3736 850 3813 dicte
882 3738 1039 3826 domus,
1068 3737 1305 3843 presentibus
1333 3737 1509 3815 iratribus
1536 3737 1713 3816 Gnidone
1733 3736 1770 3812 lo
1792 3738 1888 3813 Mas-

469 3892 510 3941 so
526 3882 563 3939 et
570 3865 749 3943 Durando
764 3864 871 3972 cujus
887 3893 1095 3974 cognomen
1114 3865 1259 3974 ignorat
1280 3882 1318 3941 et
1336 3893 1383 3941 an
1403 3866 1479 3944 sint
1493 3866 1580 3958 vivi,
1597 3883 1636 3941 et
1659 3864 1885 3971 quibusdam

466 3994 550 4070 aliis
573 3995 619 4071 de
643 3995 783 4101 quibus
812 4023 889 4071 nou
916 3994 1064 4086 recolit,
1088 3995 1126 4070 in
1151 3996 1252 4072 hunc
1279 3995 1469 4072 modum:
1494 4023 1580 4071 nam
1606 4021 1691 4069 cum
1713 3993 1888 4097 peciisset

468 4128 602 4224 panem
624 4141 662 4200 et
681 4153 815 4231 aquam
836 4142 874 4201 et
893 4126 1106 4202 societatem
1132 4123 1275 4201 ordinis
1299 4141 1335 4202 et
1362 4127 1416 4206 eis
1441 4124 1694 4213 concessisset,
1716 4122 1804 4199 lecit
1823 4150 1887 4199 eos

469 4278 601 4330 vovere
617 4271 654 4330 et
663 4256 790 4361 jurare
811 4257 1032 4350 castitatem,
1052 4256 1332 4345 obedienciam,
1352 4257 1474 4333 vivere
1489 4257 1569 4334 sine
1588 4258 1741 4362 proprio
1757 4273 1795 4332 et
1814 4282 1888 4332 ser-

468 4410 552 4458 vare
565 4381 686 4461 bonos
702 4413 792 4462 usus
802 4402 839 4461 et
853 4386 970 4464 bonas
980 4388 1271 4465 consuetudines
1280 4387 1439 4477 ordinis3
1457 4403 1495 4463 et
1505 4387 1690 4492 impositis
1709 4386 1763 4463 eis
1783 4414 1887 4463 man·

468 4511 584 4601 tellis,
604 4513 758 4591 luerunt
777 4541 842 4591 eos
862 4542 992 4591 omues
1013 4516 1169 4592 osculati
1197 4518 1236 4592 in
1266 4545 1353 4594 ore:
1385 4533 1423 4593 et
1447 4517 1637 4594 instructis
1656 4532 1751 4621 quot
1777 4515 1890 4589 Pater

470 4646 583 4717 noster
601 4642 768 4719 dicerent
787 4671 855 4750 pro
876 4644 978 4720 horis
997 4643 1091 4732 suis,
1117 4662 1156 4720 et
1174 4647 1335 4752 qualiter
1353 4675 1392 4723 se
1410 4647 1450 4722 in
1471 4644 1604 4723 ordine
1622 4658 1814 4750 regerent,
1830 4671 1888 4717 re-

468 4788 671 4847 cesserunt.
699 4771 840 4878 Elapsis
856 4799 944 4849 vero
961 4800 1023 4849 sex
1042 4773 1099 4849 vel
1120 4791 1263 4885 septem
1283 4774 1434 4866 diebus,
1457 4773 1579 4850 dictus
1598 4787 1769 4876 receptor
1783 4799 1887 4847 voca-
