4230 5956
812 40 835 99 r
873 108 877 113 .

732 156 753 225 ι
842 126 891 209 ¹*-

1923 210 1945 269 ¹,

1754 260 1896 401 da:

1865 418 1882 445 J
1953 446 1980 497 ὅ,
2072 402 2112 521 *⁸

1851 558 1870 593 Α.
2063 558 2092 579 ,.

637 463 833 555 ruccas
859 483 956 558 nus
983 430 1285 557 Tareninus,
1589 396 1673 561 'ii

247 623 483 730 tempestive,
501 640 656 728 propter
670 624 827 731 negocia
845 624 1100 716 occurrencia,
1118 641 1156 702 et
1170 624 1289 704 credit
1303 624 1409 732 quod
1425 625 1595 731 ordinata
1607 657 1677 734 per

247 753 468 863 Magistrum
480 783 570 840 cum
580 772 768 832 conventu
777 754 938 833 fuissent
947 772 1089 834 servata
1099 755 1137 833 in
1152 772 1233 834 toto
1250 755 1401 848 ordine,
1423 771 1553 841 ronna,
1560 786 1676 863 quem

247 914 349 963 nunc
372 885 527 992 grandia
549 886 744 977 scandala,
773 887 934 994 suspicio
963 906 1001 968 et
1026 886 1177 965 infamia
1205 903 1304 969 sunt.
1318 903 1459 979 exorta,
1475 903 1524 969 ‚et
1548 905 1677 971 contra

247 1046 363 1124 quem
380 1017 523 1094 audivit
538 1012 612 1095 dici
628 1048 807 1128 magnum
819 1020 1040 1128 Magistrum
1056 1038 1093 1098 et
1106 1019 1200 1099 alios
1213 1019 1673 1126 aliqua-fuisseconfessos.

304 1149 522 1254 Requisitus
553 1150 585 1226 si
615 1149 669 1226 sic
696 1152 922 1256 deposuerat
951 1180 1083 1258 prece,
1112 1147 1307 1258 precepto,
1337 1151 1494 1241 timore,
1523 1180 1671 1242 amore,

113 1352 118 1361 .
249 1280 353 1370 odio,
369 1278 427 1357 vel
440 1281 604 1360 comodo
614 1281 817 1388 temporali
830 1282 960 1360 habito
972 1283 1033 1362 vel
1045 1282 1239 1373 habendo,
1253 1283 1450 1389 respondit
1460 1283 1672 1390 quodnoa,

167 1508 170 1512 .
248 1412 316 1488 sed
343 1441 411 1518 pro
440 1412 609 1522 veritate·
627 1412 809 1505 dicenda3
840 1413 900 1490 cui
928 1412 1000 1491 fuit
1026 1414 1240 1521 injunctum
1266 1414 1371 1521 quod
1396 1443 1473 1492 non
1492 1413 1675 1495 revelaret

248 1543 345 1633 hanc
364 1571 472 1621 suam
492 1542 776 1649 deposicionem
797 1573 996 1652 quousque
1017 1545 1279 1627 attestaciones
1299 1544 1442 1625 fuerint
1459 1545 1671 1652 publicate;
1783 1591 1790 1603 ·

249 1672 473 1752 deffensioni
495 1674 638 1752 ordinis
659 1704 697 1753 se
719 1704 797 1754 non
817 1676 1031 1754 obtulerat*
1170 1714 1173 1718 ·
1617 1706 1668 1760 ,ιι

304 1803 393 1882 Acta
426 1803 582 1883 fuerunt
610 1805 682 1882 bec
719 1806 780 1883 die
810 1823 849 1883 et
877 1805 962 1885 loco
988 1807 1189 1913 predictis,
1224 1806 1465 1917 presentibus
1496 1808 1673 1915 magistro

247 1933 407 2023 Amisio,
438 1964 499 2014 me
525 1935 783 2015 Floriamonte
807 1935 1031 2025 Dondedei,
1057 1937 1250 2045 Bernardo
1277 1917 1439 2026 Filholi,
1466 1936 1673 2019 Guillelmo

42 2060 53 2071 ’
146 2116 149 2122 ·
248 2065 456 2172 bertulphi,
476 2064 897 2146 BeruardosHumbaldi
917 2084 957 2144 et
974 2069 1083 2175 Hugo
1103 2066 1244 2145 Nicolai
1264 2067 1419 2146 notariis
1437 2068 1643 2149 antedictis.
1661 2122 1666 2133 -=

305 2331 513 2423 Posthac,
543 2330 605 2406 dic
635 2330 763 2408 Sabati
793 2332 984 2437 sequenti,
1017 2360 1091 2438 que
1117 2331 1189 2409 fuit
1216 2357 1281 2409 xnr
1306 2330 1396 2414 dicti
1412 2331 1556 2436 ¹mensis
1578 2332 1675 2411 Mar·

249 2460 313 2548 cii,
343 2459 416 2538 suit
442 2459 628 2538 adductus
658 2460 707 2537 ad
734 2457 966 2568 presenciam
992 2462 1191 2541 dictorum·
1210 2462 1454 2540 dominorum
1478 2454 1675 2545 Mimatene

248 2591 298 2669 sis
319 2606 357 2667 et
381 2591 659 2670 Lemovicensis
679 2592 970 2700 episcoporum,
989 2611 1028 2681 at
1047 2593 1301 2672 archidiaconi
1331 2592 1563 2693 Tridentini,
1592 2594 1674 2683 aliis

249 2723 448 2813 excusatis,
478 2722 517 2800 in
548 2722 664 2801 domo
695 2725 864 2830 predicta
896 2724 1057 2802 fratrum
1091 2725 1317 2812 Minorum,
1339 2722 1467 2802 frater,
1488 2722 1674 2807 bobertus

247 2853 284 2932 le
311 2852 462 2937 Verrier
491 2855 655 2933 serviens
685 2856 1000 2962 Rothomagensis
1031 2856 1207 2946 diocesis,
1236 2855 1343 2933 testis
1372 2883 1486 2959 supra
1507 2854 1672 2960 juratus,

248 3002 291 3074 ut
311 2985 520 3091 deponeret
534 2985 676 3062 dictum
698 3015 828 3075 suum,
851 3015 928 3064 non
949 2986 1138 3065 defferens
1157 2985 1381 3066 mantellum
1403 2984 1563 3073 ordinis,
1585 2985 1674 3091 quia

248 3144 359 3194 suasu
389 3115 604 3222 aliquorum
637 3117 759 3223 ipsum
796 3117 990 3196 dimiserat
1029 3119 1068 3194 in
1101 3116 1262 3197 concilio
1290 3117 1478 3195 Remensi.
1505 3117 1675 3195 Postmo-
1715 3218 1722 3230 ο

249 3247 342 3324 dum
366 3245 447 3323 radi
475 3245 613 3325 lecerat
639 3248 709 3325 sibi
736 3249 908 3339 barbam,
939 3277 1047 3329 rrxu
1072 3277 1258 3328 annorum
1284 3248 1344 3326 vel
1373 3249 1483 3338 circen
1509 3247 1575 3354 qui
1601 3247 1675 3331 fuit

248 3396 475 3485 protestatus
509 3381 615 3487 quod
637 3409 725 3458 non
752 3381 917 3462 intendit
946 3382 1124 3461 recedere
1156 3410 1177 3457 a
1208 3379 1450 3493 deppsicione
1482 3407 1551 3486 per
1584 3408 1673 3458 eum
1702 3477 1704 3480 Ι

246 3510 341 3589 sacta
361 3540 486 3590 coram
508 3511 609 3589 dicto
631 3513 787 3590 domino
808 3512 1052 3591 Ambiancnsi
1073 3512 1336 3621 episcopo‘qui
1356 3529 1545 3599 nuncest,
1559 3540 1581 3588 a
1596 3539 1673 3617 quo

247 3642 443 3721 absolutus
463 3661 501 3721 et
518 3645 784 3725 reconciliatus
805 3645 1006 3725 exstiterat.
1025 3645 1147 3725 Lectis
1159 3661 1286 3722 autem
1300 3660 1338 3722 et
1354 3642 1555 3750 diligenter
1570 3671 1675 3749 expo

247 3775 328 3851 sitis
358 3775 426 3852 sibi
459 3776 637 3861 omnibus
667 3794 704 3854 et
734 3776 892 3886 singulis
921 3775 1105 3866 articulis,
1133 3758 1332 3883 respondit
1351 3776 1458 3883 quod
1478 3802 1672 3880 nunquam
1763 3862 1776 3883 ι

246 3905 388 3985 viderat
408 3908 574 4014 aliquem
596 3907 713 3987 alium
732 3909 848 4015 recipi
869 3909 909 3985 in
929 3909 1080 4010 ordine,
1101 3936 1171 3986 nec
1187 3907 1408 4012 interfuerat
1425 3933 1559 3983 eorum
1572 3903 1674 4009 capi·

245 4038 337 4115 tulis
363 4039 604 4145 generalibus
628 4070 697 4118 nec
726 4041 877 4149 aliis·in
907 4037 1047 4149 quibus
1078 4039 1204 4145 aliqua
1233 4055 1375 4116 secreta
1400 4050 1669 4125 *tractarentur3

246 4169 349 4271 unde
378 4169 585 4258 nesciebat,
618 4200 688 4247 nec
715 4170 908 4248 audiverat
939 4169 1033 4256 diei,
1065 4196 1135 4243 nec
1162 4164 1343 4243 credebat
1358 4165 1613 4249 decontentis
1631 4165 1672 4242 in

247 4296 336 4402 ipsis
363 4297 530 4374 articulis
554 4299 626 4375 nisi
650 4301 756 4405 quod
784 4294 965 4405 sequitur.
993 4297 1096 4374 Dixit
1121 4325 1257 4404 nempe
1277 4325 1317 4374 se
1337 4296 1451 4377 fuisse
1476 4314 1671 4405 receptum

247 4430 285 4504 in
317 4426 472 4534 capella
490 4426 626 4511 domus
655 4427 805 4534 Templi
836 4427 884 4505 de
914 4426 1088 4515 Belraco,
1108 4455 1185 4536 ‚per
1214 4426 1368 4505 fratrem
1392 4427 1672 4509 Rohenumde

247 4576 373 4636 sancto
402 4556 640 4660 Pantaleone
659 4576 920 4666 preceptorem
952 4558 1051 4636 dicte
1084 4558 1222 4639 domus
1247 4575 1285 4636 et
1307 4557 1473 4637 baillivie
1502 4558 1549 4636 de
1574 4557 1672 4637 Pon-

246 4691 337 4780 tivo‚
362 4692 459 4769 circa
478 4691 621 4771 instans
636 4691 775 4771 festum
789 4690 1050 4798 apostolorum
1064 4692 1165 4771 Petri
1182 4709 1221 4769 at
1233 4691 1340 4769 Pauli
1356 4710 1470 4769 erunt
1485 4707 1569 4771 octo
1583 4692 1672 4769 anni

248 4821 305 4896 vel
326 4824 435 4914 circa,
458 4823 699 4929 presentibus
719 4823 896 4902 fratribus
915 4823 1070 4903 Alberto
1087 4823 1317 4930 presbitero,
1335 4841 1463 4902 curato
1481 4822 1529 4911 de
1544 4823 1672 4902 Somo-

333 4958 439 5021 rnocis
462 4980 514 5022 ras
536 4975 704 5024 reuertens.
720 4983 804 5023 -u
1522 4961 1540 5022 6
