<?xml version="1.0" encoding="UTF-8"?>
<!DOCTYPE html PUBLIC "-//W3C//DTD XHTML 1.0 Transitional//EN"
    "http://www.w3.org/TR/xhtml1/DTD/xhtml1-transitional.dtd">
<html xmlns="http://www.w3.org/1999/xhtml" xml:lang="en" lang="en">
 <head>
  <title>
</title>
<meta http-equiv="Content-Type" content="text/html;charset=utf-8" />
  <meta name='ocr-system' content='tesseract 3.04.00' />
  <meta name='ocr-capabilities' content='ocr_page ocr_carea ocr_par ocr_line ocrx_word'/>
</head>
<body>
  <div class='ocr_page' id='page_1' title='image "./procsdestemplie01defegoog/procsdestemplie01defegoog_0145.png"; bbox 0 0 4230 5956; ppageno 0'>
   <div class='ocr_carea' id='block_1_1' title="bbox 620 461 1649 555">
    <p class='ocr_par' dir='ltr' id='par_1_1' title="bbox 620 461 1649 555">
     <span class='ocr_line' id='line_1_1' title="bbox 620 461 1649 555; baseline 0.004 -4"><span class='ocrx_word' id='word_1_1' title='bbox 620 461 814 553; x_wconf 74' lang='lat' dir='ltr'><strong>esoces</strong></span> <span class='ocrx_word' id='word_1_2' title='bbox 840 478 936 550; x_wconf 83' lang='lat' dir='ltr'><strong>ons</strong></span> <span class='ocrx_word' id='word_1_3' title='bbox 964 477 1260 551; x_wconf 74' lang='lat' dir='ltr'><strong>senenses.</strong></span> <span class='ocrx_word' id='word_1_4' title='bbox 1573 476 1649 555; x_wconf 79' lang='lat' dir='ltr'><strong>its</strong></span> 
     </span>
    </p>
   </div>
   <div class='ocr_carea' id='block_1_2' title="bbox 118 617 1652 2541">
    <p class='ocr_par' dir='ltr' id='par_1_2' title="bbox 118 617 1652 2541">
     <span class='ocr_line' id='line_1_2' title="bbox 230 617 1651 724; baseline 0.002 -28"><span class='ocrx_word' id='word_1_5' title='bbox 230 620 459 697; x_wconf 80' lang='lat' dir='ltr'><strong>tervonirent</strong></span> <span class='ocrx_word' id='word_1_6' title='bbox 471 617 602 697; x_wconf 86' lang='lat' dir='ltr'><strong>illicita</strong></span> <span class='ocrx_word' id='word_1_7' title='bbox 618 617 823 698; x_wconf 75' lang='lat' dir='ltr'><strong>confessam</strong></span> <span class='ocrx_word' id='word_1_8' title='bbox 844 645 912 723; x_wconf 88' lang='lat' dir='ltr'><strong>per</strong></span> <span class='ocrx_word' id='word_1_9' title='bbox 930 643 1031 696; x_wconf 90' lang='lat' dir='ltr'><strong>eum.</strong></span> <span class='ocrx_word' id='word_1_10' title='bbox 1054 617 1270 724; x_wconf 84' lang='lat' dir='ltr'><strong>Requisitus</strong></span> <span class='ocrx_word' id='word_1_11' title='bbox 1291 618 1321 696; x_wconf 90' lang='lat' dir='ltr'><strong>si</strong></span> <span class='ocrx_word' id='word_1_12' title='bbox 1342 617 1485 697; x_wconf 88' lang='lat' dir='ltr'><strong>viderat</strong></span> <span class='ocrx_word' id='word_1_13' title='bbox 1505 618 1651 724; x_wconf 83' lang='lat' dir='ltr'><strong>aliquos</strong></span> 
     </span>
     <span class='ocr_line' id='line_1_3' title="bbox 230 746 1650 856; baseline 0.001 -31"><span class='ocrx_word' id='word_1_14' title='bbox 230 749 344 855; x_wconf 83' lang='lat' dir='ltr'>recipi</span> <span class='ocrx_word' id='word_1_15' title='bbox 360 748 399 827; x_wconf 91' lang='lat' dir='ltr'><strong>in</strong></span> <span class='ocrx_word' id='word_1_16' title='bbox 417 747 567 838; x_wconf 86' lang='lat' dir='ltr'><strong>ordine,</strong></span> <span class='ocrx_word' id='word_1_17' title='bbox 583 748 778 856; x_wconf 89' lang='lat' dir='ltr'><strong>respondit</strong></span> <span class='ocrx_word' id='word_1_18' title='bbox 790 746 896 855; x_wconf 90' lang='lat' dir='ltr'><strong>quod</strong></span> <span class='ocrx_word' id='word_1_19' title='bbox 912 746 1055 826; x_wconf 89' lang='lat' dir='ltr'><strong>multos</strong></span> <span class='ocrx_word' id='word_1_20' title='bbox 1074 746 1219 826; x_wconf 85' lang='lat' dir='ltr'><strong>viderat</strong></span> <span class='ocrx_word' id='word_1_21' title='bbox 1235 747 1372 854; x_wconf 76' lang='lat' dir='ltr'><strong>recipi.</strong></span> <span class='ocrx_word' id='word_1_22' title='bbox 1389 771 1551 852; x_wconf 86' lang='lat' dir='ltr'><strong>quorum</strong></span> <span class='ocrx_word' id='word_1_23' title='bbox 1572 776 1650 828; x_wconf 89' lang='lat' dir='ltr'><strong>non</strong></span> 
     </span>
     <span class='ocr_line' id='line_1_4' title="bbox 229 875 1651 987; baseline 0 -30"><span class='ocrx_word' id='word_1_24' title='bbox 229 879 393 958; x_wconf 87' lang='lat' dir='ltr'><strong>habebat</strong></span> <span class='ocrx_word' id='word_1_25' title='bbox 410 879 605 968; x_wconf 84' lang='lat' dir='ltr'><strong>noticiam,</strong></span> <span class='ocrx_word' id='word_1_26' title='bbox 626 880 665 958; x_wconf 93' lang='lat' dir='ltr'><strong>in</strong></span> <span class='ocrx_word' id='word_1_27' title='bbox 682 907 848 987; x_wconf 84' lang='lat' dir='ltr'><strong>quorum</strong></span> <span class='ocrx_word' id='word_1_28' title='bbox 863 877 1149 984; x_wconf 87' lang='lat' dir='ltr'><strong>recepcionibus</strong></span> <span class='ocrx_word' id='word_1_29' title='bbox 1163 877 1222 956; x_wconf 87' lang='lat' dir='ltr'><strong>vel</strong></span> <span class='ocrx_word' id='word_1_30' title='bbox 1237 895 1331 985; x_wconf 87' lang='lat' dir='ltr'><strong>post</strong></span> <span class='ocrx_word' id='word_1_31' title='bbox 1342 875 1567 964; x_wconf 26' lang='lat' dir='ltr'><strong>nichil-vidit</strong></span> <span class='ocrx_word' id='word_1_32' title='bbox 1580 907 1651 957; x_wconf 87' lang='lat' dir='ltr'><strong>nec</strong></span> 
     </span>
     <span class='ocr_line' id='line_1_5' title="bbox 228 1006 1652 1116; baseline -0.001 -28"><span class='ocrx_word' id='word_1_33' title='bbox 228 1010 333 1089; x_wconf 88' lang='lat' dir='ltr'><strong>scivit</strong></span> <span class='ocrx_word' id='word_1_34' title='bbox 353 1009 436 1088; x_wconf 87' lang='lat' dir='ltr'><strong>fieri</strong></span> <span class='ocrx_word' id='word_1_35' title='bbox 456 1009 648 1099; x_wconf 70' lang='lat' dir='ltr'><strong>illicitum</strong></span> <span class='ocrx_word' id='word_1_36' title='bbox 676 1009 797 1088; x_wconf 89' lang='lat' dir='ltr'><strong>credit</strong></span> <span class='ocrx_word' id='word_1_37' title='bbox 818 1025 946 1087; x_wconf 87' lang='lat' dir='ltr'><strong>tamen</strong></span> <span class='ocrx_word' id='word_1_38' title='bbox 962 1009 1068 1116; x_wconf 90' lang='lat' dir='ltr'><strong>quod</strong></span> <span class='ocrx_word' id='word_1_39' title='bbox 1086 1026 1172 1115; x_wconf 84' lang='lat' dir='ltr'><strong>post</strong></span> <span class='ocrx_word' id='word_1_40' title='bbox 1189 1007 1263 1088; x_wconf 85' lang='lat' dir='ltr'><strong>fuit</strong></span> <span class='ocrx_word' id='word_1_41' title='bbox 1282 1008 1481 1086; x_wconf 81' lang='lat' dir='ltr'><strong>factumst</strong></span> <span class='ocrx_word' id='word_1_42' title='bbox 1506 1006 1652 1087; x_wconf 88' lang='lat' dir='ltr'><strong>dictum</strong></span> 
     </span>
     <span class='ocr_line' id='line_1_6' title="bbox 173 1138 1651 1248; baseline -0.002 -28"><span class='ocrx_word' id='word_1_43' title='bbox 173 1236 177 1246; x_wconf 31' lang='grc' dir='ltr'>Ι</span> <span class='ocrx_word' id='word_1_44' title='bbox 228 1141 335 1248; x_wconf 90' lang='lat' dir='ltr'><strong>quod</strong></span> <span class='ocrx_word' id='word_1_45' title='bbox 357 1141 534 1248; x_wconf 81' lang='lat' dir='ltr'><strong>deposuit</strong></span> <span class='ocrx_word' id='word_1_46' title='bbox 551 1169 591 1219; x_wconf 90' lang='lat' dir='ltr'><strong>se</strong></span> <span class='ocrx_word' id='word_1_47' title='bbox 605 1139 735 1219; x_wconf 82' lang='lat' dir='ltr'><strong>iecisse</strong></span> <span class='ocrx_word' id='word_1_48' title='bbox 750 1157 788 1218; x_wconf 88' lang='lat' dir='ltr'><strong>et</strong></span> <span class='ocrx_word' id='word_1_49' title='bbox 800 1140 872 1218; x_wconf 91' lang='lat' dir='ltr'><strong>sibi</strong></span> <span class='ocrx_word' id='word_1_50' title='bbox 889 1140 1034 1218; x_wconf 88' lang='lat' dir='ltr'><strong>dictum</strong></span> <span class='ocrx_word' id='word_1_51' title='bbox 1052 1138 1180 1218; x_wconf 85' lang='lat' dir='ltr'><strong>luisse.</strong></span> <span class='ocrx_word' id='word_1_52' title='bbox 1202 1141 1318 1228; x_wconf 75' lang='lat' dir='ltr'><strong>Item„</strong></span> <span class='ocrx_word' id='word_1_53' title='bbox 1332 1139 1426 1217; x_wconf 83' lang='lat' dir='ltr'><strong>dixit</strong></span> <span class='ocrx_word' id='word_1_54' title='bbox 1437 1165 1478 1216; x_wconf 88' lang='lat' dir='ltr'><strong>se</strong></span> <span class='ocrx_word' id='word_1_55' title='bbox 1496 1141 1651 1233; x_wconf 85' lang='lat' dir='ltr'><strong>credere</strong></span> 
     </span>
     <span class='ocr_line' id='line_1_7' title="bbox 229 1266 1650 1377; baseline -0.002 -28"><span class='ocrx_word' id='word_1_56' title='bbox 229 1271 335 1377; x_wconf 90' lang='lat' dir='ltr'><strong>quod</strong></span> <span class='ocrx_word' id='word_1_57' title='bbox 352 1269 484 1348; x_wconf 82' lang='lat' dir='ltr'><strong>iratres</strong></span> <span class='ocrx_word' id='word_1_58' title='bbox 497 1270 644 1350; x_wconf 77' lang='lat' dir='ltr'><strong>ordinis</strong></span> <span class='ocrx_word' id='word_1_59' title='bbox 660 1270 857 1350; x_wconf 81' lang='lat' dir='ltr'><strong>crederent</strong></span> <span class='ocrx_word' id='word_1_60' title='bbox 876 1267 1131 1347; x_wconf 78' lang='lat' dir='ltr'><strong>ecclesiasticis</strong></span> <span class='ocrx_word' id='word_1_61' title='bbox 1147 1267 1403 1359; x_wconf 87' lang='lat' dir='ltr'><strong>sacramentis,</strong></span> <span class='ocrx_word' id='word_1_62' title='bbox 1418 1266 1557 1374; x_wconf 83' lang='lat' dir='ltr'><strong>quibus</strong></span> <span class='ocrx_word' id='word_1_63' title='bbox 1570 1269 1650 1375; x_wconf 86' lang='lat' dir='ltr'><strong>ipse</strong></span> 
     </span>
     <span class='ocr_line' id='line_1_8' title="bbox 229 1395 1652 1506; baseline 0 -31"><span class='ocrx_word' id='word_1_64' title='bbox 229 1399 365 1490; x_wconf 79' lang='lat' dir='ltr'><strong>credit,</strong></span> <span class='ocrx_word' id='word_1_65' title='bbox 386 1417 425 1477; x_wconf 88' lang='lat' dir='ltr'><strong>et</strong></span> <span class='ocrx_word' id='word_1_66' title='bbox 440 1400 546 1506; x_wconf 89' lang='lat' dir='ltr'><strong>quod</strong></span> <span class='ocrx_word' id='word_1_67' title='bbox 562 1426 702 1479; x_wconf 88' lang='lat' dir='ltr'><strong>eornm.</strong></span> <span class='ocrx_word' id='word_1_68' title='bbox 710 1399 924 1479; x_wconf 89' lang='lat' dir='ltr'><strong>sacerdotes</strong></span> <span class='ocrx_word' id='word_1_69' title='bbox 938 1398 1064 1477; x_wconf 86' lang='lat' dir='ltr'><strong>debite</strong></span> <span class='ocrx_word' id='word_1_70' title='bbox 1081 1399 1329 1478; x_wconf 69' lang='lat' dir='ltr'><strong>celebrarent.</strong></span> <span class='ocrx_word' id='word_1_71' title='bbox 1347 1395 1529 1476; x_wconf 77' lang='lat' dir='ltr'><strong>durabant</strong></span> <span class='ocrx_word' id='word_1_72' title='bbox 1547 1398 1652 1476; x_wconf 89' lang='lat' dir='ltr'><strong>ordi·</strong></span> 
     </span>
     <span class='ocr_line' id='line_1_9' title="bbox 229 1527 1650 1635; baseline -0.001 -30"><span class='ocrx_word' id='word_1_73' title='bbox 229 1557 318 1606; x_wconf 89' lang='lat' dir='ltr'><strong>nem</strong></span> <span class='ocrx_word' id='word_1_74' title='bbox 342 1556 419 1608; x_wconf 91' lang='lat' dir='ltr'><strong>non</strong></span> <span class='ocrx_word' id='word_1_75' title='bbox 443 1529 554 1607; x_wconf 83' lang='lat' dir='ltr'><strong>exire.</strong></span> <span class='ocrx_word' id='word_1_76' title='bbox 575 1528 816 1609; x_wconf 73' lang='lat' dir='ltr'><strong>clandestine</strong></span> <span class='ocrx_word' id='word_1_77' title='bbox 847 1527 1144 1635; x_wconf 79' lang='lat' dir='ltr'><strong>recipiebantur,</strong></span> <span class='ocrx_word' id='word_1_78' title='bbox 1168 1527 1286 1607; x_wconf 88' lang='lat' dir='ltr'><strong>nullis</strong></span> <span class='ocrx_word' id='word_1_79' title='bbox 1313 1527 1550 1635; x_wconf 84' lang='lat' dir='ltr'><strong>presentibus</strong></span> <span class='ocrx_word' id='word_1_80' title='bbox 1579 1527 1650 1605; x_wconf 89' lang='lat' dir='ltr'><strong>nisi</strong></span> 
     </span>
     <span class='ocr_line' id='line_1_10' title="bbox 229 1658 1650 1767; baseline -0.002 -31"><span class='ocrx_word' id='word_1_81' title='bbox 229 1658 407 1738; x_wconf 84' lang='lat' dir='ltr'><strong>fratribus</strong></span> <span class='ocrx_word' id='word_1_82' title='bbox 429 1658 589 1749; x_wconf 79' lang='lat' dir='ltr'><strong>ordinis,</strong></span> <span class='ocrx_word' id='word_1_83' title='bbox 608 1688 653 1738; x_wconf 80' lang='lat' dir='ltr'><strong>ex</strong></span> <span class='ocrx_word' id='word_1_84' title='bbox 671 1688 749 1767; x_wconf 90' lang='lat' dir='ltr'><strong>quo</strong></span> <span class='ocrx_word' id='word_1_85' title='bbox 768 1660 889 1739; x_wconf 88' lang='lat' dir='ltr'><strong>credit</strong></span> <span class='ocrx_word' id='word_1_86' title='bbox 904 1659 1014 1767; x_wconf 88' lang='lat' dir='ltr'><strong>quod</strong></span> <span class='ocrx_word' id='word_1_87' title='bbox 1031 1677 1128 1738; x_wconf 89' lang='lat' dir='ltr'><strong>esset</strong></span> <span class='ocrx_word' id='word_1_88' title='bbox 1146 1660 1308 1767; x_wconf 89' lang='lat' dir='ltr'><strong>suspicio</strong></span> <span class='ocrx_word' id='word_1_89' title='bbox 1328 1675 1459 1738; x_wconf 81' lang='lat' dir='ltr'><strong>contra</strong></span> <span class='ocrx_word' id='word_1_90' title='bbox 1480 1685 1554 1734; x_wconf 85' lang='lat' dir='ltr'><strong>eos.</strong></span> <span class='ocrx_word' id='word_1_91' title='bbox 1580 1658 1650 1733; x_wconf 90' lang='lat' dir='ltr'><strong>Su·</strong></span> 
     </span>
     <span class='ocr_line' id='line_1_11' title="bbox 229 1787 1647 1898; baseline -0.001 -32"><span class='ocrx_word' id='word_1_92' title='bbox 229 1816 297 1894; x_wconf 91' lang='lat' dir='ltr'><strong>per</strong></span> <span class='ocrx_word' id='word_1_93' title='bbox 316 1790 485 1868; x_wconf 87' lang='lat' dir='ltr'><strong>camisias</strong></span> <span class='ocrx_word' id='word_1_94' title='bbox 500 1820 585 1868; x_wconf 90' lang='lat' dir='ltr'><strong>cum</strong></span> <span class='ocrx_word' id='word_1_95' title='bbox 609 1792 749 1897; x_wconf 88' lang='lat' dir='ltr'><strong>quibus</strong></span> <span class='ocrx_word' id='word_1_96' title='bbox 763 1790 938 1898; x_wconf 88' lang='lat' dir='ltr'><strong>jacebant</strong></span> <span class='ocrx_word' id='word_1_97' title='bbox 957 1791 1205 1898; x_wconf 83' lang='lat' dir='ltr'><strong>cingebantur</strong></span> <span class='ocrx_word' id='word_1_98' title='bbox 1222 1789 1389 1870; x_wconf 89' lang='lat' dir='ltr'><strong>cordulis</strong></span> <span class='ocrx_word' id='word_1_99' title='bbox 1407 1787 1647 1894; x_wconf 86' lang='lat' dir='ltr'><strong>supradictis,</strong></span> 
     </span>
     <span class='ocr_line' id='line_1_12' title="bbox 229 1919 1650 2026; baseline -0.001 -30"><span class='ocrx_word' id='word_1_100' title='bbox 229 1920 333 1998; x_wconf 85' lang='lat' dir='ltr'><strong>unde</strong></span> <span class='ocrx_word' id='word_1_101' title='bbox 362 1919 537 1998; x_wconf 88' lang='lat' dir='ltr'><strong>valebant</strong></span> <span class='ocrx_word' id='word_1_102' title='bbox 564 1921 777 2026; x_wconf 85' lang='lat' dir='ltr'><strong>assumptis.</strong></span> <span class='ocrx_word' id='word_1_103' title='bbox 807 1919 1106 1999; x_wconf 81' lang='lat' dir='ltr'><strong>Deffendebatur</strong></span> <span class='ocrx_word' id='word_1_104' title='bbox 1130 1921 1184 1998; x_wconf 90' lang='lat' dir='ltr'><strong>eis</strong></span> <span class='ocrx_word' id='word_1_105' title='bbox 1211 1948 1281 2025; x_wconf 88' lang='lat' dir='ltr'><strong>per</strong></span> <span class='ocrx_word' id='word_1_106' title='bbox 1297 1934 1581 1998; x_wconf 67' lang='lat' dir='ltr'><strong>vsacramentum</strong></span> <span class='ocrx_word' id='word_1_107' title='bbox 1599 1944 1650 1994; x_wconf 85' lang='lat' dir='ltr'><strong>ne</strong></span> 
     </span>
     <span class='ocr_line' id='line_1_13' title="bbox 229 2047 1649 2153; baseline 0 -28"><span class='ocrx_word' id='word_1_108' title='bbox 229 2048 437 2125; x_wconf 88' lang='lat' dir='ltr'><strong>revelarent</strong></span> <span class='ocrx_word' id='word_1_109' title='bbox 447 2047 701 2153; x_wconf 88' lang='lat' dir='ltr'><strong>capitulorum</strong></span> <span class='ocrx_word' id='word_1_110' title='bbox 714 2064 859 2124; x_wconf 75' lang='lat' dir='ltr'><strong>secrete</strong></span> <span class='ocrx_word' id='word_1_111' title='bbox 879 2075 950 2124; x_wconf 86' lang='lat' dir='ltr'><strong>nec</strong></span> <span class='ocrx_word' id='word_1_112' title='bbox 962 2047 1193 2153; x_wconf 85' lang='lat' dir='ltr'><strong>recepcienis</strong></span> <span class='ocrx_word' id='word_1_113' title='bbox 1205 2048 1384 2135; x_wconf 90' lang='lat' dir='ltr'><strong>modum,</strong></span> <span class='ocrx_word' id='word_1_114' title='bbox 1399 2063 1438 2124; x_wconf 91' lang='lat' dir='ltr'><strong>et</strong></span> <span class='ocrx_word' id='word_1_115' title='bbox 1460 2047 1525 2152; x_wconf 89' lang='lat' dir='ltr'><strong>qui</strong></span> <span class='ocrx_word' id='word_1_116' title='bbox 1547 2073 1649 2125; x_wconf 83' lang='lat' dir='ltr'><strong>reve·</strong></span> 
     </span>
     <span class='ocr_line' id='line_1_14' title="bbox 229 2173 1652 2285; baseline -0.001 -31"><span class='ocrx_word' id='word_1_117' title='bbox 229 2177 368 2267; x_wconf 80' lang='lat' dir='ltr'><strong>lassent</strong></span> <span class='ocrx_word' id='word_1_118' title='bbox 383 2177 543 2285; x_wconf 83' lang='lat' dir='ltr'><strong>graviter</strong></span> <span class='ocrx_word' id='word_1_119' title='bbox 561 2175 687 2282; x_wconf 88' lang='lat' dir='ltr'><strong>puniti</strong></span> <span class='ocrx_word' id='word_1_120' title='bbox 707 2173 878 2252; x_wconf 84' lang='lat' dir='ltr'><strong>luissent.</strong></span> <span class='ocrx_word' id='word_1_121' title='bbox 893 2176 1050 2253; x_wconf 83' lang='lat' dir='ltr'><strong>-Fratros</strong></span> <span class='ocrx_word' id='word_1_122' title='bbox 1068 2175 1229 2254; x_wconf 84' lang='lat' dir='ltr'><strong>scientes</strong></span> <span class='ocrx_word' id='word_1_123' title='bbox 1248 2203 1394 2253; x_wconf 87' lang='lat' dir='ltr'><strong>errores</strong></span> <span class='ocrx_word' id='word_1_124' title='bbox 1411 2174 1567 2252; x_wconf 80' lang='lat' dir='ltr'><strong>bierunt</strong></span> <span class='ocrx_word' id='word_1_125' title='bbox 1585 2204 1652 2253; x_wconf 67' lang='lat' dir='ltr'><strong>na</strong></span> 
     </span>
     <span class='ocr_line' id='line_1_15' title="bbox 118 2304 1646 2416; baseline -0.001 -31"><span class='ocrx_word' id='word_1_126' title='bbox 118 2386 125 2393; x_wconf 75' lang='grc'><strong>,</strong></span> <span class='ocrx_word' id='word_1_127' title='bbox 229 2306 411 2416; x_wconf 80' lang='lat' dir='ltr'><strong>gligentes</strong></span> <span class='ocrx_word' id='word_1_128' title='bbox 443 2305 534 2412; x_wconf 90' lang='lat' dir='ltr'><strong>quia</strong></span> <span class='ocrx_word' id='word_1_129' title='bbox 561 2333 640 2389; x_wconf 87' lang='lat' dir='ltr'><strong>nen</strong></span> <span class='ocrx_word' id='word_1_130' title='bbox 667 2321 910 2385; x_wconf 80' lang='lat' dir='ltr'><strong>correxerunt</strong></span> <span class='ocrx_word' id='word_1_131' title='bbox 934 2331 1002 2382; x_wconf 83' lang='lat' dir='ltr'><strong>eos</strong></span> <span class='ocrx_word' id='word_1_132' title='bbox 1029 2330 1110 2382; x_wconf 88' lang='lat' dir='ltr'><strong>nec.</strong></span> <span class='ocrx_word' id='word_1_133' title='bbox 1128 2305 1450 2383; x_wconf 85' lang='lat' dir='ltr'><strong>denunciaverunt</strong></span> <span class='ocrx_word' id='word_1_134' title='bbox 1475 2304 1646 2384; x_wconf 81' lang='lat' dir='ltr'><strong>Ecclesie.</strong></span> 
     </span>
     <span class='ocr_line' id='line_1_16' title="bbox 228 2431 1652 2541; baseline 0.001 -28"><span class='ocrx_word' id='word_1_135' title='bbox 228 2434 422 2513; x_wconf 87' lang='lat' dir='ltr'><strong>Decimam</strong></span> <span class='ocrx_word' id='word_1_136' title='bbox 439 2451 584 2541; x_wconf 85' lang='lat' dir='ltr'><strong>partem</strong></span> <span class='ocrx_word' id='word_1_137' title='bbox 605 2450 644 2511; x_wconf 86' lang='lat' dir='ltr'><strong>et</strong></span> <span class='ocrx_word' id='word_1_138' title='bbox 656 2432 761 2512; x_wconf 81' lang='lat' dir='ltr'><strong>ultra.</strong></span> <span class='ocrx_word' id='word_1_139' title='bbox 769 2432 876 2538; x_wconf 85' lang='lat' dir='ltr'><strong>panis</strong></span> <span class='ocrx_word' id='word_1_140' title='bbox 892 2431 1033 2509; x_wconf 77' lang='lat' dir='ltr'><strong>dabant</strong></span> <span class='ocrx_word' id='word_1_141' title='bbox 1047 2460 1175 2511; x_wconf 81' lang='lat' dir='ltr'><strong>amors</strong></span> <span class='ocrx_word' id='word_1_142' title='bbox 1196 2434 1290 2524; x_wconf 66' lang='lat' dir='ltr'><strong>Dei.</strong></span> <span class='ocrx_word' id='word_1_143' title='bbox 1306 2450 1345 2510; x_wconf 86' lang='lat' dir='ltr'><strong>et</strong></span> <span class='ocrx_word' id='word_1_144' title='bbox 1366 2431 1590 2512; x_wconf 83' lang='lat' dir='ltr'><strong>elemosinas</strong></span> <span class='ocrx_word' id='word_1_145' title='bbox 1613 2453 1652 2514; x_wconf 89' lang='lat' dir='ltr'><strong>et</strong></span> 
     </span>
    </p>
   </div>
   <div class='ocr_carea' id='block_1_3' title="bbox 228 2561 1768 2671">
    <p class='ocr_par' dir='ltr' id='par_1_3' title="bbox 228 2561 1768 2671">
     <span class='ocr_line' id='line_1_17' title="bbox 228 2561 1768 2671; baseline -0.005 -25"><span class='ocrx_word' id='word_1_146' title='bbox 228 2563 521 2671; x_wconf 86' lang='lat' dir='ltr'><strong>hospitalitatem</strong></span> <span class='ocrx_word' id='word_1_147' title='bbox 535 2563 633 2642; x_wconf 82' lang='lat' dir='ltr'><strong>sidit</strong></span> <span class='ocrx_word' id='word_1_148' title='bbox 648 2563 916 2641; x_wconf 86' lang='lat' dir='ltr'><strong>convenienter</strong></span> <span class='ocrx_word' id='word_1_149' title='bbox 930 2561 1018 2639; x_wconf 83' lang='lat' dir='ltr'><strong>lieri</strong></span> <span class='ocrx_word' id='word_1_150' title='bbox 1036 2579 1073 2639; x_wconf 86' lang='lat' dir='ltr'><strong>et</strong></span> <span class='ocrx_word' id='word_1_151' title='bbox 1091 2563 1232 2640; x_wconf 85' lang='lat' dir='ltr'><strong>servari</strong></span> <span class='ocrx_word' id='word_1_152' title='bbox 1243 2564 1284 2640; x_wconf 92' lang='lat' dir='ltr'><strong>in</strong></span> <span class='ocrx_word' id='word_1_153' title='bbox 1307 2562 1489 2641; x_wconf 85' lang='lat' dir='ltr'><strong>domibus</strong></span> <span class='ocrx_word' id='word_1_154' title='bbox 1507 2565 1650 2641; x_wconf 89' lang='lat' dir='ltr'><strong>ordinis</strong></span> <span class='ocrx_word' id='word_1_155' title='bbox 1763 2621 1768 2627; x_wconf 83' lang='lat'><strong>.</strong></span> 
     </span>
    </p>
   </div>
   <div class='ocr_carea' id='block_1_4' title="bbox 228 2691 1650 3942">
    <p class='ocr_par' dir='ltr' id='par_1_4' title="bbox 228 2691 1650 3315">
     <span class='ocr_line' id='line_1_18' title="bbox 228 2691 1648 2802; baseline -0.001 -32"><span class='ocrx_word' id='word_1_156' title='bbox 228 2695 268 2771; x_wconf 94' lang='lat' dir='ltr'><strong>in</strong></span> <span class='ocrx_word' id='word_1_157' title='bbox 280 2693 419 2802; x_wconf 80' lang='lat' dir='ltr'><strong>quibus</strong></span> <span class='ocrx_word' id='word_1_158' title='bbox 436 2693 851 2772; x_wconf 75' lang='lat' dir='ltr'><strong>exstidtcommorttns.</strong></span> <span class='ocrx_word' id='word_1_159' title='bbox 868 2691 1056 2798; x_wconf 80' lang='lat' dir='ltr'><strong>Capitulis</strong></span> <span class='ocrx_word' id='word_1_160' title='bbox 1068 2692 1269 2799; x_wconf 73' lang='lat' dir='ltr'><strong>singrdaria</strong></span> <span class='ocrx_word' id='word_1_161' title='bbox 1281 2692 1376 2769; x_wconf 89' lang='lat' dir='ltr'><strong>vidit</strong></span> <span class='ocrx_word' id='word_1_162' title='bbox 1389 2693 1510 2769; x_wconf 89' lang='lat' dir='ltr'><strong>teneri</strong></span> <span class='ocrx_word' id='word_1_163' title='bbox 1522 2695 1648 2781; x_wconf 80' lang='lat' dir='ltr'><strong>clauso</strong></span> 
     </span>
     <span class='ocr_line' id='line_1_19' title="bbox 228 2818 1649 2928; baseline -0.002 -27"><span class='ocrx_word' id='word_1_164' title='bbox 228 2823 341 2911; x_wconf 90' lang='lat' dir='ltr'><strong>ostio,</strong></span> <span class='ocrx_word' id='word_1_165' title='bbox 363 2818 478 2900; x_wconf 90' lang='lat' dir='ltr'><strong>nullis</strong></span> <span class='ocrx_word' id='word_1_166' title='bbox 497 2821 738 2928; x_wconf 83' lang='lat' dir='ltr'><strong>presentibus</strong></span> <span class='ocrx_word' id='word_1_167' title='bbox 757 2820 830 2899; x_wconf 91' lang='lat' dir='ltr'><strong>nisi</strong></span> <span class='ocrx_word' id='word_1_168' title='bbox 849 2819 1027 2898; x_wconf 72' lang='lat' dir='ltr'><strong>lintribus</strong></span> <span class='ocrx_word' id='word_1_169' title='bbox 1051 2819 1211 2911; x_wconf 71' lang='lat' dir='ltr'><strong>ordinisr</strong></span> <span class='ocrx_word' id='word_1_170' title='bbox 1236 2821 1277 2900; x_wconf 91' lang='lat' dir='ltr'><strong>in</strong></span> <span class='ocrx_word' id='word_1_171' title='bbox 1295 2848 1378 2926; x_wconf 90' lang='lat' dir='ltr'><strong>quo.</strong></span> <span class='ocrx_word' id='word_1_172' title='bbox 1396 2839 1535 2897; x_wconf 76' lang='lat' dir='ltr'><strong>servate</strong></span> <span class='ocrx_word' id='word_1_173' title='bbox 1557 2821 1649 2900; x_wconf 80' lang='lat' dir='ltr'><strong>bris-</strong></span> 
     </span>
     <span class='ocr_line' id='line_1_20' title="bbox 229 2949 1650 3061; baseline 0 -32"><span class='ocrx_word' id='word_1_174' title='bbox 229 2969 313 3030; x_wconf 87' lang='lat' dir='ltr'><strong>sent</strong></span> <span class='ocrx_word' id='word_1_175' title='bbox 331 2950 433 3030; x_wconf 88' lang='lat' dir='ltr'><strong>licita</strong></span> <span class='ocrx_word' id='word_1_176' title='bbox 444 2978 513 3058; x_wconf 92' lang='lat' dir='ltr'><strong>per</strong></span> <span class='ocrx_word' id='word_1_177' title='bbox 526 2951 747 3061; x_wconf 80' lang='lat' dir='ltr'><strong>Magistrum</strong></span> <span class='ocrx_word' id='word_1_178' title='bbox 771 2978 864 3028; x_wconf 83' lang='lat' dir='ltr'><strong>curn</strong></span> <span class='ocrx_word' id='word_1_179' title='bbox 881 2963 1068 3028; x_wconf 87' lang='lat' dir='ltr'><strong>conventu</strong></span> <span class='ocrx_word' id='word_1_180' title='bbox 1086 2949 1275 3041; x_wconf 68' lang='lat' dir='ltr'><strong>ordinatas</strong></span> <span class='ocrx_word' id='word_1_181' title='bbox 1296 2966 1432 3028; x_wconf 74' lang='lat' dir='ltr'><strong>coam.</strong></span> <span class='ocrx_word' id='word_1_182' title='bbox 1450 2978 1566 3057; x_wconf 90' lang='lat' dir='ltr'><strong>quem</strong></span> <span class='ocrx_word' id='word_1_183' title='bbox 1589 2979 1650 3029; x_wconf 89' lang='lat' dir='ltr'><strong>or-</strong></span> 
     </span>
     <span class='ocr_line' id='line_1_21' title="bbox 230 3075 1649 3188; baseline 0 -30"><span class='ocrx_word' id='word_1_184' title='bbox 230 3082 359 3158; x_wconf 92' lang='lat' dir='ltr'><strong>dinem</strong></span> <span class='ocrx_word' id='word_1_185' title='bbox 374 3107 477 3157; x_wconf 93' lang='lat' dir='ltr'><strong>nunc</strong></span> <span class='ocrx_word' id='word_1_186' title='bbox 493 3080 649 3187; x_wconf 82' lang='lat' dir='ltr'><strong>grandia</strong></span> <span class='ocrx_word' id='word_1_187' title='bbox 667 3077 860 3168; x_wconf 79' lang='lat' dir='ltr'><strong>scandala,</strong></span> <span class='ocrx_word' id='word_1_188' title='bbox 877 3075 1094 3184; x_wconf 82' lang='lat' dir='ltr'><strong>suspiciost</strong></span> <span class='ocrx_word' id='word_1_189' title='bbox 1106 3076 1262 3158; x_wconf 81' lang='lat' dir='ltr'><strong>infernis</strong></span> <span class='ocrx_word' id='word_1_190' title='bbox 1275 3097 1366 3157; x_wconf 87' lang='lat' dir='ltr'><strong>sunt</strong></span> <span class='ocrx_word' id='word_1_191' title='bbox 1384 3097 1526 3171; x_wconf 73' lang='lat' dir='ltr'><strong>exorta3</strong></span> <span class='ocrx_word' id='word_1_192' title='bbox 1542 3083 1649 3188; x_wconf 85' lang='lat' dir='ltr'><strong>cujus</strong></span> 
     </span>
     <span class='ocr_line' id='line_1_22' title="bbox 229 3206 1361 3315; baseline -0.003 -28"><span class='ocrx_word' id='word_1_193' title='bbox 229 3209 407 3288; x_wconf 81' lang='lat' dir='ltr'><strong>fratribus</strong></span> <span class='ocrx_word' id='word_1_194' title='bbox 421 3209 543 3288; x_wconf 87' lang='lat' dir='ltr'><strong>credit</strong></span> <span class='ocrx_word' id='word_1_195' title='bbox 555 3208 670 3289; x_wconf 85' lang='lat' dir='ltr'><strong>fuisso</strong></span> <span class='ocrx_word' id='word_1_196' title='bbox 689 3226 780 3290; x_wconf 87' lang='lat' dir='ltr'><strong>nota</strong></span> <span class='ocrx_word' id='word_1_197' title='bbox 798 3207 1010 3315; x_wconf 87' lang='lat' dir='ltr'><strong>illicitaper</strong></span> <span class='ocrx_word' id='word_1_198' title='bbox 1029 3235 1117 3285; x_wconf 92' lang='lat' dir='ltr'><strong>eum</strong></span> <span class='ocrx_word' id='word_1_199' title='bbox 1137 3206 1361 3290; x_wconf 72' lang='lat' dir='ltr'><strong>confessam..</strong></span> 
     </span>
    </p>

    <p class='ocr_par' dir='ltr' id='par_1_5' title="bbox 228 3338 1650 3942">
     <span class='ocr_line' id='line_1_23' title="bbox 284 3338 1646 3446; baseline 0.002 -29"><span class='ocrx_word' id='word_1_200' title='bbox 284 3339 503 3446; x_wconf 82' lang='lat' dir='ltr'><strong>Requisitus</strong></span> <span class='ocrx_word' id='word_1_201' title='bbox 512 3339 605 3419; x_wconf 91' lang='lat' dir='ltr'><strong>sisic</strong></span> <span class='ocrx_word' id='word_1_202' title='bbox 621 3338 849 3446; x_wconf 87' lang='lat' dir='ltr'><strong>deposuerat</strong></span> <span class='ocrx_word' id='word_1_203' title='bbox 859 3365 988 3446; x_wconf 84' lang='lat' dir='ltr'><strong>prece,</strong></span> <span class='ocrx_word' id='word_1_204' title='bbox 1004 3356 1202 3444; x_wconf 83' lang='lat' dir='ltr'><strong>precepto,</strong></span> <span class='ocrx_word' id='word_1_205' title='bbox 1212 3339 1368 3427; x_wconf 84' lang='lat' dir='ltr'><strong>timore,</strong></span> <span class='ocrx_word' id='word_1_206' title='bbox 1379 3367 1523 3430; x_wconf 83' lang='lat' dir='ltr'><strong>amore,</strong></span> <span class='ocrx_word' id='word_1_207' title='bbox 1537 3342 1646 3429; x_wconf 83' lang='lat' dir='ltr'><strong>odio,</strong></span> 
     </span>
     <span class='ocr_line' id='line_1_24' title="bbox 229 3467 1650 3576; baseline 0.003 -32"><span class='ocrx_word' id='word_1_208' title='bbox 229 3467 286 3545; x_wconf 89' lang='lat' dir='ltr'><strong>vel</strong></span> <span class='ocrx_word' id='word_1_209' title='bbox 304 3467 505 3574; x_wconf 85' lang='lat' dir='ltr'><strong>temporali</strong></span> <span class='ocrx_word' id='word_1_210' title='bbox 523 3468 686 3548; x_wconf 90' lang='lat' dir='ltr'><strong>comodo</strong></span> <span class='ocrx_word' id='word_1_211' title='bbox 706 3468 838 3549; x_wconf 84' lang='lat' dir='ltr'><strong>habito</strong></span> <span class='ocrx_word' id='word_1_212' title='bbox 853 3467 912 3547; x_wconf 88' lang='lat' dir='ltr'><strong>vel</strong></span> <span class='ocrx_word' id='word_1_213' title='bbox 927 3467 1117 3559; x_wconf 69' lang='lat' dir='ltr'><strong>bebondm</strong></span> <span class='ocrx_word' id='word_1_214' title='bbox 1133 3469 1330 3576; x_wconf 80' lang='lat' dir='ltr'><strong>respondit</strong></span> <span class='ocrx_word' id='word_1_215' title='bbox 1345 3470 1451 3576; x_wconf 81' lang='lat' dir='ltr'><strong>quod</strong></span> <span class='ocrx_word' id='word_1_216' title='bbox 1465 3497 1559 3558; x_wconf 87' lang='lat' dir='ltr'><strong>non,</strong></span> <span class='ocrx_word' id='word_1_217' title='bbox 1581 3472 1650 3550; x_wconf 87' lang='lat' dir='ltr'><strong>sed</strong></span> 
     </span>
     <span class='ocr_line' id='line_1_25' title="bbox 228 3593 1649 3707; baseline 0.001 -32"><span class='ocrx_word' id='word_1_218' title='bbox 228 3625 297 3703; x_wconf 88' lang='lat' dir='ltr'><strong>pro</strong></span> <span class='ocrx_word' id='word_1_219' title='bbox 316 3596 470 3675; x_wconf 80' lang='lat' dir='ltr'><strong>veritate</strong></span> <span class='ocrx_word' id='word_1_220' title='bbox 492 3597 670 3689; x_wconf 74' lang='lat' dir='ltr'><strong>dicendsr</strong></span> <span class='ocrx_word' id='word_1_221' title='bbox 691 3598 755 3677; x_wconf 91' lang='lat' dir='ltr'><strong>cui</strong></span> <span class='ocrx_word' id='word_1_222' title='bbox 772 3597 847 3677; x_wconf 87' lang='lat' dir='ltr'><strong>luit</strong></span> <span class='ocrx_word' id='word_1_223' title='bbox 866 3598 1083 3707; x_wconf 78' lang='lat' dir='ltr'><strong>injunctum</strong></span> <span class='ocrx_word' id='word_1_224' title='bbox 1108 3599 1312 3707; x_wconf 79' lang='lat' dir='ltr'><strong>quod-non</strong></span> <span class='ocrx_word' id='word_1_225' title='bbox 1336 3593 1649 3679; x_wconf 68' lang='lat' dir='ltr'><strong>revellaret&#39;banc</strong></span> 
     </span>
     <span class='ocr_line' id='line_1_26' title="bbox 229 3728 1650 3837; baseline 0.001 -34"><span class='ocrx_word' id='word_1_226' title='bbox 229 3755 336 3804; x_wconf 88' lang='lat' dir='ltr'><strong>suam</strong></span> <span class='ocrx_word' id='word_1_227' title='bbox 365 3728 671 3836; x_wconf 59' lang='lat' dir='ltr'><strong>deposicionem.</strong></span> <span class='ocrx_word' id='word_1_228' title='bbox 688 3756 889 3837; x_wconf 78' lang='lat' dir='ltr'><strong>quousque</strong></span> <span class='ocrx_word' id='word_1_229' title='bbox 917 3730 1177 3811; x_wconf 70' lang='lat' dir='ltr'><strong>attestaciones</strong></span> <span class='ocrx_word' id='word_1_230' title='bbox 1205 3728 1349 3807; x_wconf 84' lang='lat' dir='ltr'><strong>luerint</strong></span> <span class='ocrx_word' id='word_1_231' title='bbox 1376 3728 1582 3835; x_wconf 68' lang='lat' dir='ltr'><strong>publicatcr</strong></span> <span class='ocrx_word' id='word_1_232' title='bbox 1611 3746 1650 3805; x_wconf 88' lang='lat' dir='ltr'><strong>et</strong></span> 
     </span>
     <span class='ocr_line' id='line_1_27' title="bbox 230 3856 1117 3942; baseline 0.003 -10"><span class='ocrx_word' id='word_1_233' title='bbox 230 3856 518 3936; x_wconf 89' lang='lat' dir='ltr'><strong>nonobtulerat</strong></span> <span class='ocrx_word' id='word_1_234' title='bbox 538 3887 578 3937; x_wconf 88' lang='lat' dir='ltr'><strong>se</strong></span> <span class='ocrx_word' id='word_1_235' title='bbox 598 3859 648 3937; x_wconf 84' lang='lat' dir='ltr'><strong>nd</strong></span> <span class='ocrx_word' id='word_1_236' title='bbox 667 3857 944 3941; x_wconf 83' lang='lat' dir='ltr'><strong>deffensionem.</strong></span> <span class='ocrx_word' id='word_1_237' title='bbox 962 3858 1117 3942; x_wconf 84' lang='lat' dir='ltr'><strong>ordinis.</strong></span> 
     </span>
    </p>
   </div>
   <div class='ocr_carea' id='block_1_5' title="bbox 230 4117 1651 4874">
    <p class='ocr_par' dir='ltr' id='par_1_6' title="bbox 230 4117 1651 4874">
     <span class='ocr_line' id='line_1_28' title="bbox 285 4117 1649 4225; baseline 0.002 -33"><span class='ocrx_word' id='word_1_238' title='bbox 285 4118 414 4194; x_wconf 86' lang='lat' dir='ltr'><strong>Frater</strong></span> <span class='ocrx_word' id='word_1_239' title='bbox 422 4118 615 4225; x_wconf 82' lang='lat' dir='ltr'><strong>Philippus</strong></span> <span class='ocrx_word' id='word_1_240' title='bbox 630 4118 800 4200; x_wconf 86' lang='lat' dir='ltr'><strong>Grisselli</strong></span> <span class='ocrx_word' id='word_1_241' title='bbox 810 4121 975 4200; x_wconf 78' lang='lat' dir='ltr'><strong>serviem</strong></span> <span class='ocrx_word' id='word_1_242' title='bbox 985 4179 996 4209; x_wconf 88' lang='lat'>,</span> <span class='ocrx_word' id='word_1_243' title='bbox 1007 4118 1265 4201; x_wconf 86' lang='lat' dir='ltr'><strong>Noviomensis</strong></span> <span class='ocrx_word' id='word_1_244' title='bbox 1278 4117 1437 4197; x_wconf 83' lang='lat' dir='ltr'><strong>diocesis</strong></span> <span class='ocrx_word' id='word_1_245' title='bbox 1443 4118 1568 4208; x_wconf 71' lang='lat' dir='ltr'><strong>„totns</strong></span> <span class='ocrx_word' id='word_1_246' title='bbox 1586 4147 1649 4196; x_wconf 86' lang='lat' dir='ltr'><strong>su·</strong></span> 
     </span>
     <span class='ocr_line' id='line_1_29' title="bbox 230 4245 1649 4354; baseline 0.004 -33"><span class='ocrx_word' id='word_1_247' title='bbox 230 4270 297 4349; x_wconf 82' lang='lat' dir='ltr'><strong>pra</strong></span> <span class='ocrx_word' id='word_1_248' title='bbox 310 4245 478 4350; x_wconf 80' lang='lat' dir='ltr'><strong>juratus,</strong></span> <span class='ocrx_word' id='word_1_249' title='bbox 492 4273 585 4329; x_wconf 79' lang='lat' dir='ltr'><strong>mv</strong></span> <span class='ocrx_word' id='word_1_250' title='bbox 600 4247 859 4328; x_wconf 59' lang='lat' dir='ltr'><strong>amaremus!</strong></span> <span class='ocrx_word' id='word_1_251' title='bbox 874 4249 989 4340; x_wconf 71' lang='lat' dir='ltr'><strong>drea,</strong></span> <span class='ocrx_word' id='word_1_252' title='bbox 1003 4248 1091 4354; x_wconf 82' lang='lat' dir='ltr'><strong>qui,</strong></span> <span class='ocrx_word' id='word_1_253' title='bbox 1105 4262 1305 4352; x_wconf 84' lang='lat' dir='ltr'><strong>postquam</strong></span> <span class='ocrx_word' id='word_1_254' title='bbox 1321 4245 1515 4327; x_wconf 86' lang='lat' dir='ltr'><strong>absolutus</strong></span> <span class='ocrx_word' id='word_1_255' title='bbox 1535 4264 1573 4326; x_wconf 87' lang='lat' dir='ltr'><strong>et</strong></span> <span class='ocrx_word' id='word_1_256' title='bbox 1590 4276 1649 4326; x_wconf 85' lang='lat' dir='ltr'><strong>re-</strong></span> 
     </span>
     <span class='ocr_line' id='line_1_30' title="bbox 230 4372 1649 4483; baseline 0.003 -32"><span class='ocrx_word' id='word_1_257' title='bbox 230 4372 451 4454; x_wconf 87' lang='lat' dir='ltr'><strong>conciliatus</strong></span> <span class='ocrx_word' id='word_1_258' title='bbox 461 4375 533 4456; x_wconf 79' lang='lat' dir='ltr'><strong>fuit</strong></span> <span class='ocrx_word' id='word_1_259' title='bbox 542 4404 617 4482; x_wconf 83' lang='lat' dir='ltr'><strong>per.</strong></span> <span class='ocrx_word' id='word_1_260' title='bbox 627 4377 823 4457; x_wconf 88' lang='lat' dir='ltr'><strong>dominum</strong></span> <span class='ocrx_word' id='word_1_261' title='bbox 840 4375 1060 4483; x_wconf 87' lang='lat' dir='ltr'><strong>episcopum</strong></span> <span class='ocrx_word' id='word_1_262' title='bbox 1074 4375 1344 4466; x_wconf 74' lang='lat' dir='ltr'><strong>Parisiensem,</strong></span> <span class='ocrx_word' id='word_1_263' title='bbox 1356 4376 1577 4456; x_wconf 73' lang='lat' dir='ltr'><strong>mantellum</strong></span> <span class='ocrx_word' id='word_1_264' title='bbox 1593 4377 1649 4455; x_wconf 90' lang='lat' dir='ltr'><strong>di-</strong></span> 
     </span>
     <span class='ocr_line' id='line_1_31' title="bbox 232 4503 1648 4613; baseline 0.001 -32"><span class='ocrx_word' id='word_1_265' title='bbox 232 4503 437 4582; x_wconf 73' lang='lat' dir='ltr'><strong>miserator</strong></span> <span class='ocrx_word' id='word_1_266' title='bbox 452 4505 536 4585; x_wconf 89' lang='lat' dir='ltr'><strong>radi</strong></span> <span class='ocrx_word' id='word_1_267' title='bbox 552 4505 776 4588; x_wconf 80' lang='lat' dir='ltr'><strong>ieceratsibi</strong></span> <span class='ocrx_word' id='word_1_268' title='bbox 790 4507 965 4599; x_wconf 66' lang='lat' dir='ltr'><strong>barbamr</strong></span> <span class='ocrx_word' id='word_1_269' title='bbox 983 4505 1094 4586; x_wconf 82' lang='lat' dir='ltr'><strong>lectis.</strong></span> <span class='ocrx_word' id='word_1_270' title='bbox 1108 4524 1147 4584; x_wconf 90' lang='lat' dir='ltr'><strong>et</strong></span> <span class='ocrx_word' id='word_1_271' title='bbox 1162 4504 1366 4613; x_wconf 80' lang='lat' dir='ltr'><strong>diligenter</strong></span> <span class='ocrx_word' id='word_1_272' title='bbox 1384 4507 1559 4613; x_wconf 70' lang='lat' dir='ltr'><strong>expositu</strong></span> <span class='ocrx_word' id='word_1_273' title='bbox 1576 4505 1648 4586; x_wconf 84' lang='lat' dir='ltr'><strong>sibi</strong></span> 
     </span>
     <span class='ocr_line' id='line_1_32' title="bbox 232 4630 1651 4745; baseline 0.003 -36"><span class='ocrx_word' id='word_1_274' title='bbox 232 4630 409 4711; x_wconf 86' lang='lat' dir='ltr'><strong>omnibus</strong></span> <span class='ocrx_word' id='word_1_275' title='bbox 418 4635 624 4745; x_wconf 77' lang='lat' dir='ltr'><strong>stringelis</strong></span> <span class='ocrx_word' id='word_1_276' title='bbox 633 4635 818 4728; x_wconf 79' lang='lat' dir='ltr'><strong>articulis,</strong></span> <span class='ocrx_word' id='word_1_277' title='bbox 832 4637 990 4743; x_wconf 74' lang='lat' dir='ltr'><strong>repetita</strong></span> <span class='ocrx_word' id='word_1_278' title='bbox 997 4636 1476 4744; x_wconf 75' lang='lat' dir='ltr'><strong>protostacionequodnon</strong></span> <span class='ocrx_word' id='word_1_279' title='bbox 1487 4635 1651 4730; x_wconf 83' lang='lat' dir='ltr'><strong>intendit</strong></span> 
     </span>
     <span class='ocr_line' id='line_1_33' title="bbox 232 4761 1648 4874; baseline 0.006 -34"><span class='ocrx_word' id='word_1_280' title='bbox 232 4763 407 4847; x_wconf 79' lang='lat' dir='ltr'><strong>recedere</strong></span> <span class='ocrx_word' id='word_1_281' title='bbox 426 4793 449 4844; x_wconf 85' lang='lat' dir='ltr'><strong>a</strong></span> <span class='ocrx_word' id='word_1_282' title='bbox 467 4765 710 4872; x_wconf 85' lang='lat' dir='ltr'><strong>deposicione</strong></span> <span class='ocrx_word' id='word_1_283' title='bbox 728 4794 796 4874; x_wconf 83' lang='lat' dir='ltr'><strong>per</strong></span> <span class='ocrx_word' id='word_1_284' title='bbox 812 4795 904 4850; x_wconf 86' lang='lat' dir='ltr'><strong>enm</strong></span> <span class='ocrx_word' id='word_1_285' title='bbox 920 4761 1014 4847; x_wconf 81' lang='lat' dir='ltr'><strong>laeta</strong></span> <span class='ocrx_word' id='word_1_286' title='bbox 1034 4796 1164 4848; x_wconf 83' lang='lat' dir='ltr'><strong>corana</strong></span> <span class='ocrx_word' id='word_1_287' title='bbox 1177 4767 1280 4847; x_wconf 92' lang='lat' dir='ltr'><strong>dicto</strong></span> <span class='ocrx_word' id='word_1_288' title='bbox 1300 4767 1648 4874; x_wconf 71' lang='lat' dir='ltr'><strong>dominoepiseopc</strong></span> 
     </span>
    </p>
   </div>
   <div class='ocr_carea' id='block_1_6' title="bbox 0 0 2120 5956">
    <p class='ocr_par' dir='ltr' id='par_1_7' title="bbox 0 0 2120 5956">
     <span class='ocr_line' id='line_1_34' title="bbox 0 0 2120 5956; baseline 0 0"><span class='ocrx_word' id='word_1_289' title='bbox 0 0 2120 5956; x_wconf 95' lang='lat' dir='ltr'><strong> </strong></span> 
     </span>
    </p>
   </div>
  </div>
 </body>
</html>
