4230 5956
719 248 749 313 ξ’.

665 482 860 576 Procts
888 502 986 574 ors
1015 498 1315 574 rnurmnns.
1615 496 1686 572 ru

280 644 430 723 veritate
447 640 626 732 dicenda,
647 640 708 718 cui
726 638 800 718 fuit
817 640 1028 751 injunctum
1052 639 1156 756 quod
1181 668 1257 717 non
1276 637 1456 715 revelaret
1474 640 1570 715 banc
1584 667 1689 716 suam

281 772 577 879 deposicionem,
605 765 802 876 quousque
828 770 1085 846 attestaciones
1103 767 1245 846 luerint
1266 766 1490 874 publicata-¹

337 900 427 979 Acta
459 899 613 976 luerunt
646 899 727 975 bec·
748 899 809 975 die
843 884 882 975 et
910 897 994 976 loco
1021 895 1214 1003 predictis,
1250 894 1485 1002 presentibus
1515 894 1691 1003 magistro

282 1028 442 1117 Amisio,
469 1056 531 1105 me
559 1028 812 1107 lloriamonte
837 1025 1053 1115 Dondedei,
1080 1044 1117 1106 et
1140 1026 1222 1104 aliis
1251 1025 1405 1103 notariis
1424 1053 1535 1131 supra
1555 1023 1691 1103 ultimo

281 1157 492 1236 nominatis.

337 1416 426 1494 Post
445 1417 530 1506 hec,
554 1417 616 1495 die
629 1418 786 1497 Veneris
800 1419 840 1495 in
861 1418 1064 1496 crastinum
1079 1414 1331 1507 ascensionis,
1352 1445 1427 1524 que
1442 1417 1516 1494 fuit
1532 1443 1592 1493 xxi
1613 1415 1693 1493 dies

284 1545 373 1621 dicti
392 1545 531 1622 mensis
552 1547 656 1637 maii,
683 1546 754 1623 luit
778 1545 962 1624 adductus
982 1549 1030 1623 ad
1048 1547 1278 1652 presenciam
1294 1546 1552 1653 predictorum
1572 1544 1694 1621 domi·

282 1701 418 1751 uorum
442 1675 800 1763 commissariorum,
819 1675 859 1750 in
879 1674 976 1750 dicta
994 1674 1109 1753 domo
1130 1675 1274 1753 domini
1299 1676 1399 1752 Petri
1420 1675 1468 1751 de
1487 1673 1690 1763 Sabaudia,

282 1801 397 1878 frater
413 1803 614 1879 Durandus
633 1803 828 1881 Charnerii
850 1803 1029 1894 serviens,
1056 1803 1374 1881 Clammontensis
1394 1802 1569 1888 diocesis,
1588 1799 1692 1877 testis

283 1958 393 2035 supra
413 1931 578 2037 juratus,
599 1947 644 2007 nt
661 1930 868 2036 deponeret
893 1932 1037 2008 dictum
1057 1959 1186 2022 suum,
1207 1957 1277 2006 xxx
1295 1957 1480 2006 annomm
1496 1928 1554 2005 vel
1576 1927 1690 2018 circa,

282 2057 348 2163 qui
371 2058 541 2134 habitum
567 2056 774 2134 voluntarie
797 2058 989 2134 dimiserat
1008 2074 1046 2134 et
1067 2057 1147 2134 radi
1164 2057 1301 2135 lecerat
1320 2058 1392 2134 sibi
1412 2056 1584 2146 barbam,
1605 2084 1692 2133 cum

282 2214 359 2292 quo
391 2187 614 2292 inquisitum
648 2185 785 2272 luerat,
816 2185 1010 2263 absolutus
1039 2187 1362 2264 etreconciliatus
1392 2214 1461 2292 per
1493 2185 1690 2263 dominum

283 2314 500 2419 episcopum
526 2314 888 2392 Claromontensem.
924 2317 1044 2392 Lectis
1070 2332 1195 2391 autem
1227 2333 1266 2393 et
1292 2315 1492 2422 diligenter
1518 2315 1691 2420 expositis

283 2443 354 2520 sibi
383 2440 560 2520 omnibus
590 2459 628 2519 et
651 2442 807 2548 singulis
834 2443 1015 2533 articulis,
1043 2444 1240 2549 respondit
1268 2473 1307 2522 se
1335 2445 1493 2534 nescire,
1519 2472 1589 2521 nec
1613 2472 1692 2522 cre·

284 2573 389 2664 dere,
416 2600 486 2649 nec
510 2571 692 2649 audivisse
713 2572 787 2647 dici
805 2573 852 2649 de
874 2574 1060 2651 contentis
1079 2575 1118 2650 in
1138 2574 1192 2652 eis
1213 2574 1284 2650 nisi
1303 2574 1407 2679 quod
1427 2574 1598 2679 sequitur
1615 2604 1624 2649 ε
1640 2573 1694 2649 vi-

285 2701 422 2778 delicet
439 2700 542 2807 quod
556 2702 634 2807 ipse
644 2715 816 2807 receptus
831 2702 969 2795 luerat,
989 2704 1028 2779 in
1045 2705 1221 2780 Paschate
1235 2704 1406 2809 proximo
1423 2704 1599 2807 preterita
1612 2702 1694 2778 fue·

284 2847 375 2907 mnt
392 2855 453 2908 vm
469 2832 573 2919 anni,
590 2858 658 2937 per
675 2829 827 2906 fratrem
845 2832 999 2907 Petrum
1013 2832 1060 2908 de
1075 2832 1221 2909 Madico
1241 2831 1450 2936 quondam,
1472 2831 1510 2906 in
1531 2831 1693 2936 quadam

285 2986 429 3036 camera
450 2960 585 3036 domus
597 2959 749 3064 Templi
770 2959 818 3035 de
838 2960 953 3037 Cellis
967 2960 1288 3038 Clammontensis
1311 2960 1486 3048 diocesis,
1512 2959 1694 3065 presenti·

285 3088 355 3165 bus
373 3088 549 3165 fratribus
568 3089 737 3166 lobanne
759 3088 923 3166 Senandi
943 3104 982 3164 et
1000 3091 1155 3198 Hugone
1177 3089 1391 3178 Charnerii,
1406 3086 1566 3164 testibus
1584 3112 1694 3191 supra

284 3218 517 3306 examinatis,
544 3232 583 3293 et
604 3215 813 3293 Humberto
838 3217 1050 3309 Charnerii,
1077 3217 1143 3324 qui
1170 3216 1313 3324 aufugit
1339 3215 1379 3290 in
1404 3216 1578 3321 capcione
1604 3214 1696 3292 alio-

285 3374 388 3438 rum,
417 3363 456 3423 et
474 3346 655 3425 Durando
680 3346 875 3424 Chamerii
902 3345 1091 3424 defuncto.
1118 3347 1150 3424 Α
1178 3375 1256 3453 quo
1280 3362 1474 3452 receptore
1502 3345 1616 3450 petita
1635 3371 1697 3421 so-

286 3476 418 3553 cietate
447 3475 590 3553 ordinis
624 3477 724 3555 etei
753 3492 944 3567 concessa,
973 3476 1060 3554 lecit
1092 3506 1180 3554 eum
1209 3504 1341 3553 vovere
1373 3493 1410 3553 et
1430 3475 1558 3582 jurare
1585 3502 1696 3579 supra

287 3606 489 3710 quemdam
520 3605 662 3683 librom
703 3607 924 3698 castitatem,
952 3606 1229 3695 obedienciam,
1260 3607 1384 3683 vivere
1410 3605 1492 3680 sine
1522 3602 1693 3708 proprio,

287 3760 429 3812 servare
448 3735 569 3812 bonos
589 3763 680 3812 usus
694 3735 758 3840 qui
773 3750 863 3812 tnnc
884 3751 989 3811 erant
1007 3736 1046 3810 in
1061 3736 1193 3812 ordine
1214 3752 1254 3811 et
1271 3735 1334 3839 qni
1357 3735 1396 3809 in
1413 3750 1606 3837 posterum
1625 3731 1697 3805 im·

287 3881 518 3968 ponerentur
526 3892 593 3971 per
601 3864 819 3972 Magistrum
828 3892 913 3941 cum
927 3864 1085 3941 concilio
1095 3864 1389 3970 presbitemrum
1404 3859 1548 3937 ordinis
1557 3891 1568 3949 3
1577 3874 1615 3934 et
1623 3856 1696 3932 im·

287 3993 408 4094 posito
425 3992 712 4082 sibimantello,
736 4009 907 4097 receptor
929 3990 1003 4068 fuit
1015 3992 1203 4069 osculatus
1223 3992 1347 4097 ipsum
1367 4000 1501 4064 testem
1522 3986 1561 4060 in
1577 3985 1698 4062 umbi·

287 4117 360 4194 lico
384 4148 495 4223 supra
512 4137 650 4210 vestes,
677 4138 715 4198 et
733 4122 837 4198 testis
856 4122 980 4226 ipsum
1002 4137 1039 4197 et
1064 4121 1157 4196 alios
1176 4135 1335 4197 astantes
1352 4119 1391 4194 in
1414 4144 1491 4193 ore.
1511 4116 1601 4193 Post
1621 4142 1697 4222 que

289 4245 411 4322 dictus
430 4265 600 4353 receptor
621 4247 714 4325 dixit
734 4251 768 4326 ei
786 4249 891 4353 quod
911 4276 954 4324 ex
973 4265 1149 4352 precepto
1172 4246 1315 4325 ordinis
1335 4245 1497 4323 debebat
1514 4246 1697 4351 abnegare

290 4376 462 4461 lhesum,
484 4392 522 4452 et
536 4377 616 4481 ipse
630 4378 735 4454 testis
752 4377 946 4483 abnegavit
967 4403 1048 4463 ore,
1071 4404 1147 4452 non
1171 4376 1294 4452 corde.
1316 4376 1463 4454 Deinde
1486 4374 1594 4450 allata
1612 4400 1700 4479 qua⁴

290 4503 376 4579 dam
393 4531 501 4580 cruce
520 4504 644 4613 lignea
662 4504 702 4581 in
724 4532 797 4612 qua
827 4523 906 4583 erat
933 4534 1065 4613 ymago
1080 4505 1254 4583 Crucilixi
1273 4534 1341 4611 per
1357 4503 1509 4581 fratrem
1526 4501 1700 4581 Guisber·

288 4649 371 4709 tum
401 4632 448 4709 de
474 4635 622 4713 Carlato
643 4635 928 4741 presbytemm,
961 4635 1196 4726 defunctum,
1226 4635 1291 4740 qui
1321 4635 1436 4712 eciam
1462 4629 1631 4720 adherat,
1662 4647 1702 4709 et

290 4784 400 4868 supra
414 4764 606 4867 quoddam
621 4793 816 4843 scamnum
830 4764 1025 4857 collocata,
1045 4765 1211 4871 precepit
1225 4765 1260 4842 ei
1273 4764 1394 4842 dictus
1412 4778 1584 4867 receptor
1594 4760 1700 4867 quod

394 4902 499 4960 anoclu
521 4919 574 4962 nas
595 4920 861 4962 masuras-u.
1156 4915 1159 4921 ’
1511 4897 1548 4958 31
