4230 5956
711 473 908 564 procus
935 491 1029 564 nus
1055 479 1352 564 rnurrrsas.
1668 500 1738 570 179

325 631 532 717 veritatem,
566 630 773 708 secundum
795 629 953 709 sormam
977 631 1181 739 juramenti
1207 631 1364 709 aliorum
1392 632 1544 708 testium
1569 638 1742 740 superius

323 759 572 866 registratam,
604 760 808 866 expositam
835 779 873 839 et
896 760 1155 869 vulgaritatem
1184 761 1308 840 eidem
1334 794 1342 838 :
1370 777 1408 837 et
1431 788 1509 837 non
1537 763 1742 845 defferebat

324 889 547 969 mantellum
563 891 725 983 ordinis,
744 892 834 997 quia
846 891 1057 971 voluntarie
1072 893 1195 998 ipsum
1212 892 1405 970 dimiserat
1422 907 1508 997 post
1527 895 1742 999 capcionem

323 1021 501 1110 aliorum,
524 1037 562 1097 et
585 1021 665 1099 radi
685 1021 822 1101 lecerat
841 1023 913 1100 sibi
934 1024 1108 1111 barbam,
1135 1040 1173 1099 et
1190 1021 1398 1101 voluntarie
1422 1041 1573 1101 venerat
1592 1025 1640 1101 ad
1659 1053 1743 1132 pre-

324 1151 488 1230 senciam
508 1149 773 1257 inquisitorum
798 1153 977 1244 Parisino,
999 1170 1037 1230 et
1056 1152 1332 1258 inquisiverunt
1360 1180 1446 1228 cum
1475 1181 1536 1242 eo,
1558 1153 1625 1230 sed
1645 1180 1743 1232 non·
1783 1228 1788 1234 ,

325 1283 416 1359 dum
443 1299 521 1358 erat
547 1280 742 1360 absolutus
765 1311 835 1361 neo
853 1283 1113 1362 reconciliatus
1133 1311 1200 1388 per
1219 1282 1382 1388 aliquem
1404 1283 1605 1388 prelatum,
1628 1301 1667 1362 et
1686 1304 1743 1362 est

323 1410 473 1520 triginta
499 1439 684 1490 annorum
700 1414 759 1491 vel
778 1414 885 1491 circa.
911 1413 1033 1491 Lectis
1050 1430 1176 1489 autem
1197 1429 1235 1489 et
1253 1398 1455 1517 diligenter
1475 1413 1652 1519 expositis
1670 1414 1741 1492 sibi

324 1539 500 1619 omnibus
521 1556 559 1616 et
577 1540 733 1647 singulis
749 1542 929 1633 articulis,
950 1542 1147 1649 respondit
1161 1541 1262 1648 quod
1282 1569 1359 1618 non
1379 1558 1530 1620 steterat
1549 1543 1588 1618 in
1608 1544 1742 1622 ordine

323 1671 395 1747 nisi
410 1698 631 1777 perannum
652 1672 712 1749 vel
736 1701 868 1778 parum
884 1673 986 1780 plus,
1003 1702 1073 1750 nec
1084 1673 1228 1749 viderat
1241 1671 1355 1777 recipi
1377 1672 1446 1748 nisi
1467 1701 1587 1749 unum
1603 1673 1737 1761 alium,

324 1802 426 1878 unde
452 1799 657 1891 nesciebat,
686 1829 755 1880 nec
781 1803 974 1894 credebat,
1003 1833 1073 1880 nec
1099 1803 1290 1880 audiverat
1316 1801 1389 1879 dici
1416 1801 1464 1877 de
1492 1802 1677 1878 contentis
1699 1803 1738 1879 in

323 1932 413 2037 ipsis
433 1930 597 2007 articulis
616 1931 687 2008 nisi
703 1933 808 2038 quod
834 1933 1025 2039 sequitur:
1045 1932 1148 2008 Dixit
1172 1932 1273 2008 enim
1296 1958 1335 2007 se
1355 1928 1469 2006 luisse
1488 1948 1680 2036 receptum
1699 1932 1740 2007 in

324 2060 475 2136 instanti
496 2058 592 2136 sesto
609 2058 885 2166 Assumptionis
899 2061 1008 2137 beate
1025 2061 1140 2138 Marie
1157 2076 1268 2136 erunt
1282 2060 1450 2165 quinque
1465 2050 1571 2146 anni,
1589 2087 1657 2166 per
1670 2059 1741 2137 fra·

324 2206 421 2266 trem
435 2189 688 2267 Humbertum
705 2187 753 2265 de
772 2189 964 2268 Corbonio
979 2189 1140 2266 militem
1160 2189 1369 2296 quondam,
1390 2189 1429 2264 in
1445 2187 1585 2294 capella
1606 2190 1741 2268 demus

325 2318 476 2424 Templi
502 2319 549 2396 de
572 2319 724 2395 Foresta
750 2319 1023 2396 Lemovicensis
1048 2319 1225 2411 diocesis,
1248 2318 1484 2425 presentibus
1511 2319 1668 2427 Hugone
1691 2321 1741 2416 de

324 2448 414 2525 Lata
437 2450 544 2525 Petra
570 2447 771 2540 serviente,
797 2447 862 2555 qui
889 2448 1060 2556 auffugit,
1083 2448 1289 2525 Bertrando
1315 2449 1364 2525 de
1382 2448 1583 2526 Vassinbac
1601 2448 1739 2537 milite,

324 2577 387 2685 qui
416 2577 679 2664 transfretavit,
699 2578 900 2655 Vincencio
924 2578 1132 2684 presbitero
1147 2578 1366 2686 quondam,
1394 2577 1499 2685 cujus
1530 2606 1740 2685 cognomen

324 2708 490 2814 ignorat,
523 2725 560 2784 et
586 2707 812 2786 Humbando
839 2708 877 2786 lo
904 2710 1086 2818 Berroyer
1108 2711 1309 2796 serviente,
1333 2708 1542 2796 deffuncto,
1571 2710 1611 2785 in
1639 2711 1740 2787 hunc

325 2839 480 2916 modum
503 2871 511 2916 ε
533 2852 618 2916 narn
645 2867 732 2917 curn
757 2839 949 2946 periisset,
975 2856 1086 2946 prout
1114 2840 1318 2915 instructus
1344 2837 1480 2927 luerat,
1508 2835 1737 2915 beneficium

327 2968 487 3056 ordinis,
510 2985 548 3044 et
568 2967 602 3045 ei
622 2996 840 3046 concessum
858 2967 1005 3057 fuisset,
1027 2966 1198 3046 lecerunt
1217 2996 1306 3045 eum
1325 2995 1457 3045 vovere
1479 2984 1516 3044 et
1529 2967 1658 3075 jurare
1677 2995 1740 3046 su·

324 3126 392 3204 per
416 3099 618 3204 quemdam
638 3098 778 3175 librum
797 3114 994 3205 apertum,
1011 3098 1050 3175 in
1074 3127 1150 3205 quo
1171 3115 1250 3174 erat
1268 3126 1400 3205 ymago
1420 3095 1611 3187 Crucifixi,
1633 3099 1741 3175 casti-

325 3243 459 3317 tatem,
486 3228 763 3316 obedienciam,
790 3245 828 3305 ct
845 3229 968 3306 vivere
987 3228 1068 3306 sine
1087 3229 1257 3335 proprio,
1280 3244 1317 3304 et
1335 3227 1437 3334 quod
1459 3254 1536 3304 non
1559 3228 1740 3305 revelaret

325 3374 464 3435 secreta
482 3357 763 3466 capituliorum3
785 3374 822 3435 et
839 3359 1016 3464 imposito
1040 3359 1111 3437 sibi
1134 3386 1203 3466 per
1225 3359 1368 3435 dictum
1387 3375 1619 3463 receptorem
1639 3386 1740 3435 man-

325 3486 428 3575 tello,
449 3488 528 3593 ipse
545 3503 717 3594 receptor
734 3489 847 3593 peciit
865 3488 912 3565 ab
932 3517 977 3566 eo
997 3489 1028 3564 si
1048 3488 1224 3565 credebat
1242 3487 1281 3564 in
1301 3487 1409 3564 illum
1430 3488 1494 3593 qui
1514 3504 1740 3592 representa·

324 3615 434 3694 batur
456 3645 524 3724 per
548 3617 685 3695 dictam
710 3619 923 3727 ymaginem
950 3618 1152 3698 Crucifixi:
1172 3617 1520 3724 quorespondcnte
1540 3616 1644 3722 quod
1667 3617 1737 3706 sic,

326 3745 419 3824 dixit
438 3747 473 3823 ei
491 3748 597 3855 quod
615 3776 692 3826 non
715 3748 884 3825 crederet
904 3749 943 3824 in
963 3776 1069 3836 eum,
1091 3766 1129 3825 et
1150 3747 1316 3854 precepit
1334 3747 1438 3853 quod
1458 3761 1611 3853 spueret
1628 3774 1740 3851 super

326 3877 464 3956 dictam
482 3879 709 3987 ymaginem,
730 3895 768 3954 et
783 3879 865 3985 ipse
882 3880 1003 3967 testis,
1021 3860 1129 3956 valde
1148 3877 1374 3985 stupefactus
1389 3894 1427 3953 ct
1440 3876 1623 3960 turbatus,
1640 3876 1741 3980 spuit

325 4035 438 4114 super
461 4008 608 4085 dictum
637 4008 798 4099 librum,
828 4009 956 4087 dicens
984 4009 1088 4115 quod
1115 4027 1205 4084 tunc
1229 4007 1340 4084 vellet
1364 4007 1530 4081 amisisse
1557 4032 1737 4111 pugnum.

326 4137 473 4214 Deinde
492 4137 584 4214 dixit
605 4139 639 4215 ei
658 4138 764 4244 quod
784 4168 871 4217 cum
894 4137 1068 4215 fratribus
1093 4136 1236 4213 ordinis
1254 4151 1400 4241 poterat
1422 4122 1620 4210 'carnaliter
1638 4161 1740 4214 oom-

326 4266 472 4341 misceri
500 4281 538 4342 et
564 4267 633 4372 ipsi
657 4295 744 4342 cum
771 4296 836 4356 eo;
865 4268 938 4344 hoc
963 4283 1089 4343 tamen
1116 4292 1193 4342 non
1217 4262 1322 4355 lecit,
1344 4293 1413 4340 uec
1432 4264 1551 4343 credit
1568 4265 1674 4372 quod
1697 4265 1737 4343 in

326 4395 459 4472 ordine
479 4394 779 4472 committeretur
796 4395 937 4472 dictum
958 4410 1148 4500 peccatum
1168 4389 1446 4471 sodomiticum.
1468 4395 1556 4472 Post
1582 4421 1658 4500 que
1684 4392 1741 4471 di·

326 4542 407 4602 ctus
417 4541 588 4630 receptor
601 4541 640 4600 et
653 4523 783 4601 iratres
794 4541 956 4602 astantes
968 4522 1120 4599 suerunt
1136 4550 1223 4600 euru
1238 4522 1393 4601 osculati
1412 4523 1452 4599 in
1466 4550 1549 4614 ore,
1566 4539 1604 4599 et
1618 4521 1738 4601 credit

325 4656 429 4762 quod
445 4655 543 4732 dicta
558 4655 656 4732 licita
672 4672 709 4732 ct
724 4655 851 4732 illicita
866 4653 1068 4732 confessata
1086 4681 1155 4758 per
1173 4680 1263 4730 eum
1282 4653 1549 4730 intervenirent
1568 4679 1737 4731 commu-

326 4785 424 4863 niter
445 4802 482 4862 et
501 4784 644 4890 ubique
664 4784 1003 4892 in‘recepcionibus
1028 4783 1188 4861 aliorum
1208 4783 1266 4861 vel
1286 4801 1388 4890 post,
1414 4784 1601 4890 quianon
1621 4782 1742 4859 credit

546 4934 549 4938 ’
1544 4920 1592 4979 23.
