4268 5946
462 470 535 545 nse
848 445 1047 539 esoces
1075 462 1171 534 ons
1197 458 1495 533 renenlnes.

460 608 635 688 lintribus
653 608 720 714 qui
742 608 780 682 in
799 607 878 711 ipsa
897 607 1013 683 domo
1038 621 1130 681 tunc
1157 618 1278 691 erent,
1303 601 1385 707 ipso
1409 599 1524 677 lretre
1542 565 1808 676 Bartholdmeo
1822 602 1887 706 qui

461 741 639 847 loquitur,
663 739 741 845 jam
766 755 856 813 tune
880 736 1091 842 presbitero
1122 732 1300 808 existente
1329 747 1367 807 et
1392 745 1609 807 remanente
1638 744 1738 806 extre
1765 730 1889 838 copel·

461 873 536 950 lem
550 869 769 977 predictam.
785 869 833 944 Et
851 883 935 974 post
947 864 1141 973 paululum
1155 860 1399 939 veneruntad
1414 861 1536 968 ipsum
1550 859 1616 966 qni
1629 859 1796 967 loquitur
1808 862 1888 938 duo

458 1004 592 1081 fratres
609 1028 716 1078 senes
732 1000 823 1076 dicti
837 998 998 1087 ordinis,
1019 997 1066 1073 de
1084 993 1303 1073 nominibus
1322 1021 1484 1099 qnorum
1499 992 1592 1069 dixit
1609 1020 1650 1068 se
1670 991 1715 1068 sd
1732 991 1887 1098 plenum

462 1161 540 1211 non
558 1130 763 1218 recordari,
782 1147 820 1206 et
838 1126 1123 1204 introduxerunt
1141 1125 1266 1230 ipsum
1287 1123 1354 1229 qui
1371 1122 1541 1230 loquitur
1557 1122 1597 1197 in
1610 1122 1812 1228 quemdem
1832 1152 1890 1199 ce-

462 1290 602 1339 meram
623 1289 696 1367 que
718 1276 776 1336 est
790 1260 895 1364 juxta
916 1258 1125 1346 ecclesiam,
1155 1256 1195 1332 in
1214 1284 1288 1361 qne
1300 1255 1400 1361 jacet
1421 1253 1536 1331 freter
1558 1252 1772 1359 capellanus
1792 1254 1890 1331 dicte

465 1394 615 1480 domus;
637 1390 703 1467 ubi
729 1390 900 1467 dixerunt
920 1390 991 1495 ipsi
1012 1387 1264 1494 qui-loquitur
1288 1385 1425 1462 multas
1444 1385 1662 1492 asperitates
1679 1382 1841 1473 ordinis,
1855 1403 1891 1462 et

464 1550 510 1598 an
531 1523 610 1625 ipse
627 1521 692 1626 qui
712 1520 827 1625 recipi
841 1518 1003 1596 debebat
1024 1517 1181 1596 heberet
1199 1516 1368 1594 membra
1387 1544 1453 1593 sua
1470 1544 1573 1607 sens,
1596 1532 1633 1591 et
1646 1529 1774 1592 utrum
1796 1535 1890 1592 esset

465 1651 822 1738 excommunicatus,
854 1667 891 1725 et
917 1666 1042 1727 utrum
1072 1666 1169 1725 esset
1197 1647 1380 1754 obligatus
1407 1644 1673 1738 creditoribus,
1698 1662 1737 1723 et
1762 1672 1809 1723 en
1828 1675 1892 1722 vo-

465 1799 546 1858 tum
565 1781 750 1858 emisisset
774 1781 935 1857 intrandi
955 1779 1070 1856 elium
1092 1776 1264 1858 ordinem
1285 1806 1353 1856 seu
1373 1777 1611 1884 religionem,
1632 1776 1803 1855 etmulte
1820 1777 1890 1853 elia

465 1939 539 2016 que
559 1912 799 1988 continentur
818 1912 857 1987 in
878 1911 1046 2017 quodem
1058 1909 1156 1987 libro
1178 1909 1244 2016 qni
1265 1907 1474 2016 appelletur
1487 1907 1584 1987 liber
1595 1908 1843 1986 Stetntorum'·
1851 1925 1890 1984 et

465 2041 593 2148 regula
612 2041 757 2118 ordinis
780 2041 1093 2147 Templeriorum.
1120 2041 1169 2118 Et
1192 2067 1279 2116 oum
1303 2040 1383 2146 ipse
1414 2039 1480 2145 qui
1504 2037 1672 2144 loquitur
1693 2036 1743 2114 ed
1765 2040 1891 2115 omnia

467 2173 737 2278 respondisset,
767 2190 805 2248 et
823 2173 1037 2250 docuissent
1058 2199 1146 2249 eum
1166 2170 1258 2278 quid
1277 2169 1433 2249 haberet
1448 2169 1573 2247 dicere
1589 2170 1817 2277 preceptori,
1836 2169 1892 2245 in·

466 2302 713 2382 troduxerunt
736 2329 823 2379 eum
844 2303 882 2378 in
902 2301 1093 2378 eeclesiam
1114 2300 1181 2377 ubi
1204 2317 1281 2376 eret
1300 2300 1422 2376 dictus
1439 2317 1639 2405 preceptor
1665 2326 1751 2377 cum
1772 2297 1893 2375 fratri-

468 2432 538 2510 bus
559 2432 624 2509 ubi
643 2432 822 2508 tenebant
841 2430 1043 2535 capitulum
1067 2459 1137 2536 pro
1156 2429 1350 2534 predictis,
1370 2430 1506 2508 clausis
1518 2430 1645 2536 januis
1660 2428 1811 2508 ecclesie
1829 2460 1894 2507 su-

468 2561 649 2667 pradicte,
668 2578 706 2638 et
724 2560 830 2639 flexis
848 2561 1006 2667 genibus
1022 2578 1060 2637 et
1073 2560 1274 2666 complosis
1293 2561 1468 2638 menibus
1485 2588 1612 2639 coram
1627 2588 1690 2649 eo,
1708 2560 1800 2637 dixit
1812 2560 1892 2667 ipse

469 2693 534 2797 qui
553 2691 790 2798 recipiendus
811 2708 889 2768 eret
906 2723 914 2766 :
931 2691 1136 2782 «Domine,
1158 2692 1240 2769 Deo
1257 2708 1295 2768 et
1310 2692 1420 2769 beate
1430 2692 1547 2770 Mario
1558 2691 1719 2798 Virgini,
1741 2691 1893 2769 etvolris

403 2852 409 2867 ·
470 2839 507 2899 et
528 2822 703 2900 omnibus
714 2879 835 2898 .....
864 2821 1033 2928 supplico
1057 2848 1118 2898 me
1143 2821 1315 2928 reeipiin
1332 2821 1405 2899 hoc
1424 2821 1557 2899 ordine
1577 2821 1617 2898 in
1633 2821 1776 2900 socium
1799 2840 1836 2899 et
1855 2825 1893 2899 in

469 2953 621 3030 fratrem
644 2953 794 3059 proprie
812 2951 860 3028 sd
884 2952 1122 3031 serviendum
1139 2953 1239 3044 Deo,
1258 2980 1328 3058 pro
1347 2953 1472 3029 anima
1490 2979 1575 3029 mee
1595 2951 1776 3060 ssl[oandn
1796 2952 1893 3061 relli-

470 3110 589 3185 quum
604 3083 678 3157 vite
696 3098 844 3186 tempus
866 3110 948 3158 mee
965 3083 1274 3188 voloexpendere
1290 3082 1339 3159 ad
1356 3083 1509 3160 leudem
1522 3082 1608 3175 Dei,
1627 3100 1667 3160 et
1681 3083 1752 3162 sibi
1772 3084 1812 3162 in
1822 3084 1893 3162 hoc

471 3208 603 3285 ordine
623 3227 808 3314 perpetuo
829 3209 1015 3288 lanruleri.
1033 3248 1046 3280 ι
1061 3214 1125 3289 Et.
1145 3271 1153 3288 .
1173 3271 1182 3288 .
1263 3213 1387 3291 dietus
1401 3231 1598 3320 preceptor
1604 3215 1717 3322 jussit
1729 3214 1893 3292 eundem

471 3340 621 3417 fratrem
638 3339 703 3444 qui
725 3338 895 3444 loquitur
912 3340 1009 3416 exire
1031 3324 1245 3430 ecclesieln,
1266 3360 1305 3418 et
1322 3360 1408 3448 post
1424 3344 1618 3422 modicum
1628 3386 1631 3391 ·
1642 3362 1792 3452 tempus
1809 3345 1897 3423 fecit

472 3470 592 3575 [ipsum
602 3468 731 3575 velseri
746 3485 785 3546 et
795 3469 892 3547 adse
908 3471 1046 3547 venire.
1062 3471 1181 3549 Multa
1203 3472 1401 3550 eciemslie
1411 3475 1460 3550 in·
1471 3474 1569 3552 dieto
1580 3477 1665 3584 ejus
1678 3477 1896 3582 reeepcione

471 3601 625 3678 fuerunt
643 3600 758 3688 dicte,
785 3600 925 3705 prolate
949 3617 987 3678 et
1006 3601 1179 3679 ordinate
1191 3631 1261 3710 per
1277 3602 1420 3681 dictum
1439 3622 1713 3712 preceptorem,
1734 3624 1773 3683 et
1790 3605 1838 3683 sd
1854 3635 1897 3684 ea

474 3759 649 3836 response
673 3731 757 3808 date
776 3760 844 3836 per
868 3731 988 3838 ipsum
1012 3731 1165 3812 fratrem
1183 3734 1490 3814 Bartholomeum
1512 3757 1721 3844 receptum,
1744 3739 1839 3816 sicut
1860 3739 1897 3815 in

472 3862 639 3967 quodam
651 3862 748 3939 libro
759 3864 1155 3970 continenterognlam
1163 3865 1254 3943 dieti
1262 3867 1405 3944 ordinis
1415 3867 1526 3945 letius
1536 3869 1760 3948 continetur.
1773 3870 1898 3963 Quem

474 3992 775 4097 inquamlibrnm
785 3995 887 4071 idern
895 3994 1515 4105 sraterBartholomeuscepellsnus
1524 3998 1614 4077 lecit
1621 4001 1669 4078 de
1679 4000 1899 4078 dictedomo

474 4123 593 4199 Mensi
615 4122 684 4199 Dei
709 4151 776 4228 per
797 4124 991 4230 quendem·
999 4127 1181 4232 juvenem
1200 4129 1382 4234 eporteri,
1405 4146 1443 4206 et
1460 4132 1664 4238 presentari
1685 4131 1811 4209 eidem
1831 4131 1900 4209 do·

474 4252 577 4329 mino
591 4253 766 4359 episcopo
779 4254 931 4333 Elnensi
947 4274 984 4334 et
994 4258 1181 4335 canonicis
1197 4257 1369 4337 Elnensis
1382 4260 1537 4338 ecclesie
1550 4253 1743 4369 predictis,
1757 4288 1901 4339 necnon

474 4383 563 4460 viris
581 4384 764 4492 religiosis
782 4386 1083 4467 Predicntoribus
1101 4406 1139 4468 et
1156 4390 1369 4470 Minoribus
1381 4393 1560 4499 predictis
1573 4421 1702 4471 seeum
1715 4393 1905 4501 inquiren·

475 4514 576 4591 tibus
596 4532 633 4595 ct
650 4516 872 4607 astantibus,
893 4544 1059 4626 quornm
1079 4521 1231 4599 nomina
1252 4523 1292 4598 in
1313 4524 1468 4602 exordio
1478 4524 1601 4632 hujus
1621 4541 1801 4633 enqneste
1814 4540 1905 4602 sunt

475 4645 647 4747 superius
657 4647 865 4741 interserta.
879 4648 1131 4729 Libertatem
1143 4653 1313 4760 predicte
1328 4655 1460 4762 regule
1470 4655 1523 4733 sic
1538 4655 1668 4764 incipit
1678 4656 1718 4732 in
1728 4682 1903 4734 romono:

486 4830 489 4835 ·
533 4774 634 4864 Quen
652 4778 765 4852 eleum
781 4805 900 4879 procer
919 4808 1041 4882 sepner
1058 4783 1094 4860 le
1112 4810 1277 4890 eompeye
1297 4785 1340 4863 de
1358 4787 1394 4863 ta
1414 4789 1548 4892 Moyse.
