4268 5946
456 441 528 516 ooo
841 423 1036 514 paucus
1061 441 1156 513 uus
1182 439 1478 512 ruurmnns

454 612 524 660 nec
543 609 707 688 unquam
729 609 847 687 usque
863 610 965 658 nunc
977 580 1385 688 mentionemaliquam
1405 579 1546 659 audivit
1563 580 1636 656 dici
1656 582 1713 658 vel
1728 581 1811 659 lieri
1826 583 1872 659 de

455 713 647 819 predictis;
665 741 735 789 nec
748 712 997 818 scitquodsit
1013 712 1166 820 ydolum
1187 740 1256 789 nec
1275 712 1396 818 capud
1415 710 1535 819 ydoli,
1556 726 1627 788 nec
1644 729 1750 819 putat
1767 713 1871 820 quod

456 846 495 920 in
518 843 689 951 capitulis
716 843 806 920 dicti
835 843 976 920 ordinis
1001 843 1235 948 temporibus
1259 841 1460 920 antedictis¹
1478 842 1619 919 fuerint
1641 860 1789 921 tractata
1811 845 1870 921 vel

458 976 553 1051 diota
577 1003 650 1080 que
665 974 830 1051 Domino
850 991 978 1051 nostro
994 973 1112 1050 ‘Jhesu
1131 973 1282 1052 Christo
1297 973 1458 1050 debeant
1479 973 1685 1079 displicere.

513 1107 633 1210 Super
651 1104 732 1180 aliis
751 1132 839 1180 vero
861 1120 937 1180 tam
958 1103 1239 1180 circumstantiis
1264 1130 1376 1209 quam
1395 1101 1690 1179 coherentibus
1679 1105 1769 1208 rpsis
1788 1102 1877 1179 arti·

458 1235 552 1311 culis
569 1234 791 1340 diligenter
782 1251 1049 1340 interrogatus,
1069 1233 1160 1310 dixit
1176 1261 1215 1310 se
1227 1260 1369 1310 nescire
1378 1233 1504 1341 plura
1520 1261 1589 1310 neo
1603 1233 1755 1310 credere
1767 1232 1877 1309 aliter

456 1392 568 1472 quam
587 1364 759 1469 superius
779 1381 834 1439 est
849 1360 1050 1440 confessus.

513 1611 562 1702 vu
574 1624 750 1701 ¹kalendas
769 1623 960 1711 februarii,
983 1650 1077 1699 anno
1095 1651 1170 1728 quo
1188 1651 1310 1728 supra.

514 1757 638 1832 XXIII.
664 1757 792 1831 Frater
822 1752 1045 1831 Guillelmus
1070 1752 1117 1830 de
1143 1753 1279 1831 Sancto
1304 1752 1452 1858 Ypolito
1479 1755 1577 1831 dicte
1601 1753 1736 1832 domus
1756 1756 1874 1834 lulensi

457 1887 525 1962 Dei
546 1885 689 1961 ordinis
709 1884 797 1960 dicti
812 1882 977 1988 Templi,
998 1884 1104 1960 testis
1117 1883 1263 1989 juratus
1282 1884 1328 1959 ad
1348 1901 1472 1961 sancta
1491 1885 1560 1961 Dei
1581 1885 1791 1992 Evangelia,
1814 1913 1876 1961 su·

458 2044 524 2120 per
542 2016 719 2122 predictis
744 2014 904 2091 articulis
922 2032 959 2090 et
978 2042 1109 2092 eorum
1131 2014 1302 2119 quolibet
1319 2013 1388 2091 sibi
1410 2015 1583 2120 expositis
1602 2015 1640 2090 in
1659 2016 1816 2121 urlgari,
1834 2033 1879 2091 ut

458 2145 669 2252 principalis
690 2145 738 2222 de
755 2172 794 2222 se
809 2144 908 2249 ipso,
930 2162 968 2221 et
986 2161 1031 2221 ut
1048 2145 1158 2221 testis
1172 2143 1220 2220 de
1238 2143 1335 2234 aliis,
1353 2143 1550 2251 diligenter
1564 2161 1602 2221 et
1620 2144 1807 2251 sigillatim
1822 2146 1879 2221 in-

458 2292 681 2382 terrogatus,
720 2274 950 2379 respondens
980 2274 1025 2351 ad
1056 2275 1236 2379 primum,
1263 2301 1457 2353 u—xxxrx·
1480 2275 1657 2354 mimlos
1680 2274 1875 2362 inclusive,

458 2406 602 2510 negavit
625 2407 723 2508 ipsos
747 2404 920 2481 articulos
944 2423 982 2481 et
1000 2407 1129 2482 omnia
1150 2422 1186 2481 et
1205 2404 1351 2512 singula
1371 2422 1544 2482 contenta
1565 2406 1605 2481 iu
1631 2407 1701 2491 eis,
1724 2422 1878 2511 excepto

460 2533 563 2641 quod
583 2533 773 2610 confessus
786 2551 842 2610 est
859 2533 1051 2612 Christum
1071 2534 1225 2610 Jhesum
1254 2532 1469 2610 crucifixum
1486 2562 1616 2611 verum
1636 2535 1759 2612 Deum
1779 2562 1876 2624 esse,

459 2692 606 2770 passum
632 2681 668 2740 et
693 2681 886 2741 mortuum
912 2662 1027 2743 luisse
1051 2666 1089 2740 in
1111 2664 1214 2772 ligno
1233 2681 1357 2741 sancte
1381 2664 1501 2740 crucis
1523 2691 1593 2769 pro
1617 2663 1878 2768 redemptione

458 2796 611 2873 humani
631 2795 793 2900 generis,
816 2823 890 2872 non
909 2820 978 2900 pro
989 2782 1110 2902 'culpis
1130 2792 1280 2899 nee'pro
1297 2793 1455 2901 peccatis
1468 2793 1561 2881 suis,
1578 2793 1645 2870 sed
1659 2819 1729 2900 pro
1740 2793 1879 2869 uostris

459 2925 648 3015 duntaxat,
669 2954 756 3002 cum
781 2927 859 3030 ipse
877 2942 1070 3030 peccatum
1098 2952 1173 3001 non
1196 2922 1342 3011 lecerit,
1361 2952 1431 3000 nec
1451 2922 1561 3001 dolus
1579 2951 1745 3029 unquam
1764 2921 1880 2998 luerit

458 3056 496 3129 in
517 3082 582 3131 ore
603 3058 684 3160 ejus
703 3084 850 3159 semper
864 3056 1043 3144 veridioo;
1065 3083 1105 3131 se
1123 3054 1262 3131 habere
1282 3082 1386 3158 spem
1406 3053 1551 3130 firmam
1573 3053 1745 3129 habende
1765 3051 1880 3128 salra-

457 3184 573 3260 tionis
591 3213 659 3287 per
678 3212 765 3259 eum
781 3202 818 3259 et
835 3213 902 3287 per
919 3184 1106 3260 neminem
1127 3184 1263 3274 alium;
1284 3210 1353 3289 pro
1369 3184 1478 3292 cujus
1492 3185 1636 3262 honore
1651 3183 1729 3288 ipse
1744 3198 1781 3259 et
1794 3179 1878 3256 reli-

460 3313 525 3417 qui
535 3310 664 3388 fratres
672 3311 819 3416 Templi
830 3314 978 3416 portant
988 3311 1133 3417 signum
1149 3311 1368 3389 venerabilis
1383 3310 1503 3390 crucis
1513 3312 1632 3390 rubee
1643 3313 1684 3387 in
1693 3308 1880 3388 mantellis

461 3441 561 3519 albis·
568 3442 625 3519 vel
639 3443 768 3549 nigris,
791 3443 830 3518 in
849 3440 1007 3548 figuram
1019 3442 1082 3517 rel
1099 3441 1247 3549 signum
1266 3442 1359 3518 sacri
1380 3443 1570 3550 sanguinis
1585 3443 1700 3521 lhesu
1718 3440 1878 3525 Christi,

461 3574 567 3681 cujus
581 3573 765 3650 effusione
784 3573 864 3679 ipse
883 3600 1032 3671 crucem
1052 3600 1157 3650 suam
1172 3572 1438 3651 sanctissimam
1457 3573 1668 3678 insignavit;
1685 3598 1798 3676 quarn
1812 3569 1881 3644 fra-

460 3722 534 3782 tres
552 3703 639 3781 dicti
660 3705 807 3808 Templi
825 3721 884 3779 ter
901 3704 940 3779 in
960 3732 1058 3780 anno
1078 3680 1233 3780 adorant
1251 3720 1473 3780 reverenter.

515 3837 609 3911 Item
631 3834 818 3912 confessus
834 3851 890 3911 est
908 3835 1030 3940 quod,
1048 3851 1219 3938 tempore
1234 3862 1302 3910 sne
1321 3835 1566 3938 recepoionis,
1584 3850 1658 3909 tam
1678 3847 1879 3938 preceptor

461 3965 740 4070 MansiDei,qui
751 3965 873 4070 ipsum
886 3965 925 4039 in
939 3963 1088 4039 fratrem
1101 3963 1241 4068 recepit
1252 3960 1300 4038 ad
1307 3964 1485 4039 ordinem
1493 3961 1582 4038 dicti
1590 3962 1752 4067 Templi,
1763 3988 1877 4066 quam

461 4093 540 4197 ipse
559 4111 727 4198 receptus
739 4122 806 4198 per
822 4122 926 4182 eum,
941 4121 1020 4170 sese
1033 4109 1164 4169 mutuo
1178 4092 1332 4169 osculati
1351 4091 1504 4169 luerunt
1522 4093 1562 4167 in
1582 4118 1648 4169 ore
1661 4108 1821 4167 tantum.

516 4223 619 4300 Idem
639 4223 785 4300 addidit
804 4253 843 4301 se
863 4223 1030 4311 credere,
1053 4240 1090 4300 et
1108 4222 1209 4299 idem
1232 4223 1352 4298 credit
1369 4223 1491 4299 *eciam
1511 4223 1560 4298 de
1587 4220 1669 4298 aliis
1692 4222 1769 4297 suis
1793 4247 1880 4295 oon-

460 4353 648 4443 lrutrihus,
663 4356 790 4431 omnia
804 4370 1027 4431 sacramenta
1042 4350 1204 4429 Ecclesie
1217 4348 1288 4429 Dei
1302 4380 1386 4429 vera
1401 4380 1480 4429 esse
1496 4368 1533 4428 et
1547 4351 1706 4430 salutem
1721 4350 1878 4427 humaui

461 4485 608 4589 generis
621 4482 803 4562 contineri
818 4484 958 4572 inillis,
972 4500 1009 4561 et
1024 4511 1102 4560 esse
1119 4481 1236 4559 fidem
1250 4510 1354 4560 suam
1368 4481 1492 4587 quod
1482 4510 1520 4558 ro
1535 4482 1625 4588 ipsis
1640 4479 1881 4558 sacramentis

462 4613 508 4689 sit
523 4615 623 4693 salus
643 4634 680 4692 et
697 4614 873 4693 liberacio
889 4631 1125 4723 peccatorum
1140 4613 1311 4690 omnium
1324 4612 1491 4689 fidelium
1501 4613 1731 4718 sperantium
1747 4611 1786 4687 iu
1800 4611 1879 4687 Do·

461 4743 564 4820 mino
578 4746 692 4822 lhesu
711 4747 871 4825 Christo
