4230 5956
447 456 493 529 ot
833 433 1026 526 procus
1053 453 1148 524 nus
1175 451 1477 523 runrurnns.

445 624 629 685 mensem,
652 595 808 701 repetita
827 593 1100 699 protestacione
1120 591 1226 698 quod
1246 620 1322 670 non
1343 589 1506 666 intendit
1525 587 1700 667 recedere
1719 618 1739 667 a
1756 592 1869 701 depo·

445 728 584 805 sicione
605 756 672 833 per
699 754 785 802 eum
809 722 903 800 lacta
923 752 1046 801 coram
1078 721 1179 799 dicto
1209 721 1364 798 domino
1390 720 1687 827 archiepiscopo,
1704 721 1811 802 lectis
1830 745 1868 802 et

450 858 649 966 diligenter
674 855 850 963 expositis
873 855 944 931 sibi
966 852 1144 930 omnibus
1169 870 1207 929 et
1231 851 1387 960 siugulis
1407 851 1589 940 articulis,
1611 853 1808 959 respondit
1827 884 1867 931 se
1895 953 1902 962 ι

445 990 607 1077 nescire,
629 1016 699 1065 nec
719 986 889 1074 credere,
907 1012 976 1061 nec
991 984 1175 1061 audivisse
1191 984 1265 1060 dici
1286 984 1332 1060 de
1348 983 1533 1059 contentis
1549 983 1588 1057 in
1606 982 1659 1059 cis
1676 983 1747 1062 nisi
1762 987 1867 1091 qnod

383 1090 388 1099 Ι
444 1106 626 1226 sequitur.
651 1119 753 1195 Dixit
777 1145 913 1222 nempe
938 1145 976 1192 se
1002 1114 1115 1193 fuisse
1140 1132 1349 1220 receptum,
1374 1114 1469 1189 circa
1497 1112 1635 1191 festum
1660 1115 1865 1193 Natiuitatis

442 1246 596 1329 Domini
622 1251 792 1356 proximo
815 1247 1036 1355 preteritum
1064 1244 1217 1323 fuerunt
1248 1271 1318 1321 xxx
1344 1245 1430 1319 anni
1463 1261 1500 1320 et
1529 1242 1631 1349 plus,
1657 1245 1698 1319 in
1725 1246 1866 1352 capella

445 1381 583 1469 domus
601 1381 733 1486 templi
755 1381 801 1456 de
823 1380 1027 1457 Somorcns
1046 1374 1307 1453 Ambianensis
1327 1374 1502 1462 diocesis,
1523 1403 1592 1480 per
1610 1373 1762 1453 fratrem
1782 1376 1865 1453 Gal-

362 1502 365 1507 ’
444 1528 569 1588 terum
588 1511 709 1588 d’Este
730 1509 923 1615 quondam
939 1507 1116 1594 militem,
1137 1523 1229 1582 tunc
1248 1521 1508 1610 preceptorem
1530 1504 1578 1580 de
1598 1506 1770 1597 Pontivo,
1789 1536 1867 1613 pre-

444 1641 614 1720 sentibus
640 1639 816 1717 lratribus
840 1638 1039 1744 Radulpho
1071 1637 1118 1713 de
1145 1637 1300 1743 Sorney,
1322 1634 1462 1712 Jacobo
1487 1634 1534 1712 de
1560 1634 1695 1712 Rubeo
1714 1638 1862 1727 Monte,

444 1771 711 1851 Bartholomeo
740 1771 787 1847 de
811 1771 905 1876 Cays
925 1785 964 1845 et
982 1768 1147 1845 Roberto
1165 1768 1211 1844 de
1230 1765 1337 1843 Rozis
1358 1765 1581 1855 deffunctis;
1602 1795 1623 1844 a
1642 1795 1720 1875 quo
1740 1769 1865 1874 petitis

444 1932 538 2010 pane
556 1922 592 1980 et
608 1932 720 2009 aqua,
738 1901 914 1978 societate
931 1919 967 1976 et
981 1927 1145 2006 paupere
1160 1899 1295 1974 vestitu
1311 1896 1454 1974 ordinis
1467 1926 1594 1975 amore
1607 1898 1677 1977 Dei
1692 1898 1763 1977 sibi
1779 1927 1867 1976 con-

445 2035 543 2122 cedi,
568 2051 606 2110 et
624 2060 803 2139 responso
826 2031 860 2107 ei
880 2031 985 2137 quod
1007 2031 1105 2107 bene
1122 2028 1365 2117 deliberaret,
1382 2029 1471 2134 quia
1486 2029 1516 2104 si
1538 2028 1713 2124 intraret,
1735 2030 1858 2107 statim

444 2191 512 2268 pro
533 2162 699 2269 professo
726 2163 941 2246 haberetur,
968 2178 1005 2237 et
1028 2177 1219 2267 oporteret
1243 2187 1331 2235 eum
1356 2159 1538 2236 voluntati
1564 2159 1698 2267 subjici
1723 2159 1862 2248 aliene,

446 2311 483 2369 et
504 2293 621 2369 multa
643 2292 734 2368 dura
758 2307 795 2368 et
815 2319 943 2397 aspera
967 2292 1169 2378 sustinere,
1192 2291 1378 2393 cumipse
1406 2290 1511 2367 testis
1535 2291 1689 2368 instaret
1707 2320 1777 2397 pro
1797 2319 1866 2368 sua

444 2421 674 2526 recepcione,
706 2421 885 2527 imposuit
905 2421 939 2496 ei
958 2420 1197 2507 mantellum,
1220 2438 1258 2496 et
1275 2421 1354 2525 ipse
1372 2437 1410 2498 et
1424 2437 1585 2499 astantes
1604 2420 1862 2521 lueruntcum

445 2552 600 2630 osculati
624 2553 663 2627 in
686 2579 762 2629 ore.
790 2552 922 2628 Postea
947 2549 1035 2628 lecit
1055 2578 1143 2627 eum
1165 2578 1296 2628 vovere
1318 2568 1356 2628 et
1374 2550 1502 2658 jurare
1526 2579 1638 2657 super
1659 2553 1864 2659 quemdam

443 2682 582 2759 librum
603 2683 824 2778 castitatem,
847 2681 1123 2772 obedienciam,
1147 2698 1186 2757 et
1208 2681 1329 2757 vivere
1350 2681 1431 2757 sine
1451 2682 1616 2788 proprio.
1642 2682 1790 2760 Deinde
1814 2683 1865 2760 al-

443 2811 513 2888 lata
533 2841 737 2918 perunum
758 2840 802 2890 ex
829 2812 939 2889 dictis
957 2810 1150 2899 fratribus,
1176 2811 1295 2888 nescit
1316 2839 1384 2917 per
1411 2840 1542 2917 quem,
1568 2813 1732 2920 quadam
1752 2843 1864 2890 cruce

443 2940 581 3048 lignea,
602 2944 642 3017 in
661 2971 734 3047 qua
754 2970 834 3020 non
853 2942 985 3019 recolit
1004 2942 1033 3018 si
1057 2957 1136 3018 erat
1151 2970 1285 3050 ymago
1305 2941 1499 3029 Crucifixi,
1522 2943 1617 3020 etin
1636 2960 1774 3021 terram
1794 2974 1862 3050 po-

444 3072 528 3156 sita,
550 3073 718 3178 precepit
738 3073 771 3148 ei
790 3072 894 3179 quod
911 3073 1111 3177 abnegaret
1130 3072 1253 3149 Deum
1274 3089 1312 3148 et
1334 3072 1471 3148 dictam
1489 3101 1637 3150 crucem
1658 3091 1697 3151 et
1711 3094 1864 3180 spueret

445 3228 558 3306 super
582 3229 683 3292 eam,
705 3200 793 3307 quia
817 3202 889 3279 hoc
910 3201 1072 3278 debebat
1096 3200 1213 3279 facere
1240 3202 1450 3281 secundum
1471 3221 1609 3309 puncta
1628 3204 1772 3282 ordinis
1795 3233 1862 3283 eo-

444 3358 553 3420 rum;
579 3349 617 3407 et
635 3331 714 3437 ipse
730 3331 853 3421 testis,
878 3333 917 3408 in
940 3333 1131 3439 presencia
1156 3333 1434 3439 predictorum,
1462 3333 1657 3442 abnegavit
1680 3335 1804 3412 Deum
1825 3354 1864 3413 et

446 3461 584 3538 dictam
604 3492 770 3552 crucem,
792 3481 830 3540 et
844 3465 946 3570 spuit
957 3465 1061 3571 juxta
1079 3493 1156 3542 non
1180 3493 1292 3571 snper
1319 3467 1457 3572 ipsam,
1480 3494 1545 3543 ore
1571 3494 1647 3543 non
1668 3467 1803 3557 corde;
1827 3486 1864 3544 et
1984 3500 1988 3508 ·

444 3588 516 3668 luit
536 3620 624 3669 eum
643 3594 848 3682 osculatus,
871 3595 919 3672 de
939 3597 1115 3672 mandato
1131 3596 1247 3702 ipsius
1262 3597 1480 3702 receptoris,
1498 3598 1537 3673 in
1554 3596 1736 3675 umbilico
1751 3626 1863 3704 super

444 3724 645 3800 camisiam.
672 3724 774 3803 Dixit
793 3725 827 3801 ei
848 3726 1003 3832 insuper
1023 3727 1144 3833 quod,
1166 3728 1375 3804 secundum
1402 3729 1500 3805 dicta
1531 3746 1685 3835 puncta,
1716 3746 1864 3835 poterat

444 3855 641 3930 carnaliter
656 3855 889 3933 commisceri
910 3855 1085 3933 fratribus
1108 3857 1332 3949 ordinis,·et
1351 3859 1421 3964 ipsi
1443 3888 1528 3935 cum
1555 3887 1623 3946 θος
1643 3859 1862 3937 hortamen

445 4013 521 4060 nou
547 3983 649 4075 fecit,
678 4014 748 4063 nec
774 3986 893 4063 credit
920 3986 1024 4092 quod
1046 3988 1089 4063 in
1114 3988 1246 4064 ordine
1274 3989 1392 4066 fieret.
1419 3989 1633 4095 Requisitus
1656 3990 1686 4066 si
1712 3988 1781 4065 scit
1804 3989 1862 4064 vel

446 4114 579 4201 credit,
596 4114 654 4190 vel
674 4116 815 4194 audivit
835 4117 925 4208 dici,
948 4117 1053 4224 quod
1072 4116 1175 4195 licita
1189 4118 1247 4219 vel
1264 4118 1394 4195 illicita
1412 4148 1486 4226 que
1508 4120 1684 4227 deposuit
1702 4119 1865 4196 interve-

445 4243 542 4319 nisse
568 4243 606 4318 in
631 4246 847 4350 recepcione
868 4277 933 4325 sna
955 4247 1223 4326 intervenirent
1247 4251 1498 4328 communiter
1519 4251 1557 4326 in
1580 4250 1865 4356 recepcionibus

444 4373 603 4451 aliorum
627 4374 784 4453 fratrum
807 4378 967 4466 ordinis,
990 4381 1185 4485 respondit
1203 4381 1310 4486 quod
1332 4381 1411 4487 ipse
1430 4382 1575 4458 viderat
1592 4382 1708 4489 recipi
1728 4409 1864 4460 secun-

445 4505 536 4582 dum
561 4507 726 4583 eundem
752 4507 910 4585 modum
939 4509 1087 4585 fratrem
1115 4512 1235 4587 Adam
1261 4514 1308 4589 de
1332 4512 1499 4603 Inlerno,
1528 4530 1663 4591 testem
1691 4512 1862 4619 proximo

444 4637 710 4727 examinatum,
727 4665 796 4745 pcr
809 4637 961 4713 fratrem
977 4639 1188 4716 lohannem
1204 4640 1252 4717 de
1268 4644 1366 4719 Nans
1383 4643 1635 4749 presbiterum
1651 4642 1861 4749 quondam,

444 4790 511 4869 per
535 4792 654 4840 unum
675 4794 817 4844 annum
843 4766 902 4844 vel
923 4767 1018 4843 circa
1045 4786 1129 4845 ante
1149 4773 1365 4876 capcioncm
1391 4801 1539 4862 eorum,
1565 4773 1605 4849 in
1630 4772 1771 4878 capella
1799 4773 1864 4851 do·
1895 4834 1903 4846 ,
