4230 5956
473 451 546 524 nm
860 425 1178 519 procusum
1203 442 1506 517 murmure

471 594 575 701 quod
589 590 745 669 confessi
762 606 857 676 sum,
874 587 970 665 salva
985 586 1317 666 excellentiuSedis
1330 572 1542 692 apostolice,
1559 582 1755 661 sulsitatem
1769 601 1809 661 et
1826 583 1918 660 ille-

471 725 675 829 galitatem,
697 740 734 798 et
752 721 896 797 mentiti
911 738 996 796 sunt
1015 721 1054 795 in
1073 720 1191 824 cupita
1210 717 1430 796 eorumdem.

527 858 584 931 Ad
600 855 718 932 lxxxvi
733 852 929 929 articulum
938 851 1137 957 diligenter
1150 851 1411 956 interrogatus,
1426 847 1519 923 dixit
1528 846 1633 954 quod
1646 847 1760 924 frater
1772 849 1917 925 Petrus

472 990 519 1064 de
543 985 721 1065 Moncada
747 1002 835 1060 tunc
857 982 1032 1088 magister
1055 983 1131 1059 sive
1154 999 1353 1089 preceptor
1384 982 1421 1056 in
1446 981 1628 1086 dragonis
1649 998 1686 1054 et
1711 979 1916 1058 catalonia

472 1119 612 1224 recepit
636 1119 756 1222 ipsum
786 1115 937 1190 fratrem
964 1114 1225 1220 lltymundum
1244 1110 1496 1219 quiloquitur
1518 1111 1557 1186 in
1583 1110 1732 1187 fintrenl
1759 1111 1914 1188 ortlinis

472 1252 561 1326 dicti
578 1246 745 1354 Templi,
770 1248 806 1322 in
826 1244 969 1321 ci'vitate
986 1247 1315 1351 Cestaugustuna,
1337 1273 1411 1350 que
1429 1243 1536 1319 estin
1558 1242 1756 1348 Aragonin,
1778 1243 1820 1317 in
1845 1273 1913 1319 ca-

471 1380 567 1487 pella
581 1382 717 1456 domus
731 1376 898 1482 Templi,
916 1405 1028 1484 quam
1043 1375 1185 1454 hubent
1198 1377 1237 1453 in
1252 1378 1331 1482 ipsa
1346 1375 1517 1461 civitate,
1530 1373 1593 1449 die
1607 1374 1805 1451 Dominica
1820 1394 1913 1481 post

470 1512 605 1589 festum
620 1512 733 1587 sancti
750 1509 897 1586 Martini
913 1510 1080 1615 proxime
1094 1508 1315 1614 preteritum
1333 1507 1487 1583 fuerunt
1500 1533 1593 1584 xxxv
1610 1506 1697 1581 tuni
1713 1507 1830 1611 elapsi
1847 1508 1911 1583 rel

470 1645 584 1731 circa,
605 1641 838 1749 presentibus
853 1659 890 1717 et
910 1640 1050 1717 ibidem
1066 1640 1269 1717 astantibus
1282 1639 1486 1718 Guillelmo
1506 1638 1554 1714 de
1570 1639 1764 1747 Miruveto,
1784 1636 1835 1715 G.
1856 1640 1911 1714 de
2018 1734 2027 1747 ς

472 1777 725 1881 Montequino,
741 1774 903 1851 Amaldo
914 1775 961 1850 de
972 1774 1141 1859 Timore,
1151 1771 1369 1880 Raymundo
1384 1773 1431 1848 de
1442 1773 1713 1877 Montepevone
1727 1771 1914 1848 frutribus

470 1909 558 1983 dicti
580 1906 745 2011 Templi,
769 1922 805 1982 et
818 1905 945 1983 multis
960 1904 1041 1982 aliis
1060 1905 1236 1982 frutribus
1250 1904 1419 2010 ejusdem
1435 1903 1580 1980 ordinis
1594 1904 1673 2010 jum
1688 1901 1908 1979 deffimetis.

470 2039 625 2115 Modrun
649 2055 772 2112 autem
793 2066 858 2112 sue
878 2037 1107 2142 recepcionis
1127 2052 1165 2112 et
1183 2034 1339 2111 aliorum
1362 2033 1516 2110 fratrum
1539 2062 1635 2140 quos
1656 2033 1735 2140 ipse
1753 2050 1799 2109 ut
1817 2063 1912 2140 pre·

470 2188 599 2275 ceptor
617 2170 713 2244 dicte
730 2167 865 2244 domus
884 2169 1000 2243 Mansi
1015 2168 1086 2244 Dei
1098 2166 1240 2272 recepit
1249 2167 1287 2242 i'n
1299 2165 1431 2241 fratres
1445 2165 1534 2241 dicti
1549 2164 1693 2240 ordinis
1705 2164 1745 2239 iu
1760 2165 1911 2270 capella

471 2301 637 2404 ejusdem
653 2299 788 2374 domus
812 2300 927 2374 Mansi
955 2300 1042 2385 Dei,
1073 2326 1236 2403 quorum
1255 2298 1406 2373 uomina
1432 2312 1518 2372 sunt
1538 2302 1634 2372 sun.
1659 2295 1709 2372 de
1734 2296 1912 2373 Miliariis

472 2430 592 2517 miles,
612 2427 798 2506 lohannes
818 2429 865 2504 de
889 2429 1032 2506 Comba
1050 2428 1237 2534 presbiter
1262 2426 1489 2533 capellanus,
1519 2427 1678 2504 lacobus
1706 2427 1758 2503 de
1777 2428 1912 2506 Garri·

470 2563 589 2668 ganis,
618 2559 858 2667 Raymundus
883 2559 1018 2648 Rubei,
1044 2558 1091 2637 G.
1118 2560 1166 2635 de
1194 2560 1320 2665 Sages,
1350 2559 1411 2634 Ar.
1438 2558 1683 2663 Septembris,
1712 2560 1912 2636 Ferrarius

470 2694 574 2781 lloti,
598 2694 636 2768 P.
657 2691 811 2798 Garriga
836 2687 965 2766 fratres
991 2689 1079 2766 dicti
1104 2689 1263 2777 ordinis,
1285 2691 1465 2796 expressit
1482 2691 1620 2766 seriose
1638 2688 1740 2766 idem
1760 2690 1801 2767 in
1825 2718 1912 2767 om-

471 2826 579 2902 nibus
597 2825 635 2903 iu
652 2822 787 2900 effectu
801 2840 843 2898 ut
860 2821 972 2898 frater
983 2821 1266 2899 Bartholomeus
1283 2822 1427 2926 primus
1439 2822 1543 2898 testis
1561 2849 1689 2926 supra,
1707 2839 1744 2897 et
1761 2839 1806 2898 ut
1822 2851 1910 2899 con

470 2955 611 3031 tinetur
629 2957 666 3030 in
686 2954 782 3030 libro
803 2957 1010 3060 peripsum
1029 2955 1193 3060 primum
1212 2972 1345 3031 testem
1370 2953 1552 3042 exhibito,
1574 2971 1686 3059 prout
1704 2936 1842 3037 credit,
1868 2956 1908 3031 in

470 3114 545 3189 quo
566 3086 692 3191 regula
713 3102 749 3161 et
768 3104 900 3162 statuta
915 3088 1031 3191 ipsius
1046 3086 1189 3164 ordinis
1204 3085 1313 3163 latius
1329 3087 1575 3178 eontinentur.

526 3215 583 3290 Ad
605 3215 736 3290 lxxxvu
760 3233 796 3290 et
812 3216 958 3292 lxxxvru
979 3235 1016 3292 et
1043 3216 1216 3293 ultimum
1235 3218 1416 3295 articulos·
1435 3216 1633 3324 diligenter
1657 3235 1694 3293 et
1713 3217 1907 3323 sigillatim

471 3347 730 3451 interrogatus,
754 3347 945 3451 respondit
966 3365 1002 3422 et
1021 3347 1114 3423 dixit
1128 3377 1168 3424 se
1184 3376 1252 3424 nec
1263 3350 1355 3424 scire
1370 3379 1439 3425 nec
1454 3351 1605 3426 credere
1622 3349 1742 3425 dictos
1757 3370 1908 3426 errores

469 3505 658 3582 nunquam
673 3479 856 3582 originem
871 3506 891 3553 a
906 3479 1007 3555 bono
1021 3480 1165 3585 spiritu,
1178 3480 1443 3586 sedamaligno
1460 3499 1496 3556 et
1509 3511 1528 3556 a
1543 3481 1693 3557 diabolo
1705 3481 1905 3569 habuisse,

469 3637 536 3685 nec
552 3609 670 3685 credit
689 3610 793 3714 quod
816 3612 852 3684 in
874 3610 1005 3686 ordine
1027 3611 1174 3716 Templi
1200 3641 1364 3718 unquam
1390 3613 1502 3688 luerit
1521 3613 1613 3689 lacta
1631 3613 1687 3688 vel
1708 3613 1834 3689 habita
1854 3615 1905 3690 de

469 3743 522 3816 eis
551 3741 607 3817 vel
632 3743 757 3847 aliquo
785 3743 1008 3829 eorundem,
1032 3774 1100 3819 nee
1124 3745 1210 3824 totis
1228 3744 1462 3850 temporibus
1483 3745 1555 3821 vite
1581 3774 1646 3821 sue
1672 3763 1754 3820 ante
1775 3775 1905 3822 susce—

469 3875 638 3977 pcionem
654 3874 803 3950 habitus
820 3874 907 3949 dicti
925 3874 1077 3960 ordinis,
1091 3904 1158 3951 nec
1174 3894 1302 3981 postea
1316 3906 1433 3982 usque
1450 3906 1550 3952 nunc
1565 3877 1704 3952 audivit
1716 3906 1785 3952 nec
1797 3878 1904 3953 scivit

470 4007 695 4080 mentionem
712 4035 790 4081 esse
805 4006 934 4082 laetam
958 4006 1012 4081 vel
1031 4005 1194 4083 habitem
1216 4007 1263 4083 de
1285 4007 1356 4083 illis
1377 4008 1566 4084 erroribus
1587 4008 1810 4096 maledictis,
1832 4040 1903 4085 nec

469 4136 536 4210 scit
555 4136 658 4242 quod
683 4139 729 4212 sit
752 4138 923 4243 ydolum,
952 4167 1019 4214 nec
1040 4138 1108 4213 scit
1131 4138 1236 4245 quod
1260 4138 1298 4213 in
1318 4139 1442 4244 aliqua
1459 4157 1561 4244 parte
1587 4139 1645 4214 vel
1672 4138 1754 4215 loco
1784 4141 1904 4245 ipsius

468 4269 609 4345 ordinis
634 4269 789 4374 ydolum
825 4299 991 4376 unquam
1021 4270 1134 4347 fuerit
1167 4300 1252 4346 cum
1279 4273 1484 4346 reverentia
1514 4300 1582 4347 nec
1609 4271 1905 4376 quomodolibet

396 4480 398 4485 ,
468 4400 714 4487 custoditum,
738 4401 803 4475 sed
826 4401 944 4477 credit
963 4402 1066 4507 quod
1085 4400 1241 4508 ydolum
1256 4403 1308 4478 nil
1330 4402 1376 4477 sit
1392 4400 1494 4477 aliud
1508 4403 1577 4479 nisi
1595 4401 1764 4477 diabolus
1786 4403 1904 4479 inler-
2029 4475 2033 4481 .

468 4533 577 4618 nnlis,
601 4534 706 4639 cujus
727 4563 865 4610 nomen
887 4552 997 4609 estet
1016 4563 1163 4639 semper
1183 4533 1290 4610 suita
1312 4534 1411 4610 dicto
1429 4535 1561 4610 ordine
1582 4535 1756 4621 alienum,
1776 4535 1904 4612 nesan-

469 4663 560 4737 dum
581 4682 617 4738 ct
637 4664 776 4740 odibile
798 4666 865 4740 toti
888 4665 1029 4751 ordini,
1053 4683 1094 4741 ut
1114 4664 1233 4741 credit
1252 4665 1407 4741 cuilibet
1427 4665 1649 4742 Christiano.

524 4795 644 4897 Super
674 4795 753 4871 aliis
784 4824 869 4871 vero
899 4798 945 4872 de
976 4797 1112 4902 quibus
1144 4797 1350 4904 precipitur
1379 4797 1459 4874 lieri
1481 4798 1673 4903 inquisitio
1692 4798 1899 4904 generalis,
