4230 5956
653 462 850 556 rnocns
879 485 974 557 nss
999 483 1298 555 rsurmsns.
1612 485 1684 560 asa

266 622 355 698 salsa
381 639 418 697 et
439 639 566 698 contra
595 623 787 700 veritatem
820 623 1009 703 confessos
1035 625 1167 713 fuisse,
1197 640 1236 699 et
1260 650 1326 728 per
1355 623 1460 728 gulas
1489 653 1573 701 suas
1605 655 1685 705 esse

267 753 456 830 mentitos.

323 883 380 959 Ad
400 882 543 969 lxxmn,
566 883 704 962 lrxxnn
720 901 757 960 et
775 883 881 963 lxxxv
902 884 1077 961 articulos
1094 883 1271 960 inclusive
1287 882 1483 989 diligenter
1498 901 1535 959 et
1549 885 1686 991 sigilla-

263 1014 331 1089 tim
353 1013 601 1118 interrogatus
616 1030 653 1091 et
665 1043 779 1119 snper
799 1031 974 1091 contenta
990 1015 1029 1088 in
1047 1014 1141 1101 illis,
1163 1013 1281 1090 credit
1301 1015 1406 1118 quod
1422 1013 1452 1089 si
1468 1012 1598 1091 iratres
1611 1014 1684 1105 illi,

266 1143 313 1219 de
329 1142 468 1248 quibus
481 1143 601 1250 agitur
611 1144 650 1219 in
665 1144 845 1232 aniculis,
867 1145 940 1221 sint
956 1162 994 1221 et
1012 1144 1151 1221 fuerint
1168 1143 1355 1250 predictos
1368 1172 1512 1221 errores
1526 1144 1685 1224 confessi

265 1301 389 1349 coram
402 1273 634 1351 sanctissimo
645 1274 801 1352 domino
816 1292 944 1352 nostro
959 1303 1052 1380 papa
1070 1292 1106 1351 et
1117 1302 1241 1351 coram
1259 1274 1422 1350 dominis
1436 1274 1686 1354 cardinalibus

265 1421 301 1479 et
328 1390 408 1479 aliis
431 1402 751 1510 quibuscumque,
769 1404 862 1481 dixit
880 1404 986 1509 quod
1005 1403 1094 1480 lalsa
1114 1421 1150 1480 et
1170 1421 1296 1481 contra
1310 1404 1502 1480 veritatem
1525 1404 1682 1484 confessi

265 1549 369 1621 sunt,
392 1549 429 1609 et
444 1533 591 1609 mentiti
611 1561 679 1639 per
696 1533 803 1642 gulas
818 1562 904 1610 suas
925 1533 1016 1610 falso
1034 1534 1161 1610 modo.

320 1660 376 1737 Ad
389 1661 507 1739 lxxxvi
520 1661 717 1738 articulum
734 1662 965 1766 respondens
981 1661 1180 1768 diligenter
1194 1663 1457 1768 interrogatus,
1475 1662 1568 1740 dixit
1580 1664 1683 1769 quod

264 1792 342 1896 ipse
360 1793 425 1898 qui
444 1793 623 1898 loquitur,
645 1790 690 1870 G.
714 1792 762 1868 de
780 1794 897 1883 Boeo,
918 1792 964 1872 G.
987 1793 1034 1871 de
1054 1793 1181 1870 Castro
1199 1793 1426 1898 Episcopali‚
1452 1794 1493 1868 B.
1515 1794 1563 1870 de
1579 1796 1684 1872 Mon·

262 1939 461 2027 tepavono‚
479 1920 722 1999 Gaucerando
743 1922 791 1998 de
810 1922 942 2008 Biure,
964 1923 1208 2028 Raymundus
1228 1922 1275 1998 de
1296 1921 1452 2013 Molina‚
1475 1921 1537 1999 die
1552 1923 1684 2001 Domi-

264 2051 344 2126 nica
367 2051 529 2127 secunda
551 2050 690 2126 mensis
703 2050 789 2125 maii
805 2049 921 2127 futuri
940 2068 1049 2128 erunt
1063 2079 1108 2131 xv
1123 2052 1210 2128 anni
1227 2051 1353 2158 elapsi,
1375 2069 1417 2128 ut
1430 2052 1500 2129 sibi
1523 2053 1681 2143 videtur,

263 2179 417 2257 fuerunt
438 2182 537 2286 apud
564 2179 739 2286 Gardeyn
759 2181 897 2286 recepti
924 2181 966 2256 in
986 2180 1117 2258 [ratres
1151 2180 1296 2258 ordinis
1323 2181 1412 2258 dicti
1439 2181 1587 2287 Templi
1617 2210 1685 2289 per

263 2308 413 2388 fratrem
435 2312 476 2386 B.
499 2310 547 2386 de
567 2308 737 2388 Cardona
758 2327 847 2387 tunc
867 2311 1085 2417 magistrum
1105 2311 1287 2416 Aragonie
1309 2328 1347 2388 et
1372 2310 1563 2389 Catalonie
1584 2313 1684 2389 ordi·

263 2441 319 2516 nis
343 2439 544 2545 supradicti
559 2501 567 2531 ,
584 2439 824 2545 presentibus
839 2457 877 2516 et
894 2439 1040 2518 ibidem
1060 2440 1268 2518 astantibus
1287 2441 1325 2517 in
1342 2441 1481 2546 capella
1501 2439 1590 2519 dicti
1610 2442 1682 2519 loci

263 2571 311 2648 de
331 2569 522 2678 Gardeyn‚
544 2568 610 2646 ubi
638 2569 792 2646 suerunt
815 2571 954 2676 recepti
981 2571 1029 2647 ad
1056 2572 1198 2648 dictum
1219 2570 1392 2648 ordinem
1411 2588 1487 2648 tam
1516 2573 1596 2678 ipse
1618 2573 1682 2679 qui

262 2700 429 2807 loquitur
451 2729 564 2808 qnam
589 2699 724 2806 reliqui
748 2699 880 2778 fratres
899 2702 1073 2807 superius
1091 2700 1293 2790 nominati,
1314 2701 1491 2777 fratribus
1519 2702 1682 2778 Examen

263 2831 310 2909 de
330 2832 459 2908 Lenda
477 2858 580 2907 nnnc
597 2830 773 2937 magistro
792 2832 831 2906 in
848 2829 1032 2938 Aragonia
1047 2848 1085 2908 et
1104 2830 1311 2919 Catalonia,
1333 2831 1372 2907 Ρ.
1398 2831 1446 2907 de
1468 2830 1564 2909 Villa
1585 2829 1680 2919 alba,

263 2960 372 3037 fratre
392 2960 612 3067 Raymundo
633 2962 681 3037 de
701 2960 836 3039 Gardia
863 2977 1081 3069 preceptore
1110 2962 1208 3038 dicte
1233 2961 1369 3038 domus
1391 2960 1510 3038 Mansi
1535 2960 1622 3049 Dei,
1646 2980 1682 3037 et

262 3068 433 3194 pluribus
450 3092 530 3168 aliis
548 3089 726 3169 fratribus
739 3092 882 3169 ordinis
897 3093 1108 3199 supradicti.
1185 3124 1189 3129 ’

316 3221 372 3298 De
389 3221 504 3298 modo
524 3238 650 3299 autem
669 3250 737 3299 sue
757 3222 986 3327 recepcionis
1001 3239 1038 3299 et
1053 3223 1212 3299 aliorum
1226 3223 1291 3328 qui
1308 3221 1443 3300 codem
1465 3222 1526 3297 die
1542 3223 1680 3327 recepti

261 3351 430 3443 fuerunt,
453 3369 491 3429 et
510 3351 556 3428 de
577 3352 755 3429 omnibus
772 3352 1012 3459 tangentibus
1036 3353 1204 3457 ipsorum
1226 3352 1503 3458 recepcionem‚
1529 3351 1620 3430 dixit
1641 3352 1680 3428 in

262 3483 436 3559 omnibus
455 3500 492 3560 et
512 3512 580 3590 per
598 3484 725 3562 omnia
745 3483 784 3558 in
804 3482 939 3561 ellectu
958 3500 1002 3560 ut
1024 3483 1168 3588 primus
1189 3483 1312 3570 testis,
1342 3500 1380 3557 et
1405 3500 1449 3558 ut
1468 3482 1679 3558 continetur

262 3613 298 3687 in
324 3612 421 3689 libro
438 3612 609 3689 exhibito
635 3641 704 3718 per
722 3613 844 3716 ipsum
859 3630 993 3691 testem
1013 3613 1225 3688 continente
1247 3611 1381 3687 seriem
1401 3625 1624 3686 statutorum
1641 3629 1678 3686 et

260 3741 389 3847 regrle
409 3741 550 3818 ordinis
570 3740 659 3816 dicti
679 3739 837 3845 Templi.

317 3870 374 3948 Ad
393 3871 526 3951 lxxxvii
542 3888 579 3948 et
591 3871 736 3949 lxxxviii
756 3887 794 3946 et
808 3869 985 3947 ultimum
1001 3871 1174 3947 articulos
1189 3869 1423 3976 singulariter
1438 3887 1474 3945 et
1492 3867 1680 3975 sigillatim
1746 3902 1749 3907 ·

262 4003 526 4111 interrogatus,
544 4001 775 4107 respondens
795 4000 888 4077 dixit
907 4029 946 4077 se
961 3999 1103 4076 nescire
1121 4028 1190 4076 nec
1209 3999 1344 4076 vidisse
1362 4026 1432 4076 nec
1454 3999 1589 4104 capita,
1612 4026 1680 4077 nec

261 4132 389 4239 ydola,
411 4161 480 4210 nec
499 4133 629 4237 ‘aliqua
648 4131 717 4208 alia
736 4132 774 4207 in
802 4131 910 4207 dictis
932 4130 1098 4208 articulis
1123 4146 1314 4227 contenta,
1340 4157 1410 4206 nec
1433 4129 1571 4219 credit,
1593 4158 1681 4207 cum

261 4290 336 4339 non
355 4264 427 4340 sint
445 4263 541 4340 dicta
552 4263 682 4368 capita,
692 4290 761 4339 nec
771 4262 883 4369 ydola
900 4261 947 4339 dc
963 4262 1102 4368 quibus
1116 4259 1168 4337 ibi
1184 4260 1323 4367 agitur,
1344 4289 1412 4337 nec
1426 4277 1525 4337 retro
1540 4259 1679 4337 suerint

261 4421 368 4498 posse
384 4393 422 4468 in
437 4393 519 4470 loco
533 4392 656 4498 aliquo
669 4392 843 4482 inveniri3
860 4420 931 4468 nec
942 4393 1011 4469 scit
1025 4391 1118 4497 qnid
1134 4391 1181 4467 sit
1194 4390 1360 4499 ydolum,
1372 4391 1439 4468 sed
1450 4389 1678 4497 creditquod

260 4521 375 4600 nichil
389 4523 436 4599 sit
449 4523 605 4629 ydolum
622 4521 661 4596 in
680 4521 839 4598 Ecclesia
854 4522 937 4599 Dei.
953 4521 1113 4599 Addidit
1125 4549 1277 4628 quoque
1298 4520 1403 4627 quod
1423 4520 1471 4597 de
1492 4519 1600 4597 dictis
1621 4548 1678 4596 ca-

260 4652 403 4756 pitibus
414 4669 451 4729 et
464 4650 584 4759 ydolis
599 4679 674 4728 non
695 4650 835 4728 audivit
854 4650 936 4728 fieri
951 4650 1186 4728 mencionem
1201 4651 1349 4741 alicubi,
1368 4651 1489 4729 donec
1493 4649 1587 4756 jussi
1597 4647 1678 4727 fue-

260 4801 347 4860 runt
363 4783 460 4889 capi,
482 4798 519 4859 et
534 4782 630 4889 capti
650 4780 792 4858 detenti
810 4781 848 4857 in
864 4781 977 4861 domo
996 4782 1115 4860 Mansi
1133 4780 1215 4858 Dei.
