4230 5956
635 465 833 558 rsocns
859 486 951 557 nns
978 484 1278 559 rnurmnns.
1616 492 1662 564 rs

249 651 336 701 eum
351 638 517 711 secutus,
527 638 565 699 et
575 623 694 701 nescit
704 622 800 730 quid
810 641 968 730 egerunt
975 623 1136 715 ibidem,
1152 623 1272 701 credit
1280 640 1408 701 tamen
1421 625 1526 731 quod
1537 626 1665 706 illicita

247 752 412 860 predicta
426 751 711 831 intervenerunt
725 748 849 832 statim
864 771 949 860 post
963 755 1201 861 recepciones
1215 747 1412 861 predictas.
1433 758 1548 846 Item,
1570 760 1663 835 dixit

247 910 287 963 se
306 882 422 961 fuisse
442 883 654 961 confessum
675 884 723 961 de
743 884 923 990 predictis
944 885 1150 977 erroribus,
1173 886 1269 964 infra
1289 888 1385 965 duos
1405 914 1589 964 mensesa
1607 917 1666 965 re·

248 1013 424 1120 cepcioue
439 1039 521 1105 sua,
554 1013 710 1091 domino
729 1013 952 1091 Theobaldo
978 1014 1170 1120 quondam
1187 1015 1399 1093 Bclvacensi
1420 1017 1605 1123 episcopo,
1626 1018 1664 1092 in

249 1142 329 1251 ejus
348 1169 493 1254 camera
513 1141 561 1218 de
577 1142 753 1232 Belvac0,
776 1171 844 1219 nec
872 1140 1121 1239 celebraverat
1140 1144 1218 1249 ipse
1234 1147 1356 1230 testis,
1380 1172 1424 1222 ex
1443 1171 1520 1251 quo
1548 1146 1663 1222 intra-

248 1288 349 1349 verat
373 1269 546 1347 ordinem
577 1300 777 1378 usquequo
800 1270 872 1349 suit
897 1271 1087 1349 confessus
1112 1273 1255 1365 eidem;
1284 1274 1350 1380 qui
1377 1274 1534 1351 absolvit
1557 1303 1663 1366 eum,

249 1416 288 1477 et
309 1399 472 1507 injunxit
496 1399 602 1504 quod
626 1428 647 1476 a
673 1398 814 1476 talibus
834 1399 1059 1492 abstineret,
1082 1417 1120 1478 et
1141 1404 1247 1508 quod
1262 1403 1451 1509 jejunaret
1468 1431 1536 1508 per
1551 1403 1667 1481 trien·

248 1528 355 1604 nium
372 1527 483 1604 sertis
502 1525 604 1604 seriis
623 1527 663 1603 in
683 1557 778 1634 pane
796 1546 833 1605 et
853 1557 965 1635 aqua3
987 1559 1100 1635 quam
1122 1531 1372 1637 penitenciam
1391 1530 1608 1638 complevit,
1624 1550 1666 1610 ut

249 1655 352 1733 dixit.
372 1658 482 1744 Item,
504 1656 599 1732 dixit
618 1657 723 1763 qnod
744 1658 784 1733 in
804 1658 936 1736 ordine
958 1658 1169 1737 celebrabat
1188 1655 1399 1737 secundum
1422 1660 1580 1737 sormam
1600 1662 1667 1737 Ec·

248 1785 377 1875 clesie,
409 1803 446 1862 et
478 1788 584 1892 quod
614 1789 840 1866 contrarium
866 1817 944 1866 non
977 1788 1099 1865 suerat
1123 1788 1193 1865 sibi
1223 1807 1462 1895 preceptum,
1487 1807 1525 1865 et
1549 1791 1668 1867 credit

249 1917 353 2023 quod
373 1915 504 1993 fratres
523 1916 669 1993 ordinis
689 1896 887 1996 crederent
902 1918 1163 1994 ¹ecclesiasticis
1180 1920 1432 1995 sacramentis.
1449 1920 1556 2008 Item,
1574 1920 1667 1996 dixit

249 2047 447 2144 sevidisse
468 2046 511 2121 in
524 2044 716 2150 aliquibus
735 2048 880 2151 scriptis
899 2047 1005 2151 quod
1027 2046 1141 2123 irater
1159 2045 1275 2124 laicus
1299 2048 1363 2153 qui
1387 2048 1540 2125 tenebat
1566 2049 1665 2154 capi-

248 2170 374 2250 tulum
402 2172 565 2249 debebat
589 2172 714 2250 dicere
740 2174 780 2250 in
807 2174 1075 2252 terminacione
1104 2175 1353 2280 capitulorum
1374 2177 1461 2252 talia
1489 2175 1600 2252 verba
1627 2177 1667 2252 in

251 2301 387 2379 effectu
413 2332 421 2377 ε
449 2301 507 2377 De
532 2303 692 2405 peccatis
719 2331 793 2408 que
821 2302 1024 2380 obmisistis
1050 2304 1196 2390 dicere,
1228 2321 1381 2409 propter
1406 2305 1667 2382 verecundiam

249 2431 369 2509 carnis
387 2431 447 2507 vel
465 2446 620 2536 propter
637 2432 813 2508 timorem
830 2432 1027 2537 discipline
1037 2432 1203 2520 ordinis,
1219 2460 1304 2524 nos,
1321 2435 1539 2511 auctoritate
1554 2434 1666 2538 privi-

249 2560 436 2669 legiorum
453 2559 564 2648 nobis
584 2588 847 2639 concessorum
866 2591 888 2638 a
909 2555 1065 2639 domiuo
1089 2591 1205 2667 papa,
1230 2561 1387 2639 facimus
1409 2564 1513 2641 vobis
1533 2565 1665 2640 remis·

250 2691 395 2767 sionem
414 2718 530 2795 quam
551 2717 773 2795 possumus,
796 2707 834 2766 et
851 2689 964 2767 frater
982 2691 1167 2796 presbiter
1185 2719 1249 2768 vos
1269 2691 1457 2782 absolvet3
1479 2710 1516 2768 et
1533 2694 1664 2770 eadem

252 2818 361 2896 verba
375 2818 517 2896 audivit
533 2818 606 2896 dici
620 2849 689 2924 per
704 2820 849 2897 dictum
871 2820 1024 2897 fratrem
1042 2820 1248 2898 Robertum
1268 2822 1308 2896 in
1320 2821 1485 2927 quodam
1502 2820 1664 2925 capitulo

250 2949 356 3057 quod
378 2949 502 3025 tenuit
531 2949 631 3054 apud
664 2949 865 3054 Oysimont
895 2941 1153 3027 Ambianensis
1183 2951 1353 3027 diocesis.
1387 2951 1603 3057 Requisitus
1633 2950 1664 3025 si

249 3106 318 3185 per
335 3078 474 3154 dictam
494 3078 754 3155 remissionem
775 3079 859 3155 laici
879 3079 1082 3156 credebant
1096 3078 1228 3155 fratres
1242 3081 1386 3157 ordinis
1403 3107 1482 3157 esse
1503 3078 1663 3164 absoluti

250 3237 271 3284 a
289 3209 449 3316 peccatis
461 3209 668 3286 venialibus
682 3208 739 3286 vel
756 3208 994 3299 mortalibus,
1011 3209 1207 3313 respondit
1226 3211 1330 3315 quod
1351 3237 1447 3300 non,
1467 3211 1571 3316 quod
1586 3211 1663 3317 ipse

251 3337 340 3413 sciat
349 3337 408 3414 vel
423 3337 565 3424 credat,
583 3337 640 3413 vel
658 3337 800 3415 audivit
815 3338 886 3414 dici
901 3371 910 3428 ς
927 3340 994 3415 sed
1011 3338 1131 3415 credit
1148 3338 1252 3444 quod
1269 3339 1300 3415 si
1314 3337 1505 3415 dedissent
1519 3339 1664 3415 occulte

250 3467 376 3574 aliqua
393 3467 441 3543 de
459 3465 571 3543 bonis
590 3466 752 3555 ordinis,
773 3466 878 3573 quod
898 3496 941 3544 ex
962 3467 1060 3544 dicta
1081 3464 1299 3546 remissione
1319 3465 1578 3576 indulgeretur
1597 3470 1662 3546 eis.

251 3596 384 3674 Statim
409 3624 479 3702 pro
505 3596 681 3701 professis
703 3594 951 3674 habebantur.
974 3595 1217 3675 Clandestine
1236 3596 1523 3703 recipiebantur,
1549 3595 1665 3674 nullis

251 3726 489 3830 presentibus
507 3725 579 3802 nisi
599 3724 776 3802 fratribus
792 3725 951 3803 ordinis
967 3724 1145 3804 Cordulis
1160 3725 1264 3802 unde
1275 3724 1453 3804 volebant
1467 3728 1665 3830 assumptis

251 3854 497 3962 cingebantur
518 3884 632 3962 super
650 3855 820 3932 camisias
842 3882 928 3932 cum
948 3854 1088 3960 quibus
1112 3855 1297 3961 jacebant.
1326 3855 1593 3964 lnjungebatur
1613 3853 1665 3929 eis

251 3987 354 4092 quod
370 4015 447 4063 nou
463 3986 669 4063 revelarent
682 4003 832 4063 secreta
844 3985 1111 4091 capitulorum,
1133 3986 1181 4062 de
1201 3987 1317 4067 modo
1334 3982 1563 4088 recepcionis
1581 4011 1666 4088 spe·

252 4114 335 4190 ciali
349 4142 427 4191 non
446 4115 572 4192 habita
591 4116 805 4206 mancione,
823 4132 861 4192 et
874 4117 939 4220 qui
955 4115 1177 4192 revelassent
1188 4115 1345 4218 graviter
1358 4112 1480 4220 puniti
1496 4112 1663 4202 luissent,

251 4241 321 4319 sed
349 4242 468 4317 nescit
493 4243 666 4349 qualiter.
692 4244 896 4321 Dicebatur
927 4244 980 4319 eis
1010 4241 1114 4347 quod
1146 4239 1357 4319 sacerdotes
1383 4242 1526 4320 ordinis
1554 4242 1667 4320 babe-

251 4369 343 4448 bant
366 4372 546 4479 majorem
570 4389 793 4478 potestatem
821 4397 935 4475 super
959 4398 1024 4448 eos
1047 4399 1161 4477 quam
1187 4370 1249 4447 alii
1282 4399 1327 4448 er
1349 4373 1562 4479 privilegiis·
1579 4372 1668 4478 apo-

253 4499 408 4580 stolicis
427 4500 661 4578 Elemosinas
677 4518 716 4578 et
724 4501 1026 4608 <hospitalitatem
1041 4501 1138 4578 vidit·
1155 4503 1416 4580 convenientes
1433 4501 1517 4579 fieri
1533 4519 1572 4579 et
1590 4529 1667 4578 ser-

253 4630 349 4718 vari,
380 4646 420 4706 et
442 4627 666 4734 religiossos-
686 4646 723 4707 et
751 4630 900 4708 nobiles
923 4631 1029 4708 bene·
1047 4630 1164 4736 recipi
1187 4631 1433 4709 indomitus
1452 4630 1609 4709 'ordinis
1627 4632 1667 4709 iu

254 4759 391 4866 quibus
413 4760 552 4838 exstitit
571 4779 834 4849 commoratus.
850 4752 892 4839 ln
908 4761 1079 4867 capitulis
1099 4762 1388 4842 deffendebatur
1402 4764 1456 4842 eis
1470 4761 1667 4841 nessillioite

340 4895 442 4958 esocis
463 4916 515 4958 ors
536 4917 707 4959 rruanrus.
721 4932 763 4944 -
777 4919 809 4958 n.
1483 4922 1517 4961 ro
