4230 5956
666 481 859 573 ruoets
885 500 978 570 ons
1004 495 1303 568 1111111113.
1632 493 1697 566 111

285 643 383 729 (1111,
406 641 567 746 suspicio
589 657 626 715 et
641 638 792 715 infamia
808 655 896 716 sunt
907 654 1064 743 propter
1078 635 1245 741 predicta
1264 651 1404 718 exorta,
1423 650 1460 709 et
1475 631 1617 710 audivit
1631 636 1704 712 dici

283 800 462 879 magnum
484 770 703 876 Magistrum
725 785 762 845 et
781 767 874 844 alios
898 765 1159 872 recognovisse
1181 763 1310 841 illicita
1335 790 1402 867 per
1424 761 1546 866 ipsum
1568 779 1702 839 testem

284 901 500 979 confessata.
927 880 930 891 ¹

338 1030 555 1136 Requisitus
573 1029 603 1105 si
625 1028 677 1102 sic
689 1027 914 1134 deposuerat
926 1055 1051 1132 prece,
1069 1042 1257 1130 precepto,
1275 1024 1424 1109 timore,
1444 1050 1583 1113 amore,
1600 1022 1700 1112 odio,

283 1160 341 1237 vel
360 1158 557 1266 temporali
573 1158 733 1234 comodo
751 1157 881 1235 habito
901 1156 958 1234 vel
973 1155 1166 1244 habendo,
1184 1154 1378 1261 respondit
1398 1154 1501 1258 quod
1521 1181 1616 1242 non,
1636 1154 1703 1230 sed

283 1318 351 1396 pro
372 1291 524 1366 veritate
546 1287 723 1377 dicenda;
745 1287 804 1363 cui
825 1286 895 1362 fuit
925 1285 1134 1392 injunctum
1165 1283 1268 1391 quod
1297 1310 1371 1361 non
1399 1281 1579 1360 revelaret
1608 1284 1703 1360 hanc

281 1448 388 1496 suam
409 1419 706 1524 deposicionem,
723 1445 921 1523 quousque
936 1417 1195 1493 attestaciones
1209 1414 1350 1491 fuerint
1360 1413 1565 1520 publicaue,
1577 1432 1615 1490 et
1624 1441 1700 1491 nou

282 1549 467 1626 obtulerat
486 1576 524 1623 se
545 1548 591 1622 ad
613 1547 884 1623 deffensionem
905 1547 1065 1655 ordinis,
1088 1563 1125 1622 et
1144 1544 1375 1650 intelligebat
1394 1544 1563 1620 latinum.

337 1813 465 1888 Frater
498 1811 686 1889 lohannes
718 1810 835 1890 Adam
872 1826 1070 1919 preceptor
1106 1811 1153 1887 de
1184 1807 1350 1887 Tumeta
1386 1806 1701 1888 Claramontensis

281 1942 457 2031 diocesis,
475 1942 654 2034 serviens,
676 1943 781 2019 testis
795 1942 960 2047 juratus,
977 1956 1128 2018 xxx11u0'
1146 1968 1329 2016 annorum
1345 1939 1402 2015 vel
1419 1941 1529 2027 circa,
1549 1937 1703 2014 mantel·

279 2069 360 2146 lum
382 2088 420 2146 et
436 2071 589 2147 barbam
611 2071 814 2157 defferens,
836 2097 923 2145 cum
941 2096 1018 2172 quo
1048 2067 1269 2173 inquisitum
1288 2066 1424 2156 suerat,
1447 2066 1639 2144 absolutus
1663 2086 1700 2144 et

278 2199 538 2275 reconciliatus
550 2228 618 2305 per
632 2198 831 2275 dominum
847 2197 1063 2303 episcopum
1075 2195 1432 2285 Claramontensem‚
1445 2196 1550 2273 lectis
1562 2215 1600 2272 et
1615 2196 1701 2272 dili-

279 2326 410 2434 genter
434 2330 609 2435 expositis
631 2328 701 2405 sibi
723 2327 900 2405 omnibus
920 2344 958 2403 et
978 2327 1135 2434 singulis
1155 2327 1336 2414 articulis,
1361 2327 1554 2432 respondit
1574 2354 1612 2402 se
1633 2356 1699 2404 ne·

280 2458 392 2548 scire,
415 2485 484 2534 nec
505 2460 673 2547 credere,
695 2485 765 2533 nec
790 2456 972 2533 audivisse
995 2456 1067 2531 dici
1089 2455 1136 2531 de
1161 2456 1345 2532 contentis
1365 2456 1403 2531 in
1429 2457 1482 2532 eis
1502 2457 1574 2532 nisi
1595 2458 1698 2564 quod

279 2587 460 2695 sequitur.
482 2589 584 2665 Dixit
601 2615 737 2693 nempe
758 2614 796 2663 se
817 2585 930 2664 luisse
959 2603 1152 2691 receptum
1180 2587 1219 2661 in
1240 2586 1380 2692 capella
1401 2586 1536 2663 domus
1552 2588 1699 2693 Templi

281 2715 327 2791 de
343 2717 445 2793 Bella
459 2718 643 2796 Cassauha
659 2716 936 2793 Lemovicensis
951 2716 1126 2802 diocesis,
1146 2743 1213 2820 per
1231 2714 1383 2792 fratrem
1396 2718 1548 2792 Petrum
1563 2717 1609 2791 de
1622 2719 1700 2792 Ma·

280 2844 334 2920 dit
362 2844 521 2922 militem
543 2845 755 2952 quondam,
782 2845 820 2919 in
846 2844 997 2921 instanti
1021 2843 1117 2921 sesto
1144 2844 1379 2923 Ascensionis
1405 2845 1557 2922 Domini
1585 2865 1698 2922 erunt

279 2999 355 3050 111111
375 2976 461 3050 anni
479 2975 536 3051 vel
557 2977 668 3063 circa,
687 2974 925 3080 presentibus
944 2972 1124 3052 fratribus
1141 2975 1333 3080 Stephano
1351 2976 1541 3051 Lavernha
1555 2976 1697 3081 presbi-

278 3119 374 3190 tero,
400 3122 527 3181 curato
543 3104 640 3181 dicte
657 3105 808 3191 domus,
828 3102 934 3179 Helia
951 3104 1105 3210 Vigerii,
1132 3102 1336 3181 Guillelmo
1359 3103 1535 3182 Bonifacii
1556 3105 1603 3181 de
1624 3107 1696 3182 Le·

279 3234 495 3326 movicinio,
515 3235 563 3311 de
583 3261 746 3341 quorum
770 3235 842 3309 vita
870 3234 927 3310 vel
952 3251 1073 3311 morte
1098 3262 1175 3310 non
1200 3233 1314 3312 habet
1339 3235 1625 3327 certitudinem,
1659 3239 1696 3312 in

278 3363 381 3439 hunc
401 3365 583 3441 modum:
605 3392 691 3440 nam
710 3393 795 3440 cnm
814 3364 985 3471 peciisset
1004 3364 1219 3441 societatem
1239 3365 1382 3442 ordinis
1404 3381 1442 3442 et
1470 3367 1503 3442 ei
1524 3395 1697 3446 concessa

279 3490 422 3582 luisset,
445 3494 567 3570 dictus
583 3512 754 3600 receptor
768 3494 856 3570 lecit
874 3522 961 3570 eum
979 3523 1110 3571 vovere
1126 3496 1347 3587 castitatem,
1367 3495 1642 3585 obedienciam,
1661 3515 1698 3575 et

279 3621 398 3698 vivere
428 3623 507 3700 sine
534 3625 703 3729 propri03
733 3641 771 3700 et
796 3624 972 3729 imposito
1001 3624 1072 3701 sibi
1100 3625 1295 3712 mantello,
1327 3626 1428 3702 idem
1458 3646 1629 3733 receptor
1660 3642 1697 3703 et

281 3766 439 3829 astantes
459 3753 613 3830 osculati
633 3751 787 3831 fuerunt
811 3782 899 3830 eum
921 3755 961 3829 in
985 3783 1062 3832 ore.
1086 3755 1332 3832 Postmodum
1358 3755 1446 3832 fecit
1466 3785 1553 3833 eurn
1570 3758 1696 3862 jurare

279 3882 383 3986 quod
404 3911 479 3959 non
500 3883 682 3960 revelaret
697 3900 837 3960 secreta
852 3883 1117 3988 capitulorum,
1135 3886 1251 3961 eciam
1266 3884 1338 3960 illis
1352 3885 1527 3961 fratribus
1539 3885 1603 3989 qui
1620 3914 1695 3962 non
1745 3892 1750 3901 ‘

282 4009 488 4089 adfuissent
505 4014 545 4088 in
562 4014 634 4106 eis,
654 4030 691 4090 et
705 4012 813 4089 allata
830 4041 897 4118 per
914 4014 1037 4119 ipsum
1056 4032 1286 4119 receptorem
1302 4015 1464 4118 quadam
1489 4042 1598 4091 cruce
1618 4045 1696 4093 me·

279 4137 405 4215 tallina
426 4141 465 4214 in
483 4170 558 4246 qua
576 4160 653 4218 erat
670 4170 803 4250 ymago
822 4141 1015 4231 Crucifixi,
1037 4144 1203 4247 precepit
1222 4144 1256 4219 ei
1276 4144 1377 4248 quod
1393 4142 1593 4250 abnegaret
1607 4147 1696 4226 Jhe·

279 4295 365 4342 snm
382 4268 573 4346 Christum
588 4288 626 4347 et
637 4271 740 4376 quod
755 4288 906 4376 spueret
922 4298 1035 4376 super
1050 4272 1187 4347 dictam
1203 4300 1367 4365 crucem,
1384 4275 1471 4380 quia
1488 4279 1696 4356 secundum

281 4397 593 4476 consuetudinem
613 4399 756 4476 ordinis
777 4398 938 4476 debebat
957 4399 1077 4476 lacere
1097 4401 1280 4506 predicta;
1302 4421 1340 4479 et
1360 4421 1450 4480 tunc
1478 4406 1555 4511 ipse
1574 4409 1694 4496 testis,

279 4527 345 4634 qui
358 4527 508 4632 juvenis
521 4545 600 4605 erat
615 4545 652 4606 et
667 4529 837 4606 resistere
853 4557 929 4605 nou
949 4529 1126 4618 audebat,
1145 4549 1189 4607 ut
1203 4533 1314 4621 dixit,
1337 4533 1530 4642 abnegavit
1541 4536 1696 4614 lhesum

281 4656 472 4734 Christum
485 4685 549 4734 ore
561 4686 636 4735 non
654 4659 784 4748 corde,
805 4678 843 4736 et
857 4660 958 4765 spuit
971 4687 1047 4737 non
1067 4690 1178 4767 supra
1194 4663 1259 4739 sed
1264 4663 1370 4768 juxta
1382 4665 1518 4742 dictam
1533 4695 1694 4748 crucem.

280 4787 526 4865 Postmodum
545 4787 617 4865 suit
637 4788 824 4866 osculatus
843 4790 965 4895 ipsum
985 4808 1120 4869 testem
1141 4793 1236 4870 circa
1261 4793 1481 4873 umbilicum
1502 4825 1615 4904 super
1634 4824 1695 4877 ve·
