4230 5956
408 490 472 563 aa.
543 520 544 523 κ
634 579 639 586 ‚
798 467 1446 559 raocasnasrauemsus.

408 628 550 711 librum
564 645 752 735 apertum,
771 627 811 704 in
828 655 904 734 quo
927 644 1005 703 erat
1024 655 1158 733 ymago
1178 627 1372 718 Crucifixi,
1395 626 1501 733 quod
1513 655 1590 706 non
1603 647 1683 706 erat
1695 631 1837 707 servilis

408 760 654 850 condicionis,
668 758 805 836 debitis
813 757 1071 866 quodsolvere
1081 786 1158 833 non
1166 776 1293 864 posset
1305 787 1373 836 nec
1384 760 1627 838 matrimonio
1637 761 1836 870 obligatus,

409 892 496 970 lecit
509 921 597 969 eum
608 918 739 998 vovere
756 906 795 967 et
802 889 932 999 jurare
948 889 1167 978 castitatem,
1184 889 1460 980 obedienciam,
1477 909 1515 968 et
1526 891 1650 970 vivere
1666 893 1746 970 sine
1759 921 1840 1000 pro-

409 1026 509 1133 prio,
533 1052 677 1103 servare
696 1023 819 1101 bonos
842 1036 936 1099 ustas
960 1031 998 1098 e't
1022 1016 1316 1099 consrsetudines
1340 1021 1504 1112 ordinis3
1530 1036 1568 1101 et
1592 1025 1839 1130 postmodum

412 1155 593 1262 imposuit
613 1155 683 1231 sibi
698 1152 924 1231 mantellum
943 1153 983 1229 in
997 1151 1151 1230 nomine
1164 1152 1282 1229 Patris
1302 1169 1340 1230 et
1357 1152 1442 1230 Filii
1464 1172 1502 1230 et
1517 1154 1679 1262 Spiritus
1694 1154 1836 1245 Sancti,

412 1287 459 1364 ad
479 1289 665 1365 honorem
686 1284 756 1362 Dei
779 1301 816 1360 et
834 1283 943 1361 beate
959 1282 1075 1361 Marie
1096 1299 1134 1359 et
1154 1281 1327 1359 omnium
1345 1301 1576 1376 sanctorum,
1598 1303 1636 1362 et
1650 1287 1840 1363 associavit

413 1449 517 1511 eum,
540 1435 684 1524 patrem
703 1432 740 1491 et
757 1432 914 1491 matrem
933 1443 1021 1491 suos
1033 1412 1314 1521 participacioni
1328 1413 1520 1492 bonorum
1537 1416 1681 1493 ordinis
1694 1446 1841 1524 presen-

412 1551 512 1627 cium
530 1566 567 1626 et
585 1548 814 1636 futurorum,
832 1563 871 1621 et
885 1545 973 1622 lecit
984 1574 1072 1622 eum
1088 1545 1246 1622 osculari
1266 1544 1403 1622 dictam
1417 1547 1632 1656 ymaginem
1645 1549 1838 1637 Crucifixi,

413 1699 451 1759 et
464 1679 710 1789 postmodum
728 1694 928 1786 preceptor
946 1694 983 1754 et
1000 1694 1160 1754 astantes
1177 1677 1335 1754 osculati
1356 1676 1512 1755 suerunt
1529 1708 1616 1756 eum
1638 1680 1677 1755 in
1699 1709 1781 1768 ore,
1804 1697 1842 1756 et

413 1812 535 1889 dictus
549 1826 721 1917 receptor
741 1809 916 1886 instruxit
932 1837 1019 1884 eum
1035 1823 1128 1914 quot
1140 1810 1251 1884 Pater
1265 1824 1381 1887 noster
1394 1809 1537 1886 diceret
1547 1839 1617 1916 pro
1632 1811 1735 1886 horis
1746 1813 1837 1897 suis,

413 1942 777 2050 etqualiterregcrct
789 1969 829 2016 se
843 1940 882 2015 in
894 1939 1039 2015 ordine.
1050 1940 1136 2033 Quo
1146 1937 1255 2028 sacto,
1272 1940 1366 2017 dixit
1380 1941 1414 2017 ei
1426 1941 1582 2030 ibidem,
1599 1942 1639 2017 in
1649 1942 1842 2047 presencia

412 2075 584 2163 aliorum,
594 2072 699 2179 quod
712 2071 914 2180 abnegaret
926 2071 1069 2163 Deum;
1088 2101 1175 2148 cum
1186 2090 1314 2149 autem
1329 2072 1409 2179 ipse
1426 2071 1532 2150 testis
1548 2072 1775 2180 stupefactus
1787 2072 1841 2148 di·

413 2222 513 2283 ceret
525 2203 631 2311 quod
648 2231 725 2279 non
745 2202 945 2309 abnegaret
960 2219 1168 2279 creatorem
1183 2232 1308 2289 suum,
1333 2203 1527 2310 subjunxit
1545 2204 1649 2281 idem
1670 2206 1842 2310 receptor
1926 2256 1929 2261 ·

414 2336 520 2444 quod
545 2336 619 2412 hoc
638 2333 836 2441 oportebat
851 2362 939 2411 eum
956 2333 1087 2423 lacere,
1108 2332 1197 2439 quia
1214 2349 1293 2410 erat
1309 2332 1356 2408 de
1373 2334 1523 2439 punctis
1539 2335 1683 2410 ordinis
1704 2354 1741 2412 et
1755 2338 1843 2442 quia

415 2468 478 2545 alii
497 2465 695 2557 faciebant,
718 2482 755 2544 et
773 2482 865 2542 tunc
885 2466 963 2571 ipse
984 2464 1090 2541 testis
1106 2463 1301 2571 abnegavit
1316 2463 1459 2553 Deum,
1479 2493 1544 2543 ore
1561 2493 1638 2540 non
1653 2466 1783 2555 corde,
1801 2484 1844 2543 ut

416 2600 519 2678 dixit.
545 2601 678 2676 Postea
703 2596 872 2704 precepit
896 2596 930 2673 ei
956 2596 1060 2702 quod
1086 2576 1237 2701 spueret
1257 2624 1369 2701 super
1390 2595 1593 2702 quamdam
1621 2626 1772 2675 crucem
1797 2598 1843 2674 li-

414 2759 548 2842 gneam
563 2749 745 2822 veterem,¹
758 2731 797 2806 in
813 2758 887 2837 qua
903 2726 1008 2851 nulla
1023 2728 1226 2834 apparebat
1242 2755 1375 2834 ymago
1389 2727 1577 2819 Crucifixi,
1589 2728 1696 2836 juxta
1713 2731 1842 2805 sedem

416 2863 505 2941 dicti
525 2862 730 2968 receptoris
755 2860 1001 2953 collocatam,
1016 2859 1136 2964 nescit
1159 2887 1227 2964 per
1246 2888 1360 2964 quem
1387 2858 1554 2952 allatam,
1585 2860 1714 2938 dicens
1739 2861 1845 2968 quod

416 2997 490 3072 hoc
510 3011 608 3072 esset
629 2995 676 3071 de
692 2993 801 3069 dictis
816 2990 967 3097 punctis
983 2990 1138 3081 ordinis,
1159 3006 1197 3066 et
1214 2990 1293 3096 ipse
1308 2991 1414 3071 testis
1427 2992 1530 3098 spuit
1549 3021 1626 3069 non
1647 3021 1759 3097 supra
1777 2992 1845 3070 sed

412 3126 518 3232 juxta
538 3153 632 3202 eam.
652 3126 742 3201 Post
762 3151 836 3229 que
861 3121 955 3198 dixit
982 3121 1108 3197 eidem
1129 3119 1234 3226 quod
1256 3121 1466 3201 secundum
1494 3121 1591 3199 dicta
1615 3140 1754 3228 puncta
1778 3124 1845 3200 de-

416 3255 530 3334 bebat
545 3259 635 3332 euin
653 3251 815 3330 osculari
832 3252 872 3326 in
886 3254 970 3338 ano,
987 3268 1025 3326 et
1040 3251 1205 3356 precepit
1220 3251 1391 3356 quodibi
1406 3251 1639 3330 oscularetur
1655 3283 1761 3343 cum,
1779 3253 1846 3332 sed
1957 3237 1959 3240 ‚

417 3385 602 3485 avprnculo
633 3384 751 3490 ipsius
776 3381 882 3459 testis
911 3382 1014 3457 flexis
1043 3380 1203 3488 genibus
1233 3382 1410 3470 instante,
1436 3383 1581 3461 remisit
1613 3385 1648 3460 ei
1673 3385 1845 3461 osculum

417 3531 684 3600 memoratum.
715 3514 997 3620 Subsequenter
1022 3513 1115 3590 dixit
1146 3515 1179 3589 ei
1206 3513 1312 3620 quod
1342 3516 1552 3593 secundum
1582 3516 1681 3594 dicta
1708 3533 1846 3622 puncta

418 3663 566 3754 poterat
595 3646 677 3723 aliis
704 3645 881 3723 fratribus
909 3644 1104 3720 carnaliter
1131 3645 1382 3738 commisceri,
1411 3664 1448 3722 et
1471 3647 1540 3752 ipsi
1570 3677 1656 3723 cum
1680 3676 1743 3738 eo;
1775 3647 1847 3724 boc

419 3797 546 3856 tamen
562 3807 640 3855 non
655 3777 754 3870 lecit,
770 3806 841 3855 nec
856 3777 976 3854 credit
991 3777 1097 3883 quod
1111 3777 1152 3853 in
1172 3777 1305 3854 ordine
1322 3778 1442 3866 lieret,
1460 3806 1530 3854 nec
1550 3778 1654 3884 quod
1668 3779 1707 3855 in
1719 3808 1848 3885 recep-

403 3909 594 4015 ·p'onibus
608 3909 771 3986 aliorum
786 3908 944 3988 fratrum
962 3908 1232 3985 intervenirent
1244 3907 1316 3985 alia
1332 3908 1474 3996 illicita,
1490 3909 1558 3986 sed
1570 3910 1640 3985 ista
1655 3910 1844 3986 duntaxat.

422 4042 554 4123 Credit
573 4042 678 4147 quod
698 4069 831 4119 eorum
853 4040 1065 4119 sacerdotes
1090 4041 1218 4119 debite
1244 4040 1488 4130 celebrarent,
1511 4056 1549 4116 et
1570 4041 1676 4144 quod
1695 4038 1755 4115 alii
1775 4039 1848 4114 fra-

422 4191 500 4254 tres
523 4172 722 4251 crederent
739 4173 995 4252 ecclesiasticis
1022 4174 1273 4261 sacramentis,
1296 4171 1438 4278 quibus
1456 4172 1533 4279 ipse
1554 4171 1743 4249 credebat.
1766 4173 1849 4249 Sta·

424 4305 492 4381 tim
521 4332 590 4412 pro
618 4302 795 4411 professis
821 4304 1070 4385 habebantur.
1101 4303 1345 4386 Clandestine
1370 4303 1667 4412 recipiebantur,
1699 4332 1741 4381 ex
1771 4332 1848 4410 quo

423 4434 544 4514 credit
562 4435 669 4542 quod
689 4453 786 4513 esset
804 4438 977 4542 suspicio'
994 4453 1121 4514 contra
1142 4467 1218 4514 eos.
1241 4436 1541 4515 Dellendebatur
1563 4437 1616 4512 eis
1644 4437 1723 4513 sine
1745 4435 1864 4541 jura.

423 4584 552 4645 mento
568 4566 675 4672 quod
695 4596 773 4644 non
788 4568 998 4645 revelarent
1011 4584 1151 4643 secreta
1169 4565 1433 4673 capitulorum,
1449 4567 1517 4644 sed
1530 4567 1579 4642 de
1593 4565 1709 4641 modo
1727 4594 1850 4673 recep·

425 4829 529 4936 quod
547 4857 623 4906 non
644 4829 888 4906 confiteretur
907 4829 977 4906 nisi
997 4827 1254 4907 sacerdotibus
1273 4827 1432 4916 ordinis,
1456 4845 1494 4904 et
1513 4826 1585 4906 suit
1604 4828 1650 4906 de
1672 4827 1851 4936 predictis
