<?xml version="1.0" encoding="UTF-8"?>
<!DOCTYPE html PUBLIC "-//W3C//DTD XHTML 1.0 Transitional//EN"
    "http://www.w3.org/TR/xhtml1/DTD/xhtml1-transitional.dtd">
<html xmlns="http://www.w3.org/1999/xhtml" xml:lang="en" lang="en">
 <head>
  <title>
</title>
<meta http-equiv="Content-Type" content="text/html;charset=utf-8" />
  <meta name='ocr-system' content='tesseract 3.04.00' />
  <meta name='ocr-capabilities' content='ocr_page ocr_carea ocr_par ocr_line ocrx_word'/>
</head>
<body>
  <div class='ocr_page' id='page_1' title='image "./procsdestemplie01defegoog/procsdestemplie01defegoog_0371.png"; bbox 0 0 4230 5956; ppageno 0'>
   <div class='ocr_carea' id='block_1_1' title="bbox 694 465 1716 561">
    <p class='ocr_par' dir='ltr' id='par_1_1' title="bbox 694 465 1716 561">
     <span class='ocr_line' id='line_1_1' title="bbox 694 465 1716 561; baseline 0.005 -5"><span class='ocrx_word' id='word_1_1' title='bbox 694 465 891 559; x_wconf 80' lang='lat' dir='ltr'>rsocr&#39;ss</span> <span class='ocrx_word' id='word_1_2' title='bbox 918 485 1011 556; x_wconf 85' lang='lat' dir='ltr'>oss</span> <span class='ocrx_word' id='word_1_3' title='bbox 1036 483 1339 557; x_wconf 81' lang='lat' dir='ltr'>rnurmnns.</span> <span class='ocrx_word' id='word_1_4' title='bbox 1643 484 1716 561; x_wconf 76' lang='lat' dir='ltr'>aas</span> 
     </span>
    </p>
   </div>
   <div class='ocr_carea' id='block_1_2' title="bbox 301 623 1730 2764">
    <p class='ocr_par' dir='ltr' id='par_1_2' title="bbox 301 623 1730 2764">
     <span class='ocr_line' id='line_1_2' title="bbox 301 623 1717 732; baseline 0.001 -30"><span class='ocrx_word' id='word_1_5' title='bbox 301 629 558 732; x_wconf 88' lang='lat' dir='ltr'>juramentum</span> <span class='ocrx_word' id='word_1_6' title='bbox 579 650 693 700; x_wconf 87' lang='lat' dir='ltr'>sunm</span> <span class='ocrx_word' id='word_1_7' title='bbox 717 624 836 728; x_wconf 87' lang='lat' dir='ltr'>quod,</span> <span class='ocrx_word' id='word_1_8' title='bbox 862 642 946 730; x_wconf 91' lang='lat' dir='ltr'>post</span> <span class='ocrx_word' id='word_1_9' title='bbox 964 625 1099 701; x_wconf 88' lang='lat' dir='ltr'>multas</span> <span class='ocrx_word' id='word_1_10' title='bbox 1122 624 1387 730; x_wconf 84' lang='lat' dir='ltr'>promissiones</span> <span class='ocrx_word' id='word_1_11' title='bbox 1404 624 1451 699; x_wconf 86' lang='lat' dir='ltr'>ab</span> <span class='ocrx_word' id='word_1_12' title='bbox 1475 650 1520 700; x_wconf 92' lang='lat' dir='ltr'>eo</span> <span class='ocrx_word' id='word_1_13' title='bbox 1537 623 1649 702; x_wconf 85' lang='lat' dir='ltr'>factas</span> <span class='ocrx_word' id='word_1_14' title='bbox 1669 628 1717 704; x_wconf 89' lang='lat' dir='ltr'>de</span> 
     </span>
     <span class='ocr_line' id='line_1_3' title="bbox 305 750 1719 842; baseline 0.001 -11"><span class='ocrx_word' id='word_1_15' title='bbox 305 750 449 831; x_wconf 85' lang='lat' dir='ltr'>statutis</span> <span class='ocrx_word' id='word_1_16' title='bbox 467 770 504 829; x_wconf 92' lang='lat' dir='ltr'>et</span> <span class='ocrx_word' id='word_1_17' title='bbox 523 751 769 831; x_wconf 79' lang='lat' dir='ltr'>observanciis</span> <span class='ocrx_word' id='word_1_18' title='bbox 786 753 875 831; x_wconf 92' lang='lat' dir='ltr'>dicti</span> <span class='ocrx_word' id='word_1_19' title='bbox 894 754 1036 831; x_wconf 89' lang='lat' dir='ltr'>ordinis</span> <span class='ocrx_word' id='word_1_20' title='bbox 1056 753 1312 842; x_wconf 83' lang='lat' dir='ltr'>observandis,</span> <span class='ocrx_word' id='word_1_21' title='bbox 1335 770 1373 830; x_wconf 90' lang='lat' dir='ltr'>et</span> <span class='ocrx_word' id='word_1_22' title='bbox 1386 752 1561 830; x_wconf 90' lang='lat' dir='ltr'>mantello</span> <span class='ocrx_word' id='word_1_23' title='bbox 1581 754 1652 831; x_wconf 90' lang='lat' dir='ltr'>sibi</span> <span class='ocrx_word' id='word_1_24' title='bbox 1670 758 1719 832; x_wconf 88' lang='lat' dir='ltr'>ad</span> 
     </span>
     <span class='ocr_line' id='line_1_4' title="bbox 305 881 1717 989; baseline 0.001 -30"><span class='ocrx_word' id='word_1_25' title='bbox 305 881 441 959; x_wconf 91' lang='lat' dir='ltr'>collum</span> <span class='ocrx_word' id='word_1_26' title='bbox 453 882 594 986; x_wconf 89' lang='lat' dir='ltr'>posito,</span> <span class='ocrx_word' id='word_1_27' title='bbox 609 882 731 959; x_wconf 90' lang='lat' dir='ltr'>dictus</span> <span class='ocrx_word' id='word_1_28' title='bbox 741 882 925 989; x_wconf 85' lang='lat' dir='ltr'>recipiens</span> <span class='ocrx_word' id='word_1_29' title='bbox 938 883 1104 960; x_wconf 84' lang='lat' dir='ltr'>ostendit</span> <span class='ocrx_word' id='word_1_30' title='bbox 1116 883 1186 960; x_wconf 92' lang='lat' dir='ltr'>sibi</span> <span class='ocrx_word' id='word_1_31' title='bbox 1198 910 1346 960; x_wconf 91' lang='lat' dir='ltr'>crucem</span> <span class='ocrx_word' id='word_1_32' title='bbox 1361 882 1400 959; x_wconf 93' lang='lat' dir='ltr'>in</span> <span class='ocrx_word' id='word_1_33' title='bbox 1411 899 1573 988; x_wconf 85' lang='lat' dir='ltr'>quaerat</span> <span class='ocrx_word' id='word_1_34' title='bbox 1585 910 1717 989; x_wconf 83' lang='lat' dir='ltr'>ymago</span> 
     </span>
     <span class='ocr_line' id='line_1_5' title="bbox 302 1011 1719 1118; baseline 0.001 -31"><span class='ocrx_word' id='word_1_35' title='bbox 302 1011 418 1089; x_wconf 89' lang='lat' dir='ltr'>lhesu</span> <span class='ocrx_word' id='word_1_36' title='bbox 438 1011 592 1100; x_wconf 86' lang='lat' dir='ltr'>Christi,</span> <span class='ocrx_word' id='word_1_37' title='bbox 614 1028 652 1088; x_wconf 89' lang='lat' dir='ltr'>et</span> <span class='ocrx_word' id='word_1_38' title='bbox 669 1012 835 1118; x_wconf 85' lang='lat' dir='ltr'>precepit</span> <span class='ocrx_word' id='word_1_39' title='bbox 848 1012 918 1088; x_wconf 87' lang='lat' dir='ltr'>sibi</span> <span class='ocrx_word' id='word_1_40' title='bbox 934 1012 1072 1116; x_wconf 91' lang='lat' dir='ltr'>pluries</span> <span class='ocrx_word' id='word_1_41' title='bbox 1091 1014 1195 1118; x_wconf 91' lang='lat' dir='ltr'>qnod</span> <span class='ocrx_word' id='word_1_42' title='bbox 1219 1013 1418 1118; x_wconf 77' lang='lat' dir='ltr'>abnegaret</span> <span class='ocrx_word' id='word_1_43' title='bbox 1435 1011 1591 1089; x_wconf 89' lang='lat' dir='ltr'>lhesum</span> <span class='ocrx_word' id='word_1_44' title='bbox 1610 1011 1719 1088; x_wconf 87' lang='lat' dir='ltr'>Chri·</span> 
     </span>
     <span class='ocr_line' id='line_1_6' title="bbox 305 1141 1730 1248; baseline 0.001 -31"><span class='ocrx_word' id='word_1_45' title='bbox 305 1158 421 1228; x_wconf 83' lang='lat' dir='ltr'>stum,</span> <span class='ocrx_word' id='word_1_46' title='bbox 448 1159 485 1219; x_wconf 90' lang='lat' dir='ltr'>et</span> <span class='ocrx_word' id='word_1_47' title='bbox 507 1142 612 1246; x_wconf 92' lang='lat' dir='ltr'>quod</span> <span class='ocrx_word' id='word_1_48' title='bbox 637 1158 786 1246; x_wconf 86' lang='lat' dir='ltr'>spueret</span> <span class='ocrx_word' id='word_1_49' title='bbox 808 1169 917 1248; x_wconf 87' lang='lat' dir='ltr'>supra</span> <span class='ocrx_word' id='word_1_50' title='bbox 944 1169 1102 1219; x_wconf 87' lang='lat' dir='ltr'>crucem.</span> <span class='ocrx_word' id='word_1_51' title='bbox 1123 1142 1225 1219; x_wconf 84' lang='lat' dir='ltr'>Dixit</span> <span class='ocrx_word' id='word_1_52' title='bbox 1244 1142 1361 1218; x_wconf 87' lang='lat' dir='ltr'>eciam</span> <span class='ocrx_word' id='word_1_53' title='bbox 1384 1168 1451 1246; x_wconf 92' lang='lat' dir='ltr'>per</span> <span class='ocrx_word' id='word_1_54' title='bbox 1465 1141 1730 1248; x_wconf 30' lang='lat' dir='ltr'>juramentum.</span> 
     </span>
     <span class='ocr_line' id='line_1_7' title="bbox 305 1269 1717 1376; baseline 0.001 -31"><span class='ocrx_word' id='word_1_55' title='bbox 305 1297 413 1345; x_wconf 91' lang='lat' dir='ltr'>suum</span> <span class='ocrx_word' id='word_1_56' title='bbox 427 1270 530 1375; x_wconf 90' lang='lat' dir='ltr'>quod</span> <span class='ocrx_word' id='word_1_57' title='bbox 542 1297 610 1373; x_wconf 94' lang='lat' dir='ltr'>per</span> <span class='ocrx_word' id='word_1_58' title='bbox 620 1269 838 1347; x_wconf 84' lang='lat' dir='ltr'>violenciam</span> <span class='ocrx_word' id='word_1_59' title='bbox 853 1289 889 1348; x_wconf 90' lang='lat' dir='ltr'>et</span> <span class='ocrx_word' id='word_1_60' title='bbox 902 1288 1027 1348; x_wconf 86' lang='lat' dir='ltr'>contra</span> <span class='ocrx_word' id='word_1_61' title='bbox 1039 1272 1265 1348; x_wconf 89' lang='lat' dir='ltr'>voluntatem</span> <span class='ocrx_word' id='word_1_62' title='bbox 1279 1299 1383 1347; x_wconf 86' lang='lat' dir='ltr'>snam</span> <span class='ocrx_word' id='word_1_63' title='bbox 1396 1270 1588 1376; x_wconf 86' lang='lat' dir='ltr'>abnegavit</span> <span class='ocrx_word' id='word_1_64' title='bbox 1601 1269 1717 1348; x_wconf 88' lang='lat' dir='ltr'>semel</span> 
     </span>
     <span class='ocr_line' id='line_1_8' title="bbox 305 1399 1715 1506; baseline 0.001 -31"><span class='ocrx_word' id='word_1_65' title='bbox 305 1426 386 1487; x_wconf 88' lang='lat' dir='ltr'>ore,</span> <span class='ocrx_word' id='word_1_66' title='bbox 409 1416 446 1475; x_wconf 88' lang='lat' dir='ltr'>et</span> <span class='ocrx_word' id='word_1_67' title='bbox 464 1426 541 1476; x_wconf 96' lang='lat' dir='ltr'>non</span> <span class='ocrx_word' id='word_1_68' title='bbox 563 1399 695 1487; x_wconf 88' lang='lat' dir='ltr'>corde,</span> <span class='ocrx_word' id='word_1_69' title='bbox 722 1417 760 1476; x_wconf 90' lang='lat' dir='ltr'>et</span> <span class='ocrx_word' id='word_1_70' title='bbox 781 1428 858 1477; x_wconf 96' lang='lat' dir='ltr'>non</span> <span class='ocrx_word' id='word_1_71' title='bbox 877 1400 1024 1477; x_wconf 89' lang='lat' dir='ltr'>videtur</span> <span class='ocrx_word' id='word_1_72' title='bbox 1046 1400 1117 1477; x_wconf 88' lang='lat' dir='ltr'>sibi</span> <span class='ocrx_word' id='word_1_73' title='bbox 1136 1401 1241 1506; x_wconf 91' lang='lat' dir='ltr'>quod</span> <span class='ocrx_word' id='word_1_74' title='bbox 1254 1416 1404 1505; x_wconf 87' lang='lat' dir='ltr'>spueret</span> <span class='ocrx_word' id='word_1_75' title='bbox 1423 1428 1532 1505; x_wconf 90' lang='lat' dir='ltr'>supra</span> <span class='ocrx_word' id='word_1_76' title='bbox 1554 1426 1715 1477; x_wconf 89' lang='lat' dir='ltr'>crucem.</span> 
     </span>
     <span class='ocr_line' id='line_1_9' title="bbox 303 1527 1718 1636; baseline 0.001 -33"><span class='ocrx_word' id='word_1_77' title='bbox 303 1528 549 1633; x_wconf 86' lang='lat' dir='ltr'>Interrogatus</span> <span class='ocrx_word' id='word_1_78' title='bbox 574 1527 620 1604; x_wconf 93' lang='lat' dir='ltr'>de</span> <span class='ocrx_word' id='word_1_79' title='bbox 643 1528 788 1618; x_wconf 86' lang='lat' dir='ltr'>osculo,</span> <span class='ocrx_word' id='word_1_80' title='bbox 813 1528 906 1605; x_wconf 91' lang='lat' dir='ltr'>dixit</span> <span class='ocrx_word' id='word_1_81' title='bbox 927 1558 995 1634; x_wconf 90' lang='lat' dir='ltr'>per</span> <span class='ocrx_word' id='word_1_82' title='bbox 1005 1530 1259 1635; x_wconf 88' lang='lat' dir='ltr'>juramentum</span> <span class='ocrx_word' id='word_1_83' title='bbox 1277 1558 1387 1606; x_wconf 91' lang='lat' dir='ltr'>suum</span> <span class='ocrx_word' id='word_1_84' title='bbox 1408 1529 1512 1636; x_wconf 92' lang='lat' dir='ltr'>quod</span> <span class='ocrx_word' id='word_1_85' title='bbox 1532 1528 1718 1607; x_wconf 86' lang='lat' dir='ltr'>osculatus</span> 
     </span>
     <span class='ocr_line' id='line_1_10' title="bbox 303 1655 1716 1764; baseline 0.003 -33"><span class='ocrx_word' id='word_1_86' title='bbox 303 1655 374 1732; x_wconf 89' lang='lat' dir='ltr'>fuit</span> <span class='ocrx_word' id='word_1_87' title='bbox 392 1656 630 1761; x_wconf 87' lang='lat' dir='ltr'>recipientem</span> <span class='ocrx_word' id='word_1_88' title='bbox 649 1657 689 1734; x_wconf 93' lang='lat' dir='ltr'>in</span> <span class='ocrx_word' id='word_1_89' title='bbox 709 1657 888 1736; x_wconf 92' lang='lat' dir='ltr'>umbilico</span> <span class='ocrx_word' id='word_1_90' title='bbox 908 1659 1003 1735; x_wconf 86' lang='lat' dir='ltr'>etin</span> <span class='ocrx_word' id='word_1_91' title='bbox 1024 1685 1101 1735; x_wconf 88' lang='lat' dir='ltr'>ore.</span> <span class='ocrx_word' id='word_1_92' title='bbox 1121 1659 1223 1736; x_wconf 80' lang='lat' dir='ltr'>Dixit</span> <span class='ocrx_word' id='word_1_93' title='bbox 1247 1659 1361 1735; x_wconf 87' lang='lat' dir='ltr'>eciam</span> <span class='ocrx_word' id='word_1_94' title='bbox 1379 1685 1446 1763; x_wconf 90' lang='lat' dir='ltr'>per</span> <span class='ocrx_word' id='word_1_95' title='bbox 1459 1659 1716 1764; x_wconf 84' lang='lat' dir='ltr'>juramentum</span> 
     </span>
     <span class='ocr_line' id='line_1_11' title="bbox 303 1785 1718 1894; baseline 0.001 -33"><span class='ocrx_word' id='word_1_96' title='bbox 303 1814 412 1862; x_wconf 92' lang='lat' dir='ltr'>suum</span> <span class='ocrx_word' id='word_1_97' title='bbox 432 1786 535 1892; x_wconf 90' lang='lat' dir='ltr'>quod</span> <span class='ocrx_word' id='word_1_98' title='bbox 556 1787 700 1863; x_wconf 91' lang='lat' dir='ltr'>dictum</span> <span class='ocrx_word' id='word_1_99' title='bbox 718 1786 790 1865; x_wconf 81' lang='lat' dir='ltr'>tuit</span> <span class='ocrx_word' id='word_1_100' title='bbox 809 1787 879 1864; x_wconf 83' lang='lat' dir='ltr'>sibi</span> <span class='ocrx_word' id='word_1_101' title='bbox 900 1788 1004 1894; x_wconf 93' lang='lat' dir='ltr'>quod</span> <span class='ocrx_word' id='word_1_102' title='bbox 1024 1788 1054 1864; x_wconf 89' lang='lat' dir='ltr'>si</span> <span class='ocrx_word' id='word_1_103' title='bbox 1076 1806 1270 1893; x_wconf 90' lang='lat' dir='ltr'>urgeretur</span> <span class='ocrx_word' id='word_1_104' title='bbox 1283 1787 1403 1864; x_wconf 88' lang='lat' dir='ltr'>calore</span> <span class='ocrx_word' id='word_1_105' title='bbox 1419 1786 1591 1875; x_wconf 85' lang='lat' dir='ltr'>naturali,</span> <span class='ocrx_word' id='word_1_106' title='bbox 1613 1785 1718 1893; x_wconf 89' lang='lat' dir='ltr'>qnod</span> 
     </span>
     <span class='ocr_line' id='line_1_12' title="bbox 303 1915 1718 2022; baseline 0.001 -32"><span class='ocrx_word' id='word_1_107' title='bbox 303 1915 560 1991; x_wconf 87' lang='lat' dir='ltr'>commisceret</span> <span class='ocrx_word' id='word_1_108' title='bbox 584 1943 625 1991; x_wconf 89' lang='lat' dir='ltr'>se</span> <span class='ocrx_word' id='word_1_109' title='bbox 649 1945 735 1992; x_wconf 93' lang='lat' dir='ltr'>cum</span> <span class='ocrx_word' id='word_1_110' title='bbox 759 1917 933 1992; x_wconf 82' lang='lat' dir='ltr'>iratribus</span> <span class='ocrx_word' id='word_1_111' title='bbox 959 1917 1048 1993; x_wconf 93' lang='lat' dir='ltr'>dicti</span> <span class='ocrx_word' id='word_1_112' title='bbox 1072 1917 1228 1993; x_wconf 90' lang='lat' dir='ltr'>ordinis.</span> <span class='ocrx_word' id='word_1_113' title='bbox 1255 1916 1355 1991; x_wconf 83' lang='lat' dir='ltr'>Dixit</span> <span class='ocrx_word' id='word_1_114' title='bbox 1378 1931 1504 1991; x_wconf 90' lang='lat' dir='ltr'>tamen</span> <span class='ocrx_word' id='word_1_115' title='bbox 1528 1943 1596 2020; x_wconf 88' lang='lat' dir='ltr'>per</span> <span class='ocrx_word' id='word_1_116' title='bbox 1615 1917 1718 2022; x_wconf 87' lang='lat' dir='ltr'>jura·</span> 
     </span>
     <span class='ocr_line' id='line_1_13' title="bbox 302 2042 1714 2150; baseline 0.002 -32"><span class='ocrx_word' id='word_1_117' title='bbox 302 2059 470 2118; x_wconf 91' lang='lat' dir='ltr'>mentum</span> <span class='ocrx_word' id='word_1_118' title='bbox 495 2069 605 2118; x_wconf 92' lang='lat' dir='ltr'>suum</span> <span class='ocrx_word' id='word_1_119' title='bbox 630 2043 733 2147; x_wconf 92' lang='lat' dir='ltr'>quod</span> <span class='ocrx_word' id='word_1_120' title='bbox 760 2071 953 2148; x_wconf 87' lang='lat' dir='ltr'>nunquam</span> <span class='ocrx_word' id='word_1_121' title='bbox 979 2044 1082 2132; x_wconf 85' lang='lat' dir='ltr'>fecit,</span> <span class='ocrx_word' id='word_1_122' title='bbox 1109 2072 1177 2119; x_wconf 95' lang='lat' dir='ltr'>nec</span> <span class='ocrx_word' id='word_1_123' title='bbox 1197 2043 1245 2119; x_wconf 87' lang='lat' dir='ltr'>ab</span> <span class='ocrx_word' id='word_1_124' title='bbox 1268 2042 1392 2148; x_wconf 86' lang='lat' dir='ltr'>aliquo</span> <span class='ocrx_word' id='word_1_125' title='bbox 1416 2043 1487 2119; x_wconf 83' lang='lat' dir='ltr'>fuit</span> <span class='ocrx_word' id='word_1_126' title='bbox 1504 2044 1714 2150; x_wconf 87' lang='lat' dir='ltr'>requisitus.</span> 
     </span>
     <span class='ocr_line' id='line_1_14' title="bbox 301 2170 1716 2278; baseline 0.001 -30"><span class='ocrx_word' id='word_1_127' title='bbox 301 2170 403 2248; x_wconf 85' lang='lat' dir='ltr'>Dixit</span> <span class='ocrx_word' id='word_1_128' title='bbox 422 2170 536 2246; x_wconf 88' lang='lat' dir='ltr'>eciam</span> <span class='ocrx_word' id='word_1_129' title='bbox 555 2197 623 2274; x_wconf 88' lang='lat' dir='ltr'>per</span> <span class='ocrx_word' id='word_1_130' title='bbox 635 2171 888 2276; x_wconf 88' lang='lat' dir='ltr'>juramentum</span> <span class='ocrx_word' id='word_1_131' title='bbox 908 2199 1017 2247; x_wconf 89' lang='lat' dir='ltr'>suum</span> <span class='ocrx_word' id='word_1_132' title='bbox 1037 2171 1139 2277; x_wconf 90' lang='lat' dir='ltr'>quod</span> <span class='ocrx_word' id='word_1_133' title='bbox 1160 2171 1278 2248; x_wconf 87' lang='lat' dir='ltr'>credit</span> <span class='ocrx_word' id='word_1_134' title='bbox 1295 2172 1399 2278; x_wconf 92' lang='lat' dir='ltr'>quod</span> <span class='ocrx_word' id='word_1_135' title='bbox 1422 2201 1551 2250; x_wconf 90' lang='lat' dir='ltr'>omnes</span> <span class='ocrx_word' id='word_1_136' title='bbox 1571 2173 1633 2248; x_wconf 88' lang='lat' dir='ltr'>alii</span> <span class='ocrx_word' id='word_1_137' title='bbox 1651 2172 1716 2249; x_wconf 85' lang='lat' dir='ltr'>tali</span> 
     </span>
     <span class='ocr_line' id='line_1_15' title="bbox 302 2299 1717 2404; baseline 0.003 -30"><span class='ocrx_word' id='word_1_138' title='bbox 302 2299 418 2376; x_wconf 93' lang='lat' dir='ltr'>modo</span> <span class='ocrx_word' id='word_1_139' title='bbox 429 2299 665 2404; x_wconf 87' lang='lat' dir='ltr'>recipiantur.</span> <span class='ocrx_word' id='word_1_140' title='bbox 684 2302 934 2404; x_wconf 83' lang='lat' dir='ltr'>Interrogatus</span> <span class='ocrx_word' id='word_1_141' title='bbox 950 2317 1076 2376; x_wconf 87' lang='lat' dir='ltr'>utrum</span> <span class='ocrx_word' id='word_1_142' title='bbox 1096 2300 1129 2374; x_wconf 90' lang='lat' dir='ltr'>vi</span> <span class='ocrx_word' id='word_1_143' title='bbox 1146 2317 1434 2389; x_wconf 85' lang='lat' dir='ltr'>tormentorum,</span> <span class='ocrx_word' id='word_1_144' title='bbox 1451 2300 1509 2377; x_wconf 85' lang='lat' dir='ltr'>vel</span> <span class='ocrx_word' id='word_1_145' title='bbox 1523 2319 1626 2378; x_wconf 91' lang='lat' dir='ltr'>metu</span> <span class='ocrx_word' id='word_1_146' title='bbox 1639 2330 1717 2378; x_wconf 88' lang='lat' dir='ltr'>car·</span> 
     </span>
     <span class='ocr_line' id='line_1_16' title="bbox 304 2426 1717 2536; baseline 0.002 -32"><span class='ocrx_word' id='word_1_147' title='bbox 304 2428 412 2517; x_wconf 86' lang='lat' dir='ltr'>ceris,</span> <span class='ocrx_word' id='word_1_148' title='bbox 432 2428 489 2504; x_wconf 89' lang='lat' dir='ltr'>vel</span> <span class='ocrx_word' id='word_1_149' title='bbox 504 2427 573 2504; x_wconf 88' lang='lat' dir='ltr'>alia</span> <span class='ocrx_word' id='word_1_150' title='bbox 590 2456 712 2515; x_wconf 86' lang='lat' dir='ltr'>causa,</span> <span class='ocrx_word' id='word_1_151' title='bbox 729 2428 820 2503; x_wconf 91' lang='lat' dir='ltr'>dixit</span> <span class='ocrx_word' id='word_1_152' title='bbox 833 2426 996 2534; x_wconf 86' lang='lat' dir='ltr'>aliquam</span> <span class='ocrx_word' id='word_1_153' title='bbox 1011 2428 1207 2505; x_wconf 86' lang='lat' dir='ltr'>salsitatem</span> <span class='ocrx_word' id='word_1_154' title='bbox 1219 2429 1277 2505; x_wconf 87' lang='lat' dir='ltr'>vel</span> <span class='ocrx_word' id='word_1_155' title='bbox 1292 2429 1536 2506; x_wconf 87' lang='lat' dir='ltr'>immiscuerit</span> <span class='ocrx_word' id='word_1_156' title='bbox 1550 2430 1589 2505; x_wconf 90' lang='lat' dir='ltr'>in</span> <span class='ocrx_word' id='word_1_157' title='bbox 1605 2430 1717 2536; x_wconf 80' lang='lat' dir='ltr'>depo</span> 
     </span>
     <span class='ocr_line' id='line_1_17' title="bbox 303 2557 1715 2663; baseline 0.001 -30"><span class='ocrx_word' id='word_1_158' title='bbox 303 2557 444 2633; x_wconf 87' lang='lat' dir='ltr'>sicione</span> <span class='ocrx_word' id='word_1_159' title='bbox 455 2585 535 2644; x_wconf 85' lang='lat' dir='ltr'>sua,</span> <span class='ocrx_word' id='word_1_160' title='bbox 554 2557 645 2634; x_wconf 86' lang='lat' dir='ltr'>dixit</span> <span class='ocrx_word' id='word_1_161' title='bbox 656 2585 725 2661; x_wconf 89' lang='lat' dir='ltr'>per</span> <span class='ocrx_word' id='word_1_162' title='bbox 733 2558 987 2663; x_wconf 85' lang='lat' dir='ltr'>juramentum</span> <span class='ocrx_word' id='word_1_163' title='bbox 999 2585 1110 2633; x_wconf 91' lang='lat' dir='ltr'>suum</span> <span class='ocrx_word' id='word_1_164' title='bbox 1123 2557 1227 2662; x_wconf 91' lang='lat' dir='ltr'>quod</span> <span class='ocrx_word' id='word_1_165' title='bbox 1240 2585 1335 2647; x_wconf 79' lang='lat' dir='ltr'>non3</span> <span class='ocrx_word' id='word_1_166' title='bbox 1347 2557 1464 2636; x_wconf 91' lang='lat' dir='ltr'>immo</span> <span class='ocrx_word' id='word_1_167' title='bbox 1478 2558 1571 2636; x_wconf 87' lang='lat' dir='ltr'>dixit</span> <span class='ocrx_word' id='word_1_168' title='bbox 1583 2587 1715 2663; x_wconf 85' lang='lat' dir='ltr'>puram</span> 
     </span>
     <span class='ocr_line' id='line_1_18' title="bbox 302 2687 505 2764; baseline 0.02 -5"><span class='ocrx_word' id='word_1_169' title='bbox 302 2687 505 2764; x_wconf 86' lang='lat' dir='ltr'>veritatem.</span> 
     </span>
    </p>
   </div>
   <div class='ocr_carea' id='block_1_3' title="bbox 298 2945 1813 4081">
    <p class='ocr_par' dir='ltr' id='par_1_3' title="bbox 298 2945 1813 4081">
     <span class='ocr_line' id='line_1_19' title="bbox 357 2945 1775 3055; baseline -0.003 -34"><span class='ocrx_word' id='word_1_170' title='bbox 357 2949 448 3023; x_wconf 89' lang='lat' dir='ltr'>ltem</span> <span class='ocrx_word' id='word_1_171' title='bbox 462 2945 574 3023; x_wconf 83' lang='lat' dir='ltr'>frater</span> <span class='ocrx_word' id='word_1_172' title='bbox 592 2948 781 3025; x_wconf 86' lang='lat' dir='ltr'>lohannes</span> <span class='ocrx_word' id='word_1_173' title='bbox 802 2949 849 3023; x_wconf 91' lang='lat' dir='ltr'>de</span> <span class='ocrx_word' id='word_1_174' title='bbox 862 2947 1079 3036; x_wconf 85' lang='lat' dir='ltr'>Cormeliis‚</span> <span class='ocrx_word' id='word_1_175' title='bbox 1102 2948 1209 3023; x_wconf 87' lang='lat' dir='ltr'>etatis</span> <span class='ocrx_word' id='word_1_176' title='bbox 1224 2947 1410 3055; x_wconf 81' lang='lat' dir='ltr'>sexaginta</span> <span class='ocrx_word' id='word_1_177' title='bbox 1430 2974 1635 3036; x_wconf 86' lang='lat' dir='ltr'>annorum,</span> <span class='ocrx_word' id='word_1_178' title='bbox 1651 2946 1715 3053; x_wconf 87' lang='lat' dir='ltr'>ju·</span> <span class='ocrx_word' id='word_1_179' title='bbox 1772 3013 1775 3017; x_wconf 75' lang='grc'><strong>,</strong></span> 
     </span>
     <span class='ocr_line' id='line_1_20' title="bbox 300 3075 1716 3165; baseline 0.001 -14"><span class='ocrx_word' id='word_1_180' title='bbox 300 3092 400 3152; x_wconf 86' lang='lat' dir='ltr'>ratus</span> <span class='ocrx_word' id='word_1_181' title='bbox 420 3075 555 3153; x_wconf 88' lang='lat' dir='ltr'>eodem</span> <span class='ocrx_word' id='word_1_182' title='bbox 575 3077 689 3154; x_wconf 92' lang='lat' dir='ltr'>modo</span> <span class='ocrx_word' id='word_1_183' title='bbox 710 3077 757 3154; x_wconf 92' lang='lat' dir='ltr'>de</span> <span class='ocrx_word' id='word_1_184' title='bbox 778 3106 817 3154; x_wconf 89' lang='lat' dir='ltr'>se</span> <span class='ocrx_word' id='word_1_185' title='bbox 838 3094 876 3153; x_wconf 90' lang='lat' dir='ltr'>et</span> <span class='ocrx_word' id='word_1_186' title='bbox 894 3076 974 3153; x_wconf 89' lang='lat' dir='ltr'>aliis</span> <span class='ocrx_word' id='word_1_187' title='bbox 994 3077 1033 3152; x_wconf 92' lang='lat' dir='ltr'>in</span> <span class='ocrx_word' id='word_1_188' title='bbox 1052 3104 1160 3153; x_wconf 86' lang='lat' dir='ltr'>causa</span> <span class='ocrx_word' id='word_1_189' title='bbox 1180 3075 1270 3154; x_wconf 90' lang='lat' dir='ltr'>fidei</span> <span class='ocrx_word' id='word_1_190' title='bbox 1295 3077 1419 3153; x_wconf 90' lang='lat' dir='ltr'>dicere</span> <span class='ocrx_word' id='word_1_191' title='bbox 1439 3076 1650 3165; x_wconf 85' lang='lat' dir='ltr'>veritatem,</span> <span class='ocrx_word' id='word_1_192' title='bbox 1677 3093 1716 3152; x_wconf 90' lang='lat' dir='ltr'>et</span> 
     </span>
     <span class='ocr_line' id='line_1_21' title="bbox 300 3205 1716 3313; baseline 0.001 -33"><span class='ocrx_word' id='word_1_193' title='bbox 300 3205 544 3311; x_wconf 86' lang='lat' dir='ltr'>interrogatus</span> <span class='ocrx_word' id='word_1_194' title='bbox 558 3206 605 3284; x_wconf 90' lang='lat' dir='ltr'>de</span> <span class='ocrx_word' id='word_1_195' title='bbox 619 3224 789 3313; x_wconf 88' lang='lat' dir='ltr'>tempore</span> <span class='ocrx_word' id='word_1_196' title='bbox 807 3225 843 3284; x_wconf 89' lang='lat' dir='ltr'>et</span> <span class='ocrx_word' id='word_1_197' title='bbox 855 3206 972 3284; x_wconf 90' lang='lat' dir='ltr'>modo</span> <span class='ocrx_word' id='word_1_198' title='bbox 987 3234 1055 3284; x_wconf 89' lang='lat' dir='ltr'>sue</span> <span class='ocrx_word' id='word_1_199' title='bbox 1070 3206 1314 3313; x_wconf 89' lang='lat' dir='ltr'>recepcionis‚</span> <span class='ocrx_word' id='word_1_200' title='bbox 1337 3206 1429 3282; x_wconf 91' lang='lat' dir='ltr'>dixit</span> <span class='ocrx_word' id='word_1_201' title='bbox 1447 3234 1514 3310; x_wconf 91' lang='lat' dir='ltr'>per</span> <span class='ocrx_word' id='word_1_202' title='bbox 1528 3206 1716 3313; x_wconf 89' lang='lat' dir='ltr'>juramen·</span> 
     </span>
     <span class='ocr_line' id='line_1_22' title="bbox 299 3334 1813 3442; baseline 0.001 -31"><span class='ocrx_word' id='word_1_203' title='bbox 299 3351 380 3411; x_wconf 89' lang='lat' dir='ltr'>turn</span> <span class='ocrx_word' id='word_1_204' title='bbox 397 3363 509 3412; x_wconf 90' lang='lat' dir='ltr'>suum</span> <span class='ocrx_word' id='word_1_205' title='bbox 527 3335 630 3441; x_wconf 83' lang='lat' dir='ltr'>quod</span> <span class='ocrx_word' id='word_1_206' title='bbox 651 3353 821 3441; x_wconf 88' lang='lat' dir='ltr'>receptus</span> <span class='ocrx_word' id='word_1_207' title='bbox 839 3336 911 3413; x_wconf 87' lang='lat' dir='ltr'>fuit</span> <span class='ocrx_word' id='word_1_208' title='bbox 930 3336 1031 3442; x_wconf 83' lang='lat' dir='ltr'>apud</span> <span class='ocrx_word' id='word_1_209' title='bbox 1048 3335 1197 3414; x_wconf 92' lang='lat' dir='ltr'>Bellum</span> <span class='ocrx_word' id='word_1_210' title='bbox 1210 3335 1341 3414; x_wconf 88' lang='lat' dir='ltr'>Visum</span> <span class='ocrx_word' id='word_1_211' title='bbox 1364 3337 1405 3412; x_wconf 92' lang='lat' dir='ltr'>in</span> <span class='ocrx_word' id='word_1_212' title='bbox 1424 3334 1632 3415; x_wconf 81' lang='lat' dir='ltr'>Gestinesio</span> <span class='ocrx_word' id='word_1_213' title='bbox 1649 3336 1717 3414; x_wconf 88' lang='lat' dir='ltr'>Se·</span> <span class='ocrx_word' id='word_1_214' title='bbox 1810 3366 1813 3372; x_wconf 93' lang='lat'>·</span> 
     </span>
     <span class='ocr_line' id='line_1_23' title="bbox 300 3463 1716 3570; baseline 0.002 -32"><span class='ocrx_word' id='word_1_215' title='bbox 300 3466 475 3541; x_wconf 88' lang='lat' dir='ltr'>nonensis</span> <span class='ocrx_word' id='word_1_216' title='bbox 500 3465 674 3556; x_wconf 87' lang='lat' dir='ltr'>diocesis,</span> <span class='ocrx_word' id='word_1_217' title='bbox 702 3466 901 3543; x_wconf 89' lang='lat' dir='ltr'>tresdecim</span> <span class='ocrx_word' id='word_1_218' title='bbox 925 3467 1011 3542; x_wconf 90' lang='lat' dir='ltr'>anni</span> <span class='ocrx_word' id='word_1_219' title='bbox 1040 3484 1128 3543; x_wconf 90' lang='lat' dir='ltr'>sunt</span> <span class='ocrx_word' id='word_1_220' title='bbox 1155 3466 1286 3570; x_wconf 85' lang='lat' dir='ltr'>elapsi,</span> <span class='ocrx_word' id='word_1_221' title='bbox 1311 3494 1379 3570; x_wconf 93' lang='lat' dir='ltr'>per</span> <span class='ocrx_word' id='word_1_222' title='bbox 1402 3465 1552 3542; x_wconf 81' lang='lat' dir='ltr'>fratrem</span> <span class='ocrx_word' id='word_1_223' title='bbox 1578 3463 1716 3541; x_wconf 84' lang='lat' dir='ltr'>Redol-</span> 
     </span>
     <span class='ocr_line' id='line_1_24' title="bbox 298 3591 1713 3700; baseline -0.001 -31"><span class='ocrx_word' id='word_1_224' title='bbox 298 3592 418 3697; x_wconf 89' lang='lat' dir='ltr'>phum</span> <span class='ocrx_word' id='word_1_225' title='bbox 435 3595 482 3670; x_wconf 87' lang='lat' dir='ltr'>de</span> <span class='ocrx_word' id='word_1_226' title='bbox 499 3594 728 3683; x_wconf 87' lang='lat' dir='ltr'>Hardiviller,</span> <span class='ocrx_word' id='word_1_227' title='bbox 746 3595 980 3700; x_wconf 89' lang='lat' dir='ltr'>presentibus</span> <span class='ocrx_word' id='word_1_228' title='bbox 990 3595 1165 3672; x_wconf 82' lang='lat' dir='ltr'>fratribus</span> <span class='ocrx_word' id='word_1_229' title='bbox 1179 3597 1288 3671; x_wconf 85' lang='lat' dir='ltr'>Petro</span> <span class='ocrx_word' id='word_1_230' title='bbox 1299 3593 1442 3670; x_wconf 90' lang='lat' dir='ltr'>Picardi</span> <span class='ocrx_word' id='word_1_231' title='bbox 1457 3610 1495 3668; x_wconf 89' lang='lat' dir='ltr'>et</span> <span class='ocrx_word' id='word_1_232' title='bbox 1509 3591 1713 3671; x_wconf 89' lang='lat' dir='ltr'>Gnillelmo</span> 
     </span>
     <span class='ocr_line' id='line_1_25' title="bbox 299 3720 1712 3829; baseline 0.001 -34"><span class='ocrx_word' id='word_1_233' title='bbox 299 3721 455 3829; x_wconf 86' lang='lat' dir='ltr'>agricola</span> <span class='ocrx_word' id='word_1_234' title='bbox 481 3724 578 3800; x_wconf 91' lang='lat' dir='ltr'>dicte</span> <span class='ocrx_word' id='word_1_235' title='bbox 595 3723 745 3812; x_wconf 88' lang='lat' dir='ltr'>domus,</span> <span class='ocrx_word' id='word_1_236' title='bbox 766 3741 803 3800; x_wconf 92' lang='lat' dir='ltr'>et</span> <span class='ocrx_word' id='word_1_237' title='bbox 814 3723 1039 3828; x_wconf 83' lang='lat' dir='ltr'>quibusdam</span> <span class='ocrx_word' id='word_1_238' title='bbox 1056 3721 1134 3799; x_wconf 87' lang='lat' dir='ltr'>aliis</span> <span class='ocrx_word' id='word_1_239' title='bbox 1154 3723 1201 3799; x_wconf 91' lang='lat' dir='ltr'>de</span> <span class='ocrx_word' id='word_1_240' title='bbox 1217 3750 1381 3828; x_wconf 90' lang='lat' dir='ltr'>quorum</span> <span class='ocrx_word' id='word_1_241' title='bbox 1402 3720 1616 3798; x_wconf 88' lang='lat' dir='ltr'>nominibus</span> <span class='ocrx_word' id='word_1_242' title='bbox 1635 3747 1712 3796; x_wconf 95' lang='lat' dir='ltr'>non</span> 
     </span>
     <span class='ocr_line' id='line_1_26' title="bbox 298 3846 1714 3959; baseline -0.001 -35"><span class='ocrx_word' id='word_1_243' title='bbox 298 3852 439 3959; x_wconf 86' lang='lat' dir='ltr'>recolit.</span> <span class='ocrx_word' id='word_1_244' title='bbox 455 3850 556 3928; x_wconf 92' lang='lat' dir='ltr'>Dixit</span> <span class='ocrx_word' id='word_1_245' title='bbox 570 3852 686 3928; x_wconf 87' lang='lat' dir='ltr'>eciam</span> <span class='ocrx_word' id='word_1_246' title='bbox 703 3880 770 3957; x_wconf 90' lang='lat' dir='ltr'>per</span> <span class='ocrx_word' id='word_1_247' title='bbox 780 3852 1038 3959; x_wconf 86' lang='lat' dir='ltr'>juramentum</span> <span class='ocrx_word' id='word_1_248' title='bbox 1051 3878 1162 3927; x_wconf 87' lang='lat' dir='ltr'>suurn</span> <span class='ocrx_word' id='word_1_249' title='bbox 1177 3849 1298 3955; x_wconf 88' lang='lat' dir='ltr'>quod,</span> <span class='ocrx_word' id='word_1_250' title='bbox 1312 3865 1397 3955; x_wconf 88' lang='lat' dir='ltr'>post</span> <span class='ocrx_word' id='word_1_251' title='bbox 1413 3847 1546 3925; x_wconf 87' lang='lat' dir='ltr'>multas</span> <span class='ocrx_word' id='word_1_252' title='bbox 1559 3846 1714 3952; x_wconf 88' lang='lat' dir='ltr'>promis·</span> 
     </span>
     <span class='ocr_line' id='line_1_27' title="bbox 299 3977 1713 4081; baseline -0.001 -27"><span class='ocrx_word' id='word_1_253' title='bbox 299 3978 422 4055; x_wconf 89' lang='lat' dir='ltr'>siones</span> <span class='ocrx_word' id='word_1_254' title='bbox 439 3980 487 4055; x_wconf 90' lang='lat' dir='ltr'>de</span> <span class='ocrx_word' id='word_1_255' title='bbox 505 3980 744 4058; x_wconf 87' lang='lat' dir='ltr'>observandis</span> <span class='ocrx_word' id='word_1_256' title='bbox 757 3980 907 4057; x_wconf 89' lang='lat' dir='ltr'>secretis</span> <span class='ocrx_word' id='word_1_257' title='bbox 921 3997 959 4057; x_wconf 93' lang='lat' dir='ltr'>et</span> <span class='ocrx_word' id='word_1_258' title='bbox 977 3981 1120 4057; x_wconf 83' lang='lat' dir='ltr'>statutis</span> <span class='ocrx_word' id='word_1_259' title='bbox 1136 3978 1226 4055; x_wconf 91' lang='lat' dir='ltr'>dicti</span> <span class='ocrx_word' id='word_1_260' title='bbox 1240 3978 1382 4055; x_wconf 90' lang='lat' dir='ltr'>ordinis</span> <span class='ocrx_word' id='word_1_261' title='bbox 1399 3977 1530 4062; x_wconf 85' lang='lat' dir='ltr'>factas,</span> <span class='ocrx_word' id='word_1_262' title='bbox 1550 3990 1713 4081; x_wconf 83' lang='lat' dir='ltr'>aportnta</span> 
     </span>
    </p>
   </div>
   <div class='ocr_carea' id='block_1_4' title="bbox 292 4104 1713 4863">
    <p class='ocr_par' dir='ltr' id='par_1_4' title="bbox 292 4104 1713 4863">
     <span class='ocr_line' id='line_1_28' title="bbox 298 4104 1713 4216; baseline 0.002 -37"><span class='ocrx_word' id='word_1_263' title='bbox 298 4104 368 4182; x_wconf 84' lang='lat' dir='ltr'>fuit</span> <span class='ocrx_word' id='word_1_264' title='bbox 379 4106 449 4183; x_wconf 89' lang='lat' dir='ltr'>sibi</span> <span class='ocrx_word' id='word_1_265' title='bbox 465 4108 629 4213; x_wconf 89' lang='lat' dir='ltr'>quedam</span> <span class='ocrx_word' id='word_1_266' title='bbox 649 4138 737 4186; x_wconf 89' lang='lat' dir='ltr'>crux</span> <span class='ocrx_word' id='word_1_267' title='bbox 755 4110 795 4186; x_wconf 93' lang='lat' dir='ltr'>in</span> <span class='ocrx_word' id='word_1_268' title='bbox 814 4137 889 4216; x_wconf 89' lang='lat' dir='ltr'>qua</span> <span class='ocrx_word' id='word_1_269' title='bbox 902 4126 980 4187; x_wconf 86' lang='lat' dir='ltr'>erat</span> <span class='ocrx_word' id='word_1_270' title='bbox 995 4107 1139 4215; x_wconf 89' lang='lat' dir='ltr'>depicta</span> <span class='ocrx_word' id='word_1_271' title='bbox 1153 4107 1274 4213; x_wconf 89' lang='lat' dir='ltr'>imago</span> <span class='ocrx_word' id='word_1_272' title='bbox 1284 4108 1398 4184; x_wconf 87' lang='lat' dir='ltr'>Jhesn</span> <span class='ocrx_word' id='word_1_273' title='bbox 1409 4105 1561 4195; x_wconf 82' lang='lat' dir='ltr'>Christi,</span> <span class='ocrx_word' id='word_1_274' title='bbox 1577 4121 1615 4183; x_wconf 89' lang='lat' dir='ltr'>et</span> <span class='ocrx_word' id='word_1_275' title='bbox 1623 4122 1713 4183; x_wconf 90' lang='lat' dir='ltr'>tunc</span> 
     </span>
     <span class='ocr_line' id='line_1_29' title="bbox 296 4235 1711 4344; baseline 0.001 -34"><span class='ocrx_word' id='word_1_276' title='bbox 296 4236 463 4340; x_wconf 88' lang='lat' dir='ltr'>precepit</span> <span class='ocrx_word' id='word_1_277' title='bbox 482 4237 552 4313; x_wconf 90' lang='lat' dir='ltr'>sibi</span> <span class='ocrx_word' id='word_1_278' title='bbox 573 4237 693 4315; x_wconf 90' lang='lat' dir='ltr'>dictus</span> <span class='ocrx_word' id='word_1_279' title='bbox 714 4239 897 4344; x_wconf 90' lang='lat' dir='ltr'>recipiens</span> <span class='ocrx_word' id='word_1_280' title='bbox 923 4237 1027 4343; x_wconf 91' lang='lat' dir='ltr'>quod</span> <span class='ocrx_word' id='word_1_281' title='bbox 1049 4236 1249 4343; x_wconf 89' lang='lat' dir='ltr'>abnegaret</span> <span class='ocrx_word' id='word_1_282' title='bbox 1266 4236 1420 4312; x_wconf 86' lang='lat' dir='ltr'>lhesum</span> <span class='ocrx_word' id='word_1_283' title='bbox 1441 4235 1629 4314; x_wconf 84' lang='lat' dir='ltr'>Christum</span> <span class='ocrx_word' id='word_1_284' title='bbox 1647 4264 1711 4311; x_wconf 92' lang='lat' dir='ltr'>cu·</span> 
     </span>
     <span class='ocr_line' id='line_1_30' title="bbox 292 4362 1709 4472; baseline 0 -31"><span class='ocrx_word' id='word_1_285' title='bbox 292 4365 356 4472; x_wconf 85' lang='lat' dir='ltr'>jue</span> <span class='ocrx_word' id='word_1_286' title='bbox 379 4362 502 4472; x_wconf 86' lang='lat' dir='ltr'>imago</span> <span class='ocrx_word' id='word_1_287' title='bbox 525 4384 603 4444; x_wconf 87' lang='lat' dir='ltr'>erat</span> <span class='ocrx_word' id='word_1_288' title='bbox 627 4368 696 4456; x_wconf 88' lang='lat' dir='ltr'>ibi,</span> <span class='ocrx_word' id='word_1_289' title='bbox 726 4385 764 4444; x_wconf 90' lang='lat' dir='ltr'>et</span> <span class='ocrx_word' id='word_1_290' title='bbox 788 4384 940 4472; x_wconf 88' lang='lat' dir='ltr'>spueret</span> <span class='ocrx_word' id='word_1_291' title='bbox 963 4395 1073 4471; x_wconf 88' lang='lat' dir='ltr'>supra</span> <span class='ocrx_word' id='word_1_292' title='bbox 1102 4393 1250 4441; x_wconf 88' lang='lat' dir='ltr'>crucem</span> <span class='ocrx_word' id='word_1_293' title='bbox 1273 4365 1349 4456; x_wconf 88' lang='lat' dir='ltr'>bis;</span> <span class='ocrx_word' id='word_1_294' title='bbox 1375 4364 1478 4472; x_wconf 87' lang='lat' dir='ltr'>quod</span> <span class='ocrx_word' id='word_1_295' title='bbox 1499 4366 1577 4471; x_wconf 89' lang='lat' dir='ltr'>ipse</span> <span class='ocrx_word' id='word_1_296' title='bbox 1603 4363 1709 4451; x_wconf 81' lang='lat' dir='ltr'>iecit,</span> 
     </span>
     <span class='ocr_line' id='line_1_31' title="bbox 297 4492 1712 4603; baseline 0.001 -33"><span class='ocrx_word' id='word_1_297' title='bbox 297 4512 340 4570; x_wconf 92' lang='lat' dir='ltr'>nt</span> <span class='ocrx_word' id='word_1_298' title='bbox 357 4495 460 4573; x_wconf 89' lang='lat' dir='ltr'>dixit.</span> <span class='ocrx_word' id='word_1_299' title='bbox 481 4496 581 4574; x_wconf 86' lang='lat' dir='ltr'>Dixit</span> <span class='ocrx_word' id='word_1_300' title='bbox 600 4497 715 4573; x_wconf 89' lang='lat' dir='ltr'>eciam</span> <span class='ocrx_word' id='word_1_301' title='bbox 736 4524 804 4603; x_wconf 92' lang='lat' dir='ltr'>per</span> <span class='ocrx_word' id='word_1_302' title='bbox 817 4496 1073 4603; x_wconf 83' lang='lat' dir='ltr'>juramentum</span> <span class='ocrx_word' id='word_1_303' title='bbox 1092 4522 1202 4572; x_wconf 87' lang='lat' dir='ltr'>suum</span> <span class='ocrx_word' id='word_1_304' title='bbox 1225 4494 1330 4600; x_wconf 92' lang='lat' dir='ltr'>quod</span> <span class='ocrx_word' id='word_1_305' title='bbox 1354 4495 1542 4573; x_wconf 88' lang='lat' dir='ltr'>osculatus</span> <span class='ocrx_word' id='word_1_306' title='bbox 1565 4494 1638 4573; x_wconf 81' lang='lat' dir='ltr'>fuit</span> <span class='ocrx_word' id='word_1_307' title='bbox 1659 4492 1712 4571; x_wconf 87' lang='lat' dir='ltr'>di·</span> 
     </span>
     <span class='ocr_line' id='line_1_32' title="bbox 298 4623 1711 4732; baseline 0 -31"><span class='ocrx_word' id='word_1_308' title='bbox 298 4641 399 4702; x_wconf 88' lang='lat' dir='ltr'>ctum</span> <span class='ocrx_word' id='word_1_309' title='bbox 417 4627 659 4732; x_wconf 89' lang='lat' dir='ltr'>recipientem</span> <span class='ocrx_word' id='word_1_310' title='bbox 683 4626 722 4703; x_wconf 94' lang='lat' dir='ltr'>in</span> <span class='ocrx_word' id='word_1_311' title='bbox 742 4625 921 4704; x_wconf 92' lang='lat' dir='ltr'>umbilico</span> <span class='ocrx_word' id='word_1_312' title='bbox 945 4626 1042 4703; x_wconf 89' lang='lat' dir='ltr'>etin</span> <span class='ocrx_word' id='word_1_313' title='bbox 1067 4653 1132 4703; x_wconf 90' lang='lat' dir='ltr'>ore</span> <span class='ocrx_word' id='word_1_314' title='bbox 1152 4624 1287 4703; x_wconf 87' lang='lat' dir='ltr'>solum.</span> <span class='ocrx_word' id='word_1_315' title='bbox 1312 4623 1414 4702; x_wconf 86' lang='lat' dir='ltr'>Dixit</span> <span class='ocrx_word' id='word_1_316' title='bbox 1433 4624 1549 4701; x_wconf 86' lang='lat' dir='ltr'>eciam</span> <span class='ocrx_word' id='word_1_317' title='bbox 1572 4652 1639 4730; x_wconf 86' lang='lat' dir='ltr'>per</span> <span class='ocrx_word' id='word_1_318' title='bbox 1647 4624 1711 4731; x_wconf 85' lang='lat' dir='ltr'>ju·</span> 
     </span>
     <span class='ocr_line' id='line_1_33' title="bbox 297 4754 1709 4863; baseline 0 -32"><span class='ocrx_word' id='word_1_319' title='bbox 297 4771 508 4833; x_wconf 86' lang='lat' dir='ltr'>ramentum</span> <span class='ocrx_word' id='word_1_320' title='bbox 529 4782 640 4832; x_wconf 90' lang='lat' dir='ltr'>suurn</span> <span class='ocrx_word' id='word_1_321' title='bbox 660 4756 766 4863; x_wconf 88' lang='lat' dir='ltr'>qnod</span> <span class='ocrx_word' id='word_1_322' title='bbox 784 4755 1017 4862; x_wconf 89' lang='lat' dir='ltr'>prohibitum</span> <span class='ocrx_word' id='word_1_323' title='bbox 1037 4756 1110 4835; x_wconf 86' lang='lat' dir='ltr'>luit</span> <span class='ocrx_word' id='word_1_324' title='bbox 1128 4754 1199 4833; x_wconf 85' lang='lat' dir='ltr'>sibi</span> <span class='ocrx_word' id='word_1_325' title='bbox 1222 4784 1270 4833; x_wconf 90' lang='lat' dir='ltr'>ne</span> <span class='ocrx_word' id='word_1_326' title='bbox 1289 4754 1547 4835; x_wconf 88' lang='lat' dir='ltr'>commisceret</span> <span class='ocrx_word' id='word_1_327' title='bbox 1564 4781 1603 4832; x_wconf 86' lang='lat' dir='ltr'>se</span> <span class='ocrx_word' id='word_1_328' title='bbox 1625 4780 1709 4831; x_wconf 83' lang='lat' dir='ltr'>cunt</span> 
     </span>
    </p>
   </div>
   <div class='ocr_carea' id='block_1_5' title="bbox 381 4911 1540 4978">
    <p class='ocr_par' dir='ltr' id='par_1_5' title="bbox 381 4911 1540 4978">
     <span class='ocr_line' id='line_1_34' title="bbox 381 4911 1540 4978; baseline 0.002 -9"><span class='ocrx_word' id='word_1_329' title='bbox 381 4911 488 4971; x_wconf 69' lang='lat' dir='ltr'>esocis</span> <span class='ocrx_word' id='word_1_330' title='bbox 501 4928 555 4971; x_wconf 82' lang='lat' dir='ltr'>nxs</span> <span class='ocrx_word' id='word_1_331' title='bbox 569 4928 741 4971; x_wconf 76' lang='lat' dir='ltr'>nursicus.</span> <span class='ocrx_word' id='word_1_332' title='bbox 757 4945 798 4958; x_wconf 93' lang='lat'><em>-</em></span> <span class='ocrx_word' id='word_1_333' title='bbox 814 4932 845 4971; x_wconf 88' lang='lat' dir='ltr'>rr.</span> <span class='ocrx_word' id='word_1_334' title='bbox 1499 4914 1540 4978; x_wconf 72' lang='lat' dir='ltr'>tls</span> 
     </span>
    </p>
   </div>
   <div class='ocr_carea' id='block_1_6' title="bbox 0 0 2120 5956">
    <p class='ocr_par' dir='ltr' id='par_1_6' title="bbox 0 0 2120 5956">
     <span class='ocr_line' id='line_1_35' title="bbox 0 0 2120 5956; baseline 0 3"><span class='ocrx_word' id='word_1_335' title='bbox 0 0 2120 5956; x_wconf 95' lang='lat' dir='ltr'> </span> 
     </span>
    </p>
   </div>
  </div>
 </body>
</html>
