4230 5956
455 460 528 533 252
840 445 1036 534 Ptocts
1067 456 1163 532 DES
1194 454 1496 534 TEMPLIERS.

453 596 540 676 ideo
555 595 744 674 nesciebat
762 597 869 704 quod
885 599 1098 678 servabatur
1113 599 1153 676 in
1167 601 1449 708 recepcionibus
1469 600 1645 691 aliorum,
1666 600 1735 680 sed
1755 604 1876 684 credit

455 727 560 836 quod
584 728 837 806 communiter
851 730 1108 837 reciperentur
1127 730 1223 808 sicut
1244 731 1420 839 deposuit
1440 759 1480 810 se
1499 731 1614 812 luisse
1636 742 1831 840 receptum
1853 767 1874 814 a

453 858 565 939 fratre
595 857 764 938 Gerardo
793 859 840 936 de
861 860 1019 937 Sanzeto
1056 859 1178 937 milite
1208 863 1422 968 quondam,
1450 862 1491 939 in
1521 863 1591 940 hac
1617 878 1732 940 estate
1762 883 1875 943 erunt

454 991 601 1068 circiter
619 1005 704 1068 ω’
727 991 834 1079 anni,
857 992 897 1066 in
915 991 1055 1098 capella
1076 992 1212 1069 domus
1231 993 1382 1100 Templi
1403 995 1451 1071 de
1471 995 1601 1072 Mauso
1623 993 1714 1071 dicti
1734 992 1874 1074 de'Lo-

454 1121 557 1199 hertz
573 1120 849 1199 Lemovicensis
864 1122 1042 1213 diocesis,
1060 1122 1297 1228 presentibus
1312 1122 1489 1203 fratribus
1501 1122 1609 1201 Helia
1628 1125 1677 1202 de
1692 1126 1873 1234 Brigolio,

454 1251 620 1359 Seguino
641 1250 688 1328 de
708 1251 871 1328 Stanlrac
894 1265 931 1329 et
951 1253 1121 1329 Johanne
1133 1250 1289 1330 Arestan
1309 1253 1576 1344 servientibus,
1600 1253 1876 1333 Lemovicensis

455 1379 631 1471 diocesis,
655 1381 865 1458 deffunctis.
883 1380 914 1457 Α
932 1409 1011 1488 quo
1031 1398 1225 1488 receptore
1245 1383 1359 1491 peciit
1383 1411 1521 1490 panem
1541 1400 1581 1461 et
1600 1412 1737 1491 aquam
1756 1403 1796 1463 et
1815 1414 1875 1464 so·

455 1513 626 1589 cietatem
655 1511 819 1603 ordinis3
848 1512 988 1618 quibus
1017 1514 1052 1590 ei
1077 1514 1260 1591 concessis
1290 1513 1380 1590 lecit
1406 1541 1495 1591 eum
1525 1541 1659 1593 vovere
1684 1532 1721 1592 et
1743 1517 1873 1624 jurare

455 1643 676 1733 castitatem,
695 1640 971 1734 obedienciam,
992 1643 1114 1721 vivere
1135 1643 1215 1721 sine
1231 1643 1404 1751 proprio,
1421 1672 1565 1722 servare
1585 1643 1706 1722 bonos
1728 1674 1819 1724 usus
1835 1665 1874 1725 et

347 1757 353 1768 ¹
453 1774 572 1852 bonas
587 1772 882 1851 consuetudines
897 1773 1055 1865 ordinis,
1078 1790 1116 1851 et
1135 1801 1212 1851 non
1234 1773 1399 1854 revelare
1423 1792 1563 1853 secreta
1588 1775 1872 1882 capitoliorum,

455 1904 503 1981 de
523 1904 639 1981 modo
659 1904 889 2010 recepcionis
909 1903 1060 2012 speciali
1076 1932 1154 1982 non
1175 1905 1303 1983 habita
1315 1905 1535 1996 mencionea
1554 1923 1593 1983 et
1605 1905 1783 2012 imposito
1803 1908 1875 1986 sibi

455 2033 652 2122 mantello,
674 2052 846 2142 receptor
865 2052 904 2113 et
922 2052 1084 2114 astantes
1103 2035 1258 2114 luerunt
1284 2064 1374 2115 eum
1395 2035 1551 2115 osculati
1575 2036 1615 2114 in
1636 2064 1717 2129 ore,
1740 2040 1875 2146 etipse

454 2166 560 2242 testis
577 2163 648 2241 fuit
661 2165 851 2243 osculatus
866 2166 1008 2245 dictum
1024 2183 1261 2273 receptorem
1277 2168 1318 2243 in
1334 2167 1551 2258 humero,'a
1563 2184 1667 2275 parte
1681 2169 1873 2257 anteriori,

456 2324 570 2403 super
587 2313 719 2374 vestes.
753 2298 841 2373 Post
871 2325 946 2403 que
972 2299 1154 2375 instructo
1183 2298 1264 2404 ipso
1288 2314 1384 2375 teste
1413 2299 1508 2404 quot
1532 2299 1645 2377 Pater
1668 2315 1784 2377 noster
1806 2330 1874 2407 pro

457 2427 559 2505 horis
577 2426 654 2502 suis
677 2426 833 2515 diceret,
859 2442 897 2503 et
912 2427 1075 2534 qualiter
1092 2427 1130 2502 in
1153 2427 1286 2505 ordine
1309 2455 1348 2506 se
1365 2444 1530 2534 regeret,
1553 2428 1644 2506 dicti
1663 2427 1792 2506 fratres
1806 2430 1874 2508 Se-

454 2557 593 2666 guinus
623 2573 660 2634 et
685 2557 827 2648 Helias,
860 2559 907 2635 de
940 2560 1116 2637 mandato
1146 2559 1235 2637 dicti
1270 2559 1490 2667 receptoris,
1529 2558 1717 2637 duxerunt
1750 2560 1874 2667 ipsum

455 2704 590 2767 testem
603 2717 773 2768 seorsum
789 2690 827 2766 in
847 2690 979 2767 eadem
996 2689 1153 2797 capella,
1172 2690 1307 2767 subtus
1327 2687 1550 2796 campanile,
1571 2705 1609 2766 et
1627 2708 1877 2797 preceperunt

456 2820 580 2900 eidem
607 2821 791 2900 submissa
812 2850 901 2900 voce
922 2821 1026 2930 quod
1057 2837 1208 2929 spueret
1234 2836 1295 2897 ter
1313 2846 1427 2927 super
1448 2837 1604 2907 terram,
1631 2837 1783 2897 ostenso
1806 2820 1876 2898 sibi

455 2952 538 3031 loco
559 2954 778 3060 spuicionis,
795 2954 834 3029 in
849 2982 926 3061 quo
945 2954 1047 3030 idem
1067 2953 1173 3030 testis
1191 2980 1268 3030 non
1282 2950 1376 3028 vidit
1390 2949 1546 3057 aliquod
1565 2948 1714 3057 signum
1736 2951 1873 3041 crucis,

456 3111 526 3159 nec
541 3083 588 3159 de
604 3113 713 3160 cruce
730 3085 897 3189 predicta
920 3084 1108 3191 Seguinus
1122 3100 1159 3161 et
1171 3079 1296 3159 Helias
1316 3080 1487 3160 lecerunt
1499 3078 1571 3159 sibi
1584 3080 1747 3188 aliquam
1767 3109 1876 3158 men-

456 3212 621 3298 cionem,
650 3241 719 3288 nce
744 3241 857 3318 quare
880 3213 1036 3290 deberet
1058 3241 1192 3320 spuere
1216 3228 1500 3319 expresserunt:
1523 3228 1561 3289 et
1579 3211 1659 3319 ipse
1679 3211 1801 3303 testis,
1828 3213 1876 3287 ad

456 3343 677 3419 mandatum
697 3371 845 3431 eorum,
863 3345 964 3450 spuit
986 3344 1039 3420 ibi
1052 3360 1121 3420 ter.
1139 3345 1271 3420 Postea
1284 3342 1452 3449 precepit
1471 3343 1505 3419 ei
1519 3342 1622 3420 idem
1636 3341 1762 3421 Helias
1772 3344 1878 3448 quod

457 3470 657 3580 abnegaret
677 3474 850 3561 Jhesum,
873 3492 910 3550 et
931 3475 1010 3579 ipse
1030 3475 1136 3551 testis
1157 3473 1351 3580 abnegavit
1376 3474 1532 3550 Jhesum
1552 3500 1634 3565 ore,
1651 3500 1730 3551 non
1746 3473 1873 3563 corde,

457 3620 499 3679 ut
520 3604 627 3692 dixit,
650 3605 737 3709 quia
752 3604 844 3681 dixit
859 3606 892 3680 ei
908 3606 1013 3711 quod
1030 3605 1080 3680 ita
1097 3604 1260 3682 debebat
1279 3602 1416 3692 lacere,
1440 3631 1518 3680 non
1532 3621 1658 3680 tamen
1681 3602 1877 3679 declaravit

456 3760 570 3840 quare
588 3735 743 3812 deberet
758 3735 830 3811 hoc
848 3732 983 3825 facere,
1003 3764 1072 3811 nec
1093 3734 1172 3840 ipse
1185 3734 1306 3823 testis,
1329 3734 1417 3842 quia
1438 3751 1517 3812 erat
1531 3734 1696 3812 multum
1707 3733 1872 3840 juvenis,

456 3867 529 3943 hoc
543 3866 744 3972 inquisivit.
762 3867 872 3957 Item,
885 3867 977 3944 dixit
992 3868 1097 3973 quod
1118 3867 1156 3941 in
1173 3866 1234 3942 die
1247 3865 1404 3942 Veneris
1423 3882 1548 3942 sancta
1568 3865 1700 3942 devote
1717 3879 1755 3939 et
1771 3891 1876 3938 reve-

457 4015 583 4074 renter
607 3997 813 4074 adorabant
836 4027 1001 4089 crucem,
1022 4014 1059 4074 et
1073 3997 1179 4103 quod
1201 3989 1402 4102 ipsebene
1427 3994 1603 4074 credebat
1621 3992 1877 4072 ecclesiasticis

457 4129 710 4220 sacramentis,
737 4145 775 4205 et
794 4130 914 4207 credit
933 4131 1037 4237 quod
1055 4127 1118 4204 alii
1138 4126 1270 4206 fratres
1294 4127 1438 4205 ordinis
1461 4128 1597 4205 eodem
1611 4125 1728 4203 modo
1749 4126 1878 4202 crede·

455 4271 556 4346 rent,
580 4275 617 4334 et
632 4259 736 4364 quod
757 4288 890 4337 eorum
916 4260 1126 4338 sacerdotes
1150 4258 1276 4335 debite
1291 4257 1536 4336 celebrarent.
1560 4257 1695 4336 Statim
1710 4284 1779 4362 pro
1796 4282 1879 4360 pro

456 4387 561 4468 fessis
575 4389 821 4466 habebantur.
845 4390 1087 4469 Clandestine
1108 4389 1399 4498 recipiebantur,
1417 4386 1533 4464 nullis
1548 4384 1786 4494 presentibus
1806 4384 1877 4461 nisi

456 4506 635 4599 fratribus
651 4520 813 4608 ordinis,
836 4548 879 4597 ex
898 4550 975 4627 quo
991 4522 1111 4599 credit
1127 4521 1233 4629 quod
1251 4537 1348 4598 esset
1365 4519 1528 4627 suspicio
1543 4534 1674 4596 contra
1688 4544 1764 4594 eos.
1785 4514 1877 4592 Cor-

457 4650 669 4729 dulisunde
679 4651 856 4730 volebant
868 4653 1065 4757 assumptis
1076 4652 1324 4758 cingebantur
1335 4664 1449 4758 super
1458 4648 1626 4728 camisias
1639 4676 1726 4725 cum
1737 4643 1875 4753 quibus

451 4779 641 4886 jacebant,
654 4808 697 4859 ex
706 4781 946 4861 ordinacione
956 4780 1055 4859 beati
1067 4782 1260 4860 Bemardi.
1273 4782 1543 4890 lnjungebatur
1556 4781 1609 4859 eis
1617 4775 1721 4888 quod
1731 4775 1874 4879 absque
