4230 5956
426 455 501 526 aaa
813 392 1010 523 nnoons
1036 447 1132 521 nus
1158 447 1457 524 innexurus.

425 595 475 672 de
502 592 585 671 Ysis
616 589 801 700 Sagiensis
827 591 1001 676 diocesis,
1030 590 1136 667 etatis
1159 589 1427 699 quinquaginta
1454 619 1638 672 annorum
1658 597 1717 674 vel
1739 600 1849 690 circa,

424 743 467 803 ut
487 723 653 811 dicebat,
680 722 783 799 testis
810 722 945 798 eodem
970 721 1086 799 modo
1107 721 1253 829 juratus
1278 723 1325 800 de
1351 751 1390 801 se
1416 740 1454 801 et
1473 724 1553 802 aliis
1573 727 1612 802 in
1633 757 1741 806 causa
1760 728 1849 809 fidei

425 857 550 935 dicere
569 855 779 943 veritatem3
801 868 839 929 et
859 853 1108 957 interrogatus
1128 852 1175 929 de
1195 869 1364 960 tempore
1384 871 1422 931 et
1440 855 1555 933 modo
1576 885 1642 934 sue
1663 863 1851 967 recepcio-

425 985 618 1087 nis,dixit
644 1014 712 1090 per
732 984 987 1090 juramentum
1008 1011 1118 1059 suum
1145 984 1250 1089 quod
1276 1002 1447 1090 receptus
1472 984 1543 1063 luit
1570 987 1608 1063 in
1631 988 1726 1067 sesto
1749 991 1849 1070 beati

424 1090 581 1196 Dionisii
612 1114 768 1192 luerunt
802 1114 930 1220 viginti
962 1130 1125 1222 quatuor
1152 1115 1241 1191 anni
1271 1115 1402 1221 elapsi,
1433 1116 1609 1208 Parisius,
1643 1119 1683 1195 iu
1714 1122 1850 1227 capella

425 1248 561 1327 domus
580 1247 746 1354 Templi,
762 1276 829 1352 per
848 1245 999 1324 lratrem
1019 1246 1230 1323 Iohannem
1252 1248 1299 1324 de
1320 1248 1452 1325 Turno
1468 1265 1559 1327 tunc
1578 1249 1851 1331 thesaurarium

355 1361 362 1371 ⁶
423 1378 685 1467 Parisiensem,
709 1394 747 1454 et
766 1377 871 1485 quod
887 1376 1042 1455 luerunt
1060 1405 1149 1453 cum
1166 1405 1211 1455 eo
1230 1378 1371 1485 recepti
1390 1377 1505 1456 frater
1523 1379 1568 1459 G.
1584 1380 1696 1459 Canis
1716 1383 1851 1462 delun-

424 1527 523 1604 ctus,
539 1527 578 1588 et
596 1527 755 1616 quatuor
776 1509 837 1586 alii
857 1510 922 1616 qui
948 1537 1077 1586 omnes
1097 1525 1186 1586 sunt
1204 1509 1362 1598 mortui;
1389 1525 1427 1587 et
1445 1509 1536 1586 dixit
1555 1512 1661 1618 quod
1679 1532 1848 1619 aportato

423 1640 521 1719 libro
540 1640 725 1747 recipiens
743 1638 832 1715 lecit
852 1666 937 1716 eum
949 1638 1076 1746 jurare
1094 1654 1228 1716 statuta
1248 1638 1410 1745 quedam
1431 1639 1575 1718 ordinis
1594 1641 1790 1721 observare
1812 1665 1849 1722 et

423 1772 581 1851 osculari
609 1772 767 1860 librum,
795 1787 833 1848 et
854 1786 981 1877 postea
1007 1769 1108 1847 idem
1135 1769 1319 1875 recipiens
1343 1786 1492 1849 ostensa
1519 1771 1590 1850 sihi
1616 1803 1728 1850 cruce
1759 1805 1845 1853 cum

421 1904 593 2013 ymagine
608 1903 747 1982 Christi
769 1901 958 1980 existentis
979 1901 1018 1977 in
1043 1899 1142 1979 dicto
1162 1899 1275 1989 libro,
1291 1901 1459 2006 precepit
1474 1902 1509 1978 ei
1524 1904 1629 2009 quod
1649 1904 1848 2012 abnegaret

420 2032 628 2123 Christum,
648 2034 875 2144 quodlecit,
897 2050 941 2110 ut
955 2032 1058 2109 dixit.

477 2167 729 2272 Interrogatus
761 2166 941 2273 quociens
975 2163 1185 2271 abnegavit,
1209 2162 1313 2240 ‘dixit
1347 2191 1415 2270 per
1444 2163 1702 2272 juramentum
1735 2195 1847 2245 suum

418 2295 529 2401 quod
545 2296 680 2384 semel,
702 2312 739 2373 et
761 2294 877 2372 semel
896 2296 997 2400 spuit
1017 2323 1128 2401 supra
1148 2322 1299 2372 crucem
1313 2312 1349 2372 et
1361 2296 1586 2402 ymaginem.
1602 2297 1703 2376 Dixit
1719 2315 1845 2377 tamen

420 2425 524 2533 quod
543 2425 662 2503 credit
681 2426 785 2532 quod
804 2424 951 2501 fecisset
969 2453 1058 2501 eum
1080 2425 1263 2532 abnegare
1285 2442 1322 2502 et
1340 2454 1476 2531 spuere
1497 2426 1652 2533 pluries,
1674 2429 1742 2506 sed
1761 2429 1845 2534 plu-

419 2583 479 2635 res
497 2555 653 2636 luerunt
670 2556 810 2665 recepti
831 2585 916 2632 cum
938 2584 1000 2644 eo,
1023 2555 1196 2632 videlicet
1214 2556 1400 2663 quinque,
1417 2574 1460 2635 ut
1478 2557 1627 2635 videtur
1646 2559 1734 2650 sibi,
1752 2576 1789 2637 et
1803 2580 1846 2638 ut

419 2689 604 2797 recipiens
623 2689 814 2796 expediret
834 2715 889 2777 se,
907 2715 984 2766 non
1003 2686 1092 2764 lecit
1112 2716 1200 2765 eum
1216 2687 1398 2795 abnegare
1420 2706 1457 2766 et
1470 2716 1606 2795 spuere
1622 2691 1694 2768 nisi
1710 2693 1843 2782 semel,

419 2838 457 2898 et
476 2839 556 2900 erat
572 2821 666 2899 hora
685 2821 846 2929 prandii.

474 2956 727 3062 Interrogatus
745 2970 873 3030 utrum
895 2951 956 3028 alii
977 2951 1124 3030 Inerant
1143 2979 1212 3057 per
1231 2950 1393 3029 similem
1409 2951 1566 3029 modum
1578 2953 1734 3058 recepti,
1752 2955 1845 3033 dixit

419 3083 524 3189 quod
542 3084 676 3174 nescit,
692 3085 779 3191 quia
797 3084 920 3160 statim
939 3083 1127 3161 duxerunt
1139 3111 1228 3160 eum
1243 3099 1343 3160 extra
1356 3081 1551 3190 capellam,
1565 3100 1608 3163 ut
1622 3083 1844 3161 indueretur

418 3212 583 3290 renibus
598 3214 753 3291 ordinis.

475 3345 725 3455 Interrogatus
744 3363 871 3425 utrum
897 3376 1029 3425 omnes
1055 3346 1117 3424 alii
1138 3349 1203 3455 qni
1224 3347 1459 3454 recipiuntur
1481 3347 1557 3424 sint
1578 3376 1647 3454 per
1670 3348 1842 3426 eumdem

419 3477 575 3556 modum
597 3480 755 3585 recepti,
780 3481 872 3557 dixit
886 3479 989 3588 quod
1009 3479 1129 3558 credit
1148 3479 1307 3557 firmiter
1321 3478 1426 3586 quod
1446 3479 1509 3555 sic.
1527 3479 1629 3557 Dixit
1646 3481 1760 3558 eciam
1779 3509 1845 3586 per

415 3609 670 3714 juramentum
686 3640 796 3689 suum
812 3612 915 3720 quod
930 3612 993 3688 ille
1005 3610 1069 3718 qui
1082 3640 1168 3687 eum
1184 3610 1326 3716 recepit
1346 3610 1436 3687 dixit
1449 3608 1519 3687 sibi
1536 3628 1575 3688 et
1589 3611 1671 3689 aliis
1684 3612 1748 3717 qui
1764 3611 1845 3687 lue-

420 3757 509 3818 runt
521 3744 662 3849 recepti
682 3773 768 3821 cum
786 3774 847 3833 eo,
865 3744 970 3852 quod
990 3744 1020 3819 si
1036 3742 1172 3850 aliquis
1192 3741 1293 3820 calor
1308 3740 1487 3820 naturalis
1502 3759 1669 3819 moveret
1689 3770 1773 3817 eum
1796 3743 1843 3816 ad

419 3874 648 3964 coeundum,
663 3876 768 3980 quod
784 3874 918 3951 melius
940 3891 1017 3950 erat
1035 3872 1140 3980 quod
1159 3873 1290 3948 lratres
1310 3871 1366 3947 sui
1388 3870 1530 3947 ordinis
1548 3870 1685 3945 scirent
1704 3887 1842 3945 secreta

418 4031 484 4078 sua
500 4031 613 4109 quam
632 4007 826 4096 mulieres,
853 4024 891 4082 et
909 4005 1027 4082 credit
1047 4003 1149 4112 quod
1171 4031 1239 4108 per
1264 4001 1338 4080 hoc
1361 4000 1619 4109 injungeretur
1643 4000 1711 4078 sihi
1740 4003 1843 4107 quod

418 4132 497 4238 ipse
516 4151 554 4212 et
573 4137 633 4213 alii
652 4138 782 4215 lratres
802 4139 1087 4216 commiscerent
1106 4163 1145 4214 se
1163 4132 1359 4211 carnaliter
1372 4131 1593 4210 adinvicem.
1608 4133 1712 4209 Dixit
1728 4134 1843 4209 eciam

417 4293 485 4371 per
503 4265 760 4373 juramentum
785 4299 895 4348 suum
919 4269 1022 4376 quod
1048 4268 1094 4343 de
1115 4265 1304 4374 premissis
1324 4264 1455 4342 dolens
1475 4281 1512 4341 et
1532 4238 1737 4341 contrictos
1756 4293 1844 4342 con-

417 4397 536 4475 lessus
556 4399 627 4476 luit
651 4400 722 4476 hoc
746 4401 1012 4507 penitenciario
1039 4399 1138 4474 bone
1164 4397 1345 4475 memorie
1374 4395 1519 4473 domini
1543 4395 1729 4502 Rennlphi
1754 4412 1843 4473 tunc

414 4530 581 4635 episcopi
604 4529 835 4618 Parisiensis,
858 4530 922 4633 qui
943 4527 1144 4605 vocabatur
1163 4527 1276 4606 lrater
1294 4527 1481 4616 Nicolaus,
1498 4526 1562 4632 qui
1585 4555 1672 4604 eum
1694 4527 1741 4603 de
1760 4555 1843 4632 pre-

419 4656 541 4746 dictis,
567 4676 751 4764 quatenus
770 4674 915 4765 poterat
936 4658 1040 4733 etad
1063 4685 1150 4733 eum
1172 4659 1400 4763 pertinebat,
1420 4656 1592 4747 absolvit,
1611 4674 1655 4735 ut
1675 4656 1784 4744 dixit,
1804 4674 1841 4733 et

416 4785 575 4891 injunxit
594 4789 663 4865 sihi
679 4787 926 4894 penitenciam
951 4787 1166 4876 salutarem,
1184 4806 1222 4866 et
1236 4788 1504 4877 nichilominus
1522 4790 1610 4897 quia
1633 4788 1754 4866 adhuc
1774 4786 1841 4862 ha·
