4230 5956
657 458 853 551 procus
885 471 981 549 nns
1012 477 1315 549 renarrans.
1619 480 1691 547 217

279 647 354 695 non
370 615 593 694 declarando
613 619 719 723 quod
745 620 818 696 hoc
842 634 940 697 esset
959 618 1006 693 de
1031 617 1180 721 punctis
1207 615 1348 693 ordinis
1376 643 1445 690 nec
1473 633 1695 693 consuetum

278 749 316 822 in
333 747 466 824 ordine
486 745 585 835 lieri,
601 766 639 824 et
649 749 727 853 ipse
739 750 845 827 testis
857 747 1050 854 abnegavit
1061 747 1185 823 Deum
1200 774 1281 834 ore,
1298 773 1374 822 non
1388 743 1517 831 corde,
1536 761 1577 820 ut
1591 745 1695 822 dixit.

278 877 431 982 Aliquid
446 877 548 953 aliud
563 876 736 955 illicitum
757 908 834 956 non
845 876 1045 956 intervenit
1054 877 1092 951 in
1105 877 1201 952 dicta
1216 905 1281 953 sua
1294 875 1513 981 recepcione
1523 873 1581 950 vel
1592 892 1694 979 post,

278 1036 347 1084 nec
361 1007 456 1112 quid
466 1007 644 1114 agebatur
654 1009 693 1083 in
702 1009 987 1115 recepcionibus
1000 1008 1160 1085 aliorum
1176 1007 1234 1083 vel
1242 1024 1343 1112 post,
1356 1006 1475 1083 credit
1488 1021 1615 1081 tamen
1634 1033 1698 1110 po-

279 1137 359 1215 cius
372 1135 478 1241 quod
497 1136 725 1243 abnegarent
748 1137 1000 1215 communiter
1018 1137 1164 1226 Deum,
1186 1137 1283 1212 sicut
1300 1135 1476 1242 deposuit
1494 1162 1534 1212 se
1549 1135 1694 1224 iecisse,

279 1293 392 1370 quam
418 1265 658 1342 contrarium.
679 1268 792 1357 Item,
824 1265 916 1341 dixit
934 1264 1038 1371 quod
1059 1265 1139 1369 ipse
1156 1264 1255 1342 bene
1282 1265 1457 1342 credebat
1476 1263 1697 1340 ecclesiasti·

280 1396 332 1473 cis
350 1397 605 1482 sacramentis,
628 1398 785 1473 credens
803 1396 908 1502 quod
929 1395 993 1472 alii
1019 1394 1150 1471 fratres
1169 1395 1312 1473 ordinis
1329 1396 1464 1473 eodem
1485 1392 1602 1471 modo
1618 1423 1698 1471 cre-

280 1524 428 1612 derent,
454 1541 502 1600 et.
515 1526 617 1630 quod
645 1554 778 1603 eorum
804 1524 1016 1603 sacerdotes
1037 1525 1164 1604 debite
1182 1525 1427 1604 celebrarent.
1447 1523 1601 1601 Audiuit·
1622 1524 1696 1600 dici

280 1654 382 1758 quod
396 1653 479 1730 laici
493 1683 624 1731 eorum
638 1655 812 1761 capitulia
822 1672 994 1732 tenentes
1007 1656 1226 1732 auctoritate
1239 1655 1440 1760 apostolica
1456 1653 1698 1730 absolvebant

278 1785 408 1862 iratres
419 1786 656 1892 generaliter,
670 1803 708 1864 et
718 1814 787 1891 pro
803 1785 962 1891 peccatis
976 1786 1222 1865 remittebant
1237 1813 1302 1862 eos
1316 1784 1564 1862 absolvendos
1578 1783 1625 1859 ad
1641 1810 1698 1860 sa-

280 1914 449 1991 cerdotes
468 1915 613 1992 ordinis
632 1944 775 1992 eorum.
797 1915 1043 1995 Clandestine,
1064 1915 1351 2019 recipiebantur,
1377 1913 1492 1989 nullis
1515 1912 1698 2016 presenti·

279 2041 351 2118 bus
372 2043 444 2118 nisi
461 2043 638 2119 fratribus
662 2044 817 2119 ordinis.
839 2042 1015 2121 Cordulis
1036 2044 1138 2119 unde
1158 2042 1333 2120 volebant
1351 2041 1549 2146 assumptis
1575 2041 1699 2147 cinge·

280 2171 419 2248 bantur
431 2199 545 2276 super
563 2172 730 2249 camisias
746 2201 832 2249 curn
848 2171 988 2277 quibus
1002 2171 1188 2279 jacebant.
1208 2174 1357 2249 Fratres
1374 2172 1534 2250 scientes
1554 2199 1699 2248 errores

281 2301 434 2378 suemnt
448 2303 695 2410 negligentes,-
709 2302 796 2409 quia
811 2329 889 2379 non
902 2319 1144 2387 correxerunt
1156 2329 1232 2379 eos.
1250 2302 1503 2378 Elemosinam
1519 2318 1557 2377 et
1569 2302 1699 2406 hospi-

280 2431 461 2509 talitatem
488 2432 581 2508 vidit
603 2433 868 2509 convenienter
889 2430 973 2507 fieri
999 2449 1037 2508 et
1060 2433 1194 2509 servari
1218 2432 1257 2508 in
1283 2429 1461 2508 domibus
1488 2431 1633 2508 ordinis
1657 2432 1697 2507 in

282 2560 420 2664 quibus
435 2561 555 2638 extitit
568 2577 836 2650 commoratus,
853 2577 891 2636 et
910 2561 1185 2666 precipiebatur
1204 2561 1258 2637 eis
1275 2559 1381 2667 quod
1393 2560 1492 2639 bene
1512 2577 1699 2638 servarent

283 2688 505 2765 elemosinas
519 2689 678 2776 ordinis,
700 2707 738 2766 et
756 2690 1000 2767 inhibebatur
1018 2720 1066 2767 nc
1086 2691 1309 2798 degererent
1336 2707 1488 2795 propter
1512 2689 1610 2766 bona
1638 2718 1711 2770 or·.

282 2817 362 2893 dini
387 2818 624 2923 acquirenda.
652 2817 832 2896 Ordinata
853 2847 921 2923 per
944 2819 1170 2925 Magistrum
1195 2848 1283 2895 curn
1312 2835 1497 2895 conventu
1522 2836 1701 2895 servasset

281 2964 381 3023 totus
399 2947 512 3037 ordo,
539 2965 805 3053 contraquam
829 2974 931 3024 nunc
958 2964 1112 3052 propter
1135 2948 1301 3052 predicta
1326 2946 1480 3056 grandia
1510 2948 1697 3036 scandala,

282 3076 442 3181 suspicio
463 3093 502 3152 et
520 3075 673 3152 infamia
687 3094 776 3155 sunt
790 3094 930 3164 exorta,
953 3095 992 3154 et
1006 3077 1125 3153 credit
1138 3078 1243 3183 quod
1256 3078 1388 3154 iratres
1407 3078 1551 3155 ordinis
1565 3079 1702 3154 scirent

282 3204 387 3309 quod
407 3204 610 3311 abnegacio
631 3205 741 3283 fieret
767 3206 807 3283 in
832 3205 967 3283 ordine
981 3206 1185 3285 consessata
1204 3236 1273 3312 per
1286 3235 1394 3298 eum,
1417 3224 1456 3283 et
1468 3207 1610 3283 audivit
1626 3207 1701 3282 dici

283 3333 501 3438 Magistrum
521 3351 560 3410 et
578 3334 672 3411 alios
691 3334 816 3440 aliqua
840 3352 968 3412 contra
992 3335 1136 3412 dictum
1158 3336 1333 3412 ordinem
1351 3333 1464 3413 luisse
1491 3335 1700 3423 confessum

285 3463 332 3539 ad
355 3463 463 3570 cujus
484 3455 755 3541 deffensionem
771 3495 810 3543 se
826 3493 904 3543 non
924 3466 1132 3553 obtulerat,
1159 3494 1230 3544 nec
1247 3465 1370 3543 fuerat
1383 3466 1481 3542 ultra
1501 3493 1615 3542 mare.
1631 3515 1640 3531 x

340 3593 556 3699 Requisitus
569 3596 600 3673 si
615 3596 667 3671 sic
677 3595 902 3701 deposuerat
915 3622 1042 3700 prece,
1058 3612 1250 3701 precepto,
1267 3597 1419 3682 timore,
1435 3622 1577 3681 amore,
1595 3594 1701 3680 odio,

284 3723 343 3798 vel
356 3723 556 3830 temporali
571 3725 733 3801 comodo
752 3724 882 3802 habito
899 3724 958 3801 vel
978 3724 1169 3813 habendo,
1187 3726 1383 3829 respondit
1398 3724 1501 3829 quod
1518 3750 1614 3811 non,
1636 3723 1704 3799 sed

285 3855 527 3958 proteritate
553 3853 734 3942 dicenda;
756 3854 817 3931 cui
840 3854 914 3930 fuit
936 3854 1149 3960 injunctum
1173 3854 1280 3960 quod
1293 3882 1381 3931 ssnon
1406 3850 1585 3930 revelaret
1608 3851 1705 3927 hanc

287 4011 392 4059 suam
411 3982 708 4088 deposicionem,
730 4010 930 4089 quousque
949 3983 1209 4060 attestaciones
1228 3982 1371 4060 luerint
1389 3978 1587 4085 publicate.

344 4241 431 4315 Post
452 4242 524 4317 hec
542 4240 696 4318 luerunt
716 4243 867 4320 adducti
888 4271 956 4348 pro
976 4242 1137 4321 testibus
1160 4241 1457 4346 adpresenciam
1482 4241 1704 4318 eorumdem

291 4367 533 4444 dominorum
547 4370 887 4448 commissariorum
900 4369 1031 4447 fratres
1046 4369 1172 4448 Guido
1188 4370 1235 4447 de
1250 4372 1356 4476 Rupe
1369 4371 1573 4476 presbiter,
1596 4373 1705 4478 Hugo

290 4498 337 4574 de
365 4500 486 4575 Fauro
510 4499 636 4586 miles,
666 4499 792 4578 Guido
816 4500 870 4577 las
895 4500 1143 4589 Chassandas,
1169 4502 1354 4579 lordanus
1380 4503 1510 4594 Pauta,
1536 4504 1632 4579 Boso
1659 4500 1706 4578 de

290 4627 487 4705 Masualier
502 4647 540 4705 et
560 4631 691 4706 Petrus
713 4629 872 4707 Piffandi
894 4629 1110 4722 servientes,
1137 4631 1412 4709 Lemovicensis
1438 4631 1607 4710 diocesis.
1629 4631 1705 4725 Qui

288 4759 393 4836 tactis
415 4760 655 4837 sacrosanctis
678 4759 876 4867 evangeliis
896 4762 1116 4869 juraverunt
1144 4761 1268 4840 dicere
1292 4762 1332 4837 in
1355 4762 1427 4840 isto
1447 4761 1706 4871 negociople-

396 4911 504 4975 anoctis
527 4935 581 4976 urs
602 4935 872 4978 scurnum-11.
1519 4918 1559 4980 28
