4230 5956
452 466 527 542 tes
846 448 1039 542 ruocts
1071 466 1164 540 nes
1195 467 1494 542 rennuens.

451 609 555 714 quod
569 609 763 714 sequitur:
783 607 957 684 videlicet
972 607 1074 714 quod
1096 607 1174 712 ipse
1190 625 1361 714 receptus
1376 608 1499 686 lucrm
1516 607 1555 685 iu
1573 608 1715 714 capella
1731 610 1871 690 domus
1991 622 2000 641 '

451 738 600 845 Templi
627 739 673 814 de
700 738 855 843 Paganis
882 737 1079 815 Trecensis
1106 736 1282 829 diocesis,
1315 739 1356 814 in
1381 723 1542 816 instanti
1565 737 1659 816 festo
1686 738 1871 819 Omnium

448 869 690 954 Sanctorum,
704 885 815 944 erunt
834 867 979 943 circiter
1005 868 1191 960 urrinni,
1212 897 1280 975 per
1306 868 1457 945 fratrem
1478 868 1687 945 iohannem
1709 870 1757 947 de
1770 870 1872 949 ‘Mars

451 1014 709 1102 preceptorem
725 1012 817 1073 tunc
837 995 937 1073 dicte
958 996 1110 1085 domus,
1127 997 1366 1102 presentibus
1383 995 1561 1074 iratribus
1580 995 1751 1102 pluribus
1769 1026 1871 1079 mor·

450 1125 541 1215 tuis,
564 1127 664 1203 inter
683 1153 778 1232 quos
798 1126 954 1203 luerunt
975 1123 1258 1203 fratres-Petrus
1283 1125 1332 1202 de
1353 1127 1483 1204 Trecis
1498 1143 1536 1203 et
1553 1125 1695 1232 Symon
1716 1127 1765 1204 de
1783 1130 1871 1207 Bre-

449 1271 572 1362 tenay,
593 1256 631 1329 in
648 1257 750 1332 bunc
768 1255 951 1333 modurn:
979 1283 1066 1331 narn
1089 1282 1176 1330 cum
1201 1255 1454 1361 requisivisset
1477 1255 1660 1333 instanter
1674 1275 1712 1332 et
1725 1274 1784 1334 ter
1799 1259 1871 1335 sibi

447 1383 606 1461 concedi
629 1412 765 1490 panem
787 1401 825 1460 et
847 1411 978 1489 aquam
1000 1383 1160 1474 ordinis,
1183 1400 1221 1489 et
1243 1383 1368 1460 eidem
1385 1384 1598 1491 predictum
1618 1383 1749 1467 luisset
1767 1388 1871 1494 quod

449 1510 547 1589 bene
556 1511 798 1603 deliberaret,
810 1510 898 1619 quia
908 1530 1100 1618 oporteret
1119 1538 1207 1588 eum
1224 1511 1343 1607 multa
1358 1512 1453 1590 dura
1469 1531 1508 1591 et
1523 1541 1656 1619 aspera
1666 1515 1867 1605 sustinere,

449 1638 611 1717 finaliter
626 1669 670 1718 eo
686 1669 754 1746 pro
768 1641 866 1717 dicta
877 1641 1099 1746 recepcione
1112 1641 1290 1730 instante,
1306 1640 1395 1719 lecit
1408 1641 1536 1719 eidem
1549 1659 1719 1748 receptor
1733 1671 1865 1722 vovere

449 1786 488 1846 et
500 1768 628 1877 jurare
650 1772 872 1859 castitatem,
895 1770 1174 1858 obedienciam,
1198 1785 1237 1846 et
1254 1770 1478 1849 viveresine
1495 1771 1670 1876 proprio-3
1689 1789 1727 1848 et
1746 1771 1868 1878 impo-

449 1899 521 1976 sito
537 1900 606 1976 sihi
626 1901 824 1991 mantello,
845 1917 1017 2006 receptor
1036 1916 1073 1976 et
1091 1916 1252 1977 astantes
1266 1898 1421 1978 fuerunt
1440 1927 1527 1977 eum
1547 1899 1702 1977 osculati
1724 1902 1763 1976 in
1782 1930 1865 1994 ore,

449 2044 488 2104 et
500 2029 579 2134 ipse
589 2031 693 2109 testis
706 2046 939 2136 receptorem
955 2030 994 2106 in
1008 2029 1191 2106 umbilico
1206 2030 1245 2104 in
1260 2056 1370 2107 carne
1384 2030 1497 2107 nude.
1517 2031 1606 2106 Post
1615 2056 1690 2136 que
1702 2031 1869 2136 precepit

449 2157 484 2233 ei
500 2157 622 2235 dictus
634 2177 805 2264 receptor
821 2158 923 2264 quod
936 2155 1137 2265 abnegaret
1151 2185 1301 2235 crucem
1318 2159 1505 2264 depictam
1515 2157 1558 2234 in
1571 2155 1737 2264 quodam
1752 2158 1865 2247 libro,

448 2302 486 2361 et
509 2285 587 2390 ipse
607 2288 712 2363 testis
731 2289 925 2393 abnegavit
944 2315 1026 2376 ore,
1048 2314 1126 2364 non
1146 2288 1276 2379 corde,
1293 2287 1340 2364 ad
1357 2288 1662 2364 admonicionem
1676 2288 1865 2393 cujusdam
1959 2357 1963 2366 .

447 2414 645 2518 presbiteri
659 2416 724 2520 qui
740 2416 913 2503 adherat,
929 2417 1194 2522 cujusnomeu
1208 2434 1251 2493 et·
1260 2443 1469 2524 cognomen
1481 2416 1648 2524 ignorat,
1667 2442 1734 2520 per
1750 2443 1863 2531 quern

447 2542 566 2631 fuitei
584 2542 727 2620 dictum
744 2543 848 2649 quod
861 2544 1079 2620 auctoritate
1094 2544 1239 2620 domini
1254 2570 1375 2651 pappe
1392 2561 1538 2651 poterat
1556 2542 1745 2622 absolvere
1760 2572 1858 2621 eum.

446 2673 693 2752 Postmodum
727 2673 849 2752 dictus
877 2689 1049 2779 receptor
1075 2674 1242 2779 precepit
1272 2675 1306 2751 ei
1331 2673 1446 2779 quod·
1461 2673 1699 2752 conculcaret
1727 2673 1862 2751 dictam

446 2832 612 2911 crucem,
631 2803 761 2908 etipse
776 2803 900 2881 noluit
914 2803 1144 2880 conculcare.
1166 2801 1249 2881 Alia
1266 2802 1398 2880 illicita
1408 2829 1492 2880 non
1510 2802 1644 2881 recolit
1662 2802 1812 2880 allisisse
1825 2804 1863 2879 in

447 2934 544 3011 dicta
564 2963 628 3010 sua
643 2934 862 3040 recepcione
887 2962 957 3010 nec
975 2950 1082 3040 post,
1101 2960 1172 3010 nec
1185 2933 1252 3010 scit
1272 2932 1302 3013 si
1319 2932 1419 3010 dicta
1439 2931 1567 3009 illicita
1580 2931 1643 3008 vel¹
1658 2930 1729 3007 alia
1745 2933 1863 3008 inter·

444 3063 644 3143 veniebant
667 3064 707 3138 in
726 3063 1008 3167 recepcionibus
1030 3062 1190 3141 aliorum
1221 3061 1279 3140 vel
1299 3078 1394 3167 post.
1411 3060 1556 3141 ¹Credit
1577 3077 1704 3138 tamen
1731 3060 1862 3165 pocius

444 3190 553 3296 quod·
578 3193 629 3266 sic
648 3218 761 3295 quam
783 3193 1026 3281 contrarium,
1053 3220 1268 3300 quanquam
1295 3191 1392 3268 nihil
1410 3191 1587 3268 illicitum
1610 3189 1745 3268 viderit
1761 3189 1860 3279 lieri,

446 3321 712 3425 superveniens
731 3322 769 3396 in
789 3323 1007 3426 recepcione
1025 3321 1147 3401 fratris
1168 3322 1326 3400 Gerardi
1354 3321 1400 3398 de
1424 3320 1650 3399 Virencourt
1670 3320 1863 3398 servientis

445 3469 530 3556 post
542 3452 788 3527 tradicionem
803 3452 969 3529 mantelli
987 3454 1021 3529 ei
1034 3452 1183 3540 factam,
1204 3442 1344 3558 recepti
1357 3452 1396 3529 in
1410 3450 1549 3556 capella
1562 3451 1699 3528 domus
1712 3450 1861 3555 Templi

445 3582 492 3657 de
510 3582 732 3659 Virencourt
754 3582 945 3660 Tullensis
966 3583 1139 3675 diocesis,
1162 3611 1229 3689 per
1247 3582 1399 3658 fratrem
1417 3581 1628 3687 Aymonem
1649 3579 1723 3657 deu
1743 3579 1860 3669 zelet,

444 3728 532 3788 sunt
545 3740 645 3787 nunc
660 3713 806 3789 circiter
824 3741 899 3790 vnn
915 3714 1019 3805 anni,
1037 3713 1274 3820 presentibus
1293 3711 1470 3788 fratribus
1484 3708 1658 3788 Alberico
1674 3709 1721 3786 de
1736 3710 1862 3786 Noou-

444 3868 511 3948 roy
529 3843 720 3930 Bisuncio,
747 3844 853 3949 cujus
873 3870 1080 3949 cognomen
1102 3844 1264 3949 ignorat,
1287 3859 1324 3917 et
1340 3840 1515 3945 pluribus
1539 3840 1621 3917 aliis
1640 3837 1858 3926 deffunctis3
1906 3910 1910 3919 ,

443 3971 603 4047 aliorum
626 3972 907 4078 recepcionihus
926 4002 965 4050 se
986 4001 1063 4049 non
1083 3973 1215 4050 recolit
1233 3970 1393 4049 affuisse.
1417 3972 1529 4060 Item,
1552 3965 1768 4072 dixitquod
1781 3965 1860 4070 ipse

443 4097 540 4175 bene
566 4101 741 4178 credebat
764 4102 1019 4179 ecclesiasticis
1046 4101 1305 4191 sacramentis,
1335 4099 1491 4175 credens
1514 4097 1617 4205 quod
1645 4093 1861 4171 alii-fratres

444 4227 588 4305 ordinis
615 4232 748 4307 eodem
775 4233 889 4308 modo
916 4233 1126 4321 crederent,
1155 4248 1193 4308 et
1215 4229 1320 4336 quod
1350 4256 1482 4304 eorum
1501 4226 1712 4303 sacerdotes
1733 4223 1859 4302 debite

443 4358 687 4437 celebrarent.
713 4363 847 4438 Statim
861 4392 930 4468 pro
948 4362 1123 4468 professis
1144 4358 1392 4446 habebantur,
1419 4374 1456 4434 et
1476 4356 1673 4433 dicebatur
1688 4356 1741 4431 eis
1756 4353 1861 4460 quod

444 4492 753 4567 excommunicati
778 4492 935 4567 luissent
956 4492 987 4566 si
1014 4521 1057 4567 ex
1079 4510 1170 4568 tunc
1188 4490 1362 4569 ordinem
1379 4487 1593 4565 exivissent.
1617 4484 1859 4564 Clandestine

444 4618 730 4723 recipiebantur,
750 4618 865 4695 nullis
876 4619 1114 4724 presentibus
1130 4620 1201 4695 nisi
1216 4618 1393 4696 fratribus
1408 4618 1566 4705 ordinis,
1579 4644 1629 4693 ex
1642 4643 1720 4721 quo
1740 4613 1858 4690 credit

444 4747 546 4849 quod
557 4749 658 4851 juste
678 4748 737 4826 vel
755 4750 893 4856 injuste
908 4747 1111 4827 haberetur
1129 4749 1291 4854 suspicio
1316 4764 1443 4824 contra
1463 4773 1539 4825 eos.
1561 4743 1736 4823 Cordulis
1754 4740 1857 4818 unde
