4268 5946
309 520 357 591 io
699 498 899 587 rnocts
924 513 1021 585 nes
1047 509 1348 584 restitues.

307 660 357 733 de
377 658 576 735 Penrando
607 658 771 734 visitator
794 654 967 743 Vnde,
993 653 1194 760 presidens
1211 668 1305 726 tune
1326 649 1489 755 capitulo
1516 677 1654 726 eurum
1675 679 1749 758 ge-

307 792 426 867 nerali
450 790 632 879 Perisim,
658 789 801 895 recepit
822 786 863 864 io
885 784 1028 893 capelle
1053 783 1187 891 nnjori
1210 780 1364 887 Templi
1390 782 1517 887 ipsum
1540 800 1680 858 testem
1704 802 1750 860 et

306 918 439 999 lrstres
451 922 665 999 Iohannem
682 920 786 995 breti
801 917 850 995 de
870 918 903 994 Ρ
900 946 942 994 er
958 900 1232 1023 presbiterum.
1249 912 1482 989 lliebardum
1502 914 1607 989 Senti
1618 943 1750 1021 qu-

307 1054 410 1139 dom,
430 1048 661 1129 ltiebsrdnm
680 1050 730 1126 de
749 1048 929 1156 Cepresia
947 1047 1095 1125 dietum
1114 1046 1152 1122 le
1167 1045 1322 1124 [baron
1339 1046 1562 1121 servientes.
1586 1064 1627 1120 et
1643 1046 1748 1125 dnus

308 1186 402 1262 slios
420 1185 624 1263 servientes
636 1210 806 1289 quorum
822 1181 977 1257 nomina
1000 1197 1041 1255 et
1063 1178 1291 1284 cognomina
1314 1176 1482 1283 ignom.
1502 1176 1748 1280 preserrub

311 1310 487 1391 tractibus
505 1310 708 1417 Radulpbo
724 1308 773 1389 de
787 1308 867 1389 Gisi
888 1326 928 1386 et
943 1308 1121 1414 Philippo
1140 1307 1285 1413 ‚tgaihe
1300 1324 1392 1381 tunc
1411 1324 1634 1413 preceptore
1650 1310 1748 1385 δσ-

312 1446 479 1529 mennie,
501 1458 541 1520 et
558 1441 757 1549 tteynarto
776 1440 825 1517 de
844 1440 1076 1546 ‘l'remplsyo
1094 1440 1324 1545 presbitero,
1348 1438 1511 1515 testibus
1528 1468 1641 1545 supra
1659 1468 1746 1517 esn-

311 1576 479 1663 minatis,
509 1590 653 1651 astante
678 1572 750 1648 alis
775 1570 1024 1649 multitudine
1049 1600 1121 1678 pro
1146 1569 1313 1676 opitulo
1344 1589 1578 1677 congregat
1608 1574 1642 1646 :l
1663 1601 1744 1678 quo

311 1700 1743 1813 receptoremmpeciissentinsttnteretpluriesponemetaqmmordin'n.

310 1856 350 1913 et
368 1839 424 1915 eis
443 1834 702 1943 respondisset
719 1833 825 1943 quod
843 1832 943 1911 bene
965 1832 1240 1911 deliberarent.
1258 1835 1347 1940 quia
1366 1852 1560 1938 oporter'et
1577 1863 1646 1911 eos
1661 1863 1684 1909 a
1700 1863 1744 1912 se

308 1966 482 2047 abdicare
507 1966 701 2074 propriam
726 1964 963 2043 voluntatem
992 1982 1031 2042 et
1056 1965 1192 2072 subjici
1214 1964 1356 2052 aliene,
1384 1983 1424 2041 et
1445 1964 1568 2041 multa
1589 1965 1686 2042 dun
1703 1984 1754 2045 et.

308 2126 436 2204 espen
466 2099 674 2183 sustinere,
712 2096 880 2175 finaliter
911 2099 1071 2204 prestito
1103 2125 1175 2202 per
1199 2100 1462 2206 jmmentum
1492 2096 1601 2204 quod
1624 2094 1743 2173 nitbil

311 2228 497 2307 dederant
512 2228 571 2305 sel
590 2230 844 2335 promiserant
860 2246 907 2304 ut
921 2231 1182 2337 reciperentur
1202 2232 1243 2304 in
1262 2230 1397 2306 ordine
1416 2231 1648 2337 supradicto.
1671 2256 1743 2304 net

308 2378 420 2437 erem
437 2358 546 2436 alteri
566 2356 741 2467 religioni
762 2358 937 2466 obligati,
959 2387 1030 2435 nec
1048 2358 1240 2436 bzbebaut
1257 2359 1403 2466 aliquid
1420 2360 1742 2466 inpedimentum.

311 2490 400 2568 lecit
428 2518 495 2569 eos
522 2516 655 2569 rovere
679 2490 905 2575 osricum,
936 2489 1217 2581 obedienciam,
1246 2511 1286 2568 et
1316 2494 1440 2569 rivere
1466 2492 1547 2568 ἐπε
1575 2491 1740 2596 proprio.

312 2622 560 2701 Postmodum
575 2622 760 2728 imposuit
769 2622 824 2697 eis
838 2619 1057 2709 mantellos,
1075 2622 1288 2727 presbitero
1301 2623 1475 2728 peditto
1487 2622 1637 2698 dicente
1652 2619 1744 2725 psal

309 2780 415 2830 nnim
429 2752 596 2830 Ecclesie
605 2753 722 2831 :Ecce
731 2780 835 2856 quan
849 2753 971 2829 bom
986 2767 1023 2829 et
1033 2753 1347 2857 quujocndn,
1358 2754 1588 2858 etqrusdam
1601 2753 1746 2828 ondo-

311 2914 393 2977 nes,
411 2900 451 2961 et
466 2910 600 2961 omnes
611 2881 746 2960 iratres
758 2901 923 2961 astantes
940 2881 1097 2960 fuerunt
1110 2912 1177 2960 eos
1190 2884 1349 2961 osculati
1362 2886 1403 2959 in
1421 2913 1502 2962 ore.
1522 2885 1613 2978 Quo
1626 2883 1743 2969 lacto,

311 3013 383 3090 luit
401 3012 544 3090 dictum
564 3040 633 3119 per
652 3012 860 3120 quemdam
880 3041 925 3089 ex
939 3012 1120 3091 fratribus
1138 3013 1363 3097 astantibus,
1383 3015 1505 3090 nescit
1521 3044 1590 3122 per
1608 3043 1741 3121 quem,

312 3145 495 3253 receptori
522 3144 626 3253 quod
652 3146 732 3252 ipse
760 3144 967 3223 obmiserat
999 3175 1065 3224 eos
1097 3147 1317 3224 concutere
1355 3176 1506 3224 crucem
1537 3147 1674 3236 lacere,
1704 3166 1743 3223 et

312 3276 417 3383 quod
445 3294 709 3385 apportaretur
733 3307 825 3355 crux
847 3296 893 3355 ut
917 3278 1181 3356 muculcarent
1210 3309 1313 3374 eam;
1345 3297 1383 3356 et
1409 3310 1497 3357 cum
1528 3281 1607 3386 ipse
1638 3280 1744 3358 testis

313 3424 352 3484 et
375 3406 439 3483 alii
466 3408 607 3516 recepti
637 3409 712 3487 boc
735 3409 982 3502 audivissent,
1011 3410 1169 3487 suerunt
1195 3411 1441 3488 vehementer
1462 3410 1675 3518 stupefacti,
1705 3430 1745 3488 et
1898 3438 1920 3461 ²

313 3537 508 3643 potissime
528 3540 607 3646 ipse
626 3541 751 3629 testis,
770 3558 816 3617 ut
836 3542 942 3618 dixit.
966 3543 1053 3636 Quo
1073 3545 1173 3633 viso,
1194 3543 1319 3619 dictus
1336 3560 1510 3649 receptor
1527 3543 1621 3619 dixit
1639 3542 1744 3648 quod

313 3671 394 3775 ipsc
424 3687 503 3747 erat
532 3669 622 3750 alibi
656 3670 911 3780 prolecturus,
945 3690 984 3750 et
1015 3675 1121 3781 quod
1155 3673 1391 3750 dimitterent
1420 3675 1542 3752 dictos
1572 3691 1745 3780 receptos

311 3817 431 3895 stare,
453 3801 542 3909 quia
561 3800 652 3880 olias
671 3804 952 3882 instruerentur
971 3805 1019 3882 de
1039 3807 1188 3911 punctis
1200 3804 1368 3914 {ordinis3
1385 3823 1425 3882 et
1443 3807 1496 3882 sic
1512 3805 1617 3882 nulla
1632 3833 1744 3881 cruce

311 3930 437 4023 allata,
469 3960 539 4011 nec
564 3932 613 4010 de
645 3933 774 4040 aliquo
802 3934 877 4011 alio
904 3935 1036 4013 illicito
1061 3953 1240 4015 contento
1264 3938 1304 4013 io
1325 3937 1434 4015 dictis
1457 3937 1625 4014 articulis
1649 3936 1744 4014 lacta

313 4078 403 4139 tnnc
429 4064 627 4143 mencione
652 4065 726 4173 ipsi
748 4067 836 4144 testi
861 4066 921 4144 vel
941 4066 1040 4157 aliis,
1070 4087 1316 4146 recesserunt.
1344 4070 1422 4148 Sed
1440 4069 1597 4174 quidam
1616 4066 1742 4156 frater,

314 4192 423 4299 cuijus
442 4221 581 4272 nomen
603 4213 642 4273 et
660 4226 873 4306 cognomen
899 4201 1063 4309 ignorat,
1088 4200 1183 4276 dixit
1201 4201 1322 4307 quod,
1347 4198 1558 4277 secundum
1585 4226 1742 4276 consue-

313 4322 487 4401 tudinem
515 4326 676 4416 ordinis,
708 4330 899 4410 debebant
927 4334 1113 4441 abnegnre
1136 4332 1279 4425 Deum,
1308 4351 1352 4410 ut
1378 4331 1450 4409 sibi
1479 4331 1648 4407 videtur:
1674 4329 1744 4407 sed

313 4448 576 4561 postmodum,
599 4460 646 4536 cle
672 4460 782 4538 dictis
809 4462 951 4538 illicitis
975 4463 1034 4539 vel
1063 4463 1146 4540 aliis
1165 4464 1268 4541 nulla
1287 4464 1359 4540 luit
1386 4463 1481 4541 lacta
1504 4462 1653 4540 mencio
1672 4462 1743 4567 ipsi

313 4588 412 4674 testi,
424 4616 494 4665 nec
503 4590 572 4668 scit
585 4618 655 4667 nec
665 4590 807 4666 audivit
818 4592 924 4698 quod
933 4592 1048 4669 suerit
1057 4591 1151 4670 facta
1162 4597 1312 4672 mencio
1326 4595 1408 4672 aliis
1419 4625 1505 4671 cum
1516 4622 1563 4672 eo
1572 4592 1742 4699 receptis.

316 4714 532 4823 llequisitns
550 4720 579 4795 si
603 4721 688 4808 scit,
709 4720 767 4798 vel
783 4722 922 4810 credit,
943 4722 1000 4799 vel
1017 4724 1159 4802 audivit
1173 4726 1247 4802 dici
1267 4727 1372 4833 quod
1392 4726 1517 4833 aliqua
1535 4725 1666 4802 illicita
1684 4724 1744 4802 in-

314 4846 544 4925 tervenirent
557 4846 595 4924 in
609 4850 894 4957 recepcionibus
905 4852 1066 4932 aliorum
1076 4854 1233 4934 fratrum
1243 4856 1301 4933 vel
1314 4874 1415 4963 post,
1429 4857 1627 4964 respoudit
1636 4854 1741 4962 quod
