4230 5956
484 501 530 574 60
603 505 606 510 ’
873 497 1067 573 PROCES
1093 496 1186 568 DES
1212 491 1510 567 TEMPLIERS.

483 656 664 747 gaverunt
689 654 849 724 certum,
879 654 1005 712 tamen
1027 666 1064 713 se
1085 663 1164 713 esse
1190 634 1282 710 dixit
1305 634 1410 738 quod
1437 661 1569 709 eorum
1595 631 1753 708 alterum
1781 633 1901 709 dictus

483 788 654 876 receptor
679 768 899 857 nominavit,
927 786 964 844 et
989 768 1058 872 ipsi
1084 766 1372 871 abnegaverunt.
1402 765 1512 854 ltem,
1537 762 1630 838 dixit
1649 765 1753 868 quod
1775 781 1902 869 postea

482 902 650 1008 precepit
669 901 722 976 eis
741 899 844 1006 quod
864 915 1043 1005 spuerent
1062 926 1174 1003 super
1197 896 1333 972 dictam
1357 923 1522 984 crucem,
1548 896 1637 1001 quia
1660 895 1831 972 hocerat
1854 898 1900 972 de

482 1033 631 1138 punctis
651 1031 739 1107 dicti
761 1030 919 1118 ordinis,
949 1047 987 1106 et
1004 1047 1095 1107 tunc
1114 1026 1185 1133 ipsi
1205 1027 1344 1132 recepti
1369 1041 1552 1132 spuerunt
1566 1025 1673 1132 juxta
1692 1053 1769 1101 non
1789 1054 1901 1132 super

484 1163 621 1238 dictam
643 1187 807 1250 crucem,
835 1161 1013 1267 premissa
1031 1158 1121 1235 lecit
1142 1158 1263 1234 dictus
1283 1157 1387 1233 testis
1408 1184 1473 1232 ore
1493 1184 1569 1232 non
1591 1157 1719 1242 corde,
1746 1157 1901 1232 credens

484 1292 585 1368 idem
604 1293 651 1368 de
677 1291 773 1380 aliis,
794 1307 950 1396 propter
973 1290 1075 1397 signa
1097 1288 1334 1394 displicencie
1355 1316 1428 1393 que
1457 1286 1742 1391 pretendebant.
1765 1288 1902 1392 Requi-

484 1423 577 1499 situs
597 1422 681 1527 quis
694 1448 825 1496 eorum
844 1421 967 1525 primo
987 1418 1075 1495 fecit
1095 1419 1386 1524 abnegacionem
1403 1433 1440 1492 et
1453 1416 1685 1520 spuicionem
1700 1416 1897 1521 predictas,

484 1552 576 1627 dixit
595 1552 700 1657 quod
719 1551 910 1656 predictus
928 1550 1117 1627 lohannes
1143 1550 1190 1625 de
1213 1547 1393 1624 Noviomo
1413 1545 1486 1621 fuit
1504 1547 1649 1651 primus
1671 1547 1710 1621 in
1731 1544 1900 1623 faciendo

483 1682 665 1788 predicta,
690 1701 726 1758 et
745 1683 825 1788 ipse
844 1682 951 1758 testis
971 1682 1174 1772 secundus,
1197 1697 1234 1756 et
1248 1679 1340 1755 alter
1358 1679 1548 1754 lohannes
1566 1679 1715 1755 tercius.
1738 1679 1903 1754 Postmo

485 1814 577 1888 dum
599 1813 721 1889 dictus
742 1829 913 1918 receptor
933 1811 1025 1888 dixit
1050 1811 1102 1887 eis
1121 1810 1241 1917 quod,
1264 1811 1292 1885 si
1319 1826 1560 1886 moverentur
1584 1808 1704 1886 calore
1724 1807 1898 1895 naturali,

484 1960 657 2047 poterant
678 1943 876 2018 carnaliter
898 1941 1131 2020 commisceri
1152 1970 1237 2017 cum
1258 1939 1434 2016 fratribus
1454 1940 1598 2017 ordinis
1618 1957 1656 2016 et
1675 1939 1730 2014 illi
1751 1966 1896 2025 secum,

483 2091 521 2147 et
537 2073 641 2178 quod
665 2100 764 2148 unus
788 2073 835 2148 de
858 2071 932 2148 alio
955 2070 1117 2148 debebat
1140 2070 1232 2176 pati,
1254 2070 1462 2146 secundum
1483 2087 1621 2176 puncta
1636 2070 1796 2157 ordinis3
1821 2070 1899 2173 ipse

483 2221 609 2278 tamen
628 2229 704 2277 non
727 2200 814 2276 lecit
831 2229 901 2277 nec
921 2200 992 2276 fuit
1013 2200 1230 2306 requisitus,
1251 2228 1321 2275 nec
1340 2201 1460 2277 credit
1481 2201 1587 2306 quod
1607 2198 1738 2277 fratres
1758 2200 1901 2278 ordinis

412 2306 417 2313 ἢ
482 2347 675 2438 peccatum
692 2330 790 2406 illud
805 2331 1093 2407 committerent.
1110 2330 1258 2408 Deinde
1275 2331 1441 2437 precepit
1456 2331 1508 2407 eis
1522 2330 1628 2436 quod
1643 2330 1900 2406 oscularentur

485 2489 571 2537 eum
591 2461 629 2535 in
648 2488 736 2548 ano,
756 2460 825 2565 ipsi
847 2476 973 2536 tamen
989 2489 1065 2536 non
1088 2458 1240 2537 luerunt
1257 2489 1344 2537 eum
1360 2460 1454 2538 inibi
1469 2459 1641 2551 osculati,
1664 2460 1730 2536 sed
1751 2461 1900 2537 elevatis
2010 2468 2012 2472 ⁴

482 2592 614 2699 pannis
635 2590 846 2697 predictum
867 2609 1098 2697 receptorem
1122 2589 1275 2669 fuerunt
1290 2590 1445 2670 osculati
1468 2592 1509 2667 in
1531 2592 1635 2697 spina
1656 2590 1757 2668 dorsi
1779 2593 1896 2680 nuda,

442 2747 444 2751 ’
483 2740 520 2798 et
532 2723 604 2798 hoc
617 2721 801 2826 lecerunt,
814 2722 902 2828 quia
913 2720 1006 2797 dixit
1019 2723 1071 2797 eis
1086 2722 1191 2827 quod
1202 2739 1280 2799 erat
1296 2723 1343 2798 de
1355 2723 1504 2828 punctis
1517 2722 1671 2798 ordinis.
1687 2722 1900 2827 Requisitus

482 2853 565 2956 quis
581 2881 714 2928 comm
730 2853 852 2958 primo
868 2850 957 2928 lecit
972 2851 1142 2929 osculum
1160 2852 1432 2959 supradictum,
1449 2852 1644 2959 respondit
1658 2853 1763 2958 quod
1779 2852 1900 2928 dictus

481 2984 669 3058 lohannes
692 2983 740 3057 de
759 2981 941 3059 Noviomo
959 2983 1100 3089 pn'mo,
1126 2984 1205 3089 ipse
1224 2985 1331 3061 testis
1349 2984 1516 3061 secundo
1540 3000 1577 3060 et
1600 2982 1694 3058 alter
1713 2984 1900 3061 lohannes

482 3113 617 3189 ultimo
640 3112 808 3188 lecerunt
833 3112 1002 3189 osculum
1026 3113 1293 3218 supradictum.
1321 3115 1535 3220 Requisitus
1562 3114 1592 3191 si
1617 3114 1685 3190 scit
1703 3115 1761 3190 vel
1782 3115 1900 3190 credit

483 3244 587 3350 quod
611 3243 673 3319 alii
693 3242 950 3348 reciperentur
966 3244 1006 3319 in
1024 3244 1157 3341 ordine
1175 3272 1242 3349 per
1262 3245 1421 3323 modum
1436 3272 1504 3350 per
1525 3273 1612 3321 eum
1631 3245 1897 3334 consessatum,

482 3374 679 3480 respondit
691 3402 730 3451 se
746 3375 909 3466 nescire,
926 3376 1012 3480 quia
1028 3404 1105 3452 non
1120 3375 1211 3451 vidit
1226 3375 1370 3481 aliquos
1383 3376 1476 3454 alios
1490 3376 1624 3481 recipi,
1644 3376 1764 3452 credit
1774 3394 1899 3452 tamen

369 3557 377 3567 -
482 3505 585 3611 quod
608 3504 668 3579 alii
690 3506 942 3582 communiter
962 3505 1217 3612 reciperentur
1235 3507 1272 3581 in
1292 3506 1425 3583 ordine
1449 3507 1544 3583 sicut
1566 3534 1605 3583 se
1631 3523 1669 3583 et
1688 3506 1780 3583 alios
1805 3507 1900 3584 duos

484 3635 658 3740 deposuit
686 3634 798 3712 luisse
825 3654 1004 3742 receptos.
1030 3637 1161 3715 Credit
1184 3637 1438 3715 ecclesiasticis
1467 3639 1720 3733 sacramentis3
1745 3639 1901 3715 credens

482 3766 597 3841 eciam
615 3767 719 3872 quod
738 3766 802 3844 alii
817 3766 1030 3857 crederent,
1048 3786 1085 3844 et
1100 3770 1205 3875 quod
1219 3798 1352 3847 eorum
1371 3768 1581 3845 sacerdotes
1595 3766 1721 3844 debite
1738 3768 1901 3845 celebra-

481 3914 580 3973 rent.
603 3898 734 3975 Statim
759 3898 991 3975 habebantur
1012 3928 1080 4006 pro
1099 3901 1284 4006 professis.
1315 3901 1564 4006 Recepciones
1586 3898 1726 3977 fiebant
1752 3898 1903 3976 clande-

481 4029 591 4116 stine,
613 4029 754 4106 scilicet
777 4028 891 4106 nullis
909 4030 1146 4136 presentibus
1166 4031 1237 4109 nisi
1255 4030 1432 4107 lratribus
1453 4030 1612 4118 ordinis,
1634 4058 1676 4106 ex
1692 4058 1769 4135 quo
1782 4031 1902 4107 credit

481 4159 588 4262 quod
617 4176 714 4236 esset
739 4160 837 4238 mala
864 4162 1024 4267 suspicio
1052 4180 1180 4239 contra
1211 4189 1285 4240 eos.
1316 4161 1493 4239 Cordulis
1523 4160 1765 4269 cingebantur
1789 4189 1904 4267 super

483 4287 666 4380 camisias,
688 4318 780 4395 quas
799 4291 1029 4396 recipiebant
1051 4293 1152 4370 unde
1176 4292 1361 4370 volebant.
1388 4295 1602 4401 lnjunctum
1625 4291 1696 4368 fuit
1722 4293 1775 4369 eis
1798 4292 1904 4398 quod

481 4446 558 4495 non
579 4420 788 4497 revelarent
802 4438 941 4497 secreta
963 4421 1230 4527 capitulorum,
1248 4441 1286 4500 et
1303 4424 1373 4505 sub
1395 4424 1467 4500 hoc
1486 4423 1749 4501 continebatur
1767 4422 1903 4499 modus

482 4549 725 4653 recepcionis,
744 4568 781 4627 et
795 4551 861 4658 qui
874 4550 1099 4628 revelassent
1112 4551 1270 4631 luissent
1284 4555 1425 4660 puniti,
1441 4554 1558 4631 nescit
1569 4554 1739 4660 qualiter.
1759 4554 1902 4629 Fratres

483 4677 641 4754 scientes
663 4706 808 4757 errores
828 4679 1016 4786 predictos
1037 4680 1265 4790 negligentes
1285 4683 1438 4760 luerunt
1456 4685 1545 4791 qnia
1563 4712 1639 4761 non
1663 4702 1903 4761 correxerunt

482 4832 634 4884 cosnec
656 4808 975 4889 denunciaverunt
995 4812 1169 4892 Ecclesie.
1196 4816 1429 4894 Elemosinas
1447 4832 1484 4894 et
1505 4815 1795 4922 hospitalitatem
1813 4814 1904 4892 vidit
