4230 5956
353 466 399 535 ss
737 442 929 534 Procas
955 459 1049 530 ors
1075 458 1377 532 rrurmnns.

351 602 538 689 scandala,
560 602 720 708 suspicio
740 619 778 678 et
799 601 950 678 infamia
970 617 1057 677 sunt
1079 616 1220 690 exorta,
1243 618 1280 676 et
1304 616 1564 703 contraquam
1592 602 1768 708 Magister

352 755 389 812 et
404 736 465 812 alii
486 736 661 811 dicuntur
674 731 798 838 aliqua
812 731 927 811 luisse
942 730 1118 820 oonsessi;
1140 730 1187 805 ad
1203 731 1310 836 cnjus
1328 728 1764 813 ordinisdellensionem

353 896 391 943 se
412 895 488 943 non
504 863 702 941 obtulerat.

408 996 619 1102 Requisitus
639 995 669 1071 si
689 997 741 1070 sic
753 996 980 1100 deposuerat
998 1020 1118 1099 prece,
1131 1010 1322 1097 precepto,
1334 992 1483 1078 timore,
1497 1021 1641 1085 amore,
1657 996 1760 1084 odio,

349 1129 407 1204 vel
426 1126 623 1232 temporali
638 1127 800 1202 comodo
820 1124 951 1202 habito
969 1123 1025 1199 vel
1045 1123 1232 1210 habendo,
1253 1122 1448 1227 respondit
1466 1124 1571 1226 quod
1589 1153 1677 1217 non,
1697 1129 1765 1205 sed

348 1287 416 1363 pro
435 1259 586 1334 veritate
612 1257 786 1343 dicenda;
816 1256 875 1333 cui
898 1254 971 1332 luit
993 1255 1206 1360 injunctum
1230 1253 1336 1358 quod
1360 1280 1437 1331 non
1461 1254 1641 1333 revelaret
1667 1258 1763 1335 harre

352 1418 457 1465 suam
475 1389 770 1493 deposicionem,
786 1413 986 1492 quousque
1001 1385 1259 1463 attestaciones
1270 1383 1411 1461 luerint
1426 1383 1630 1488 publieate;
1641 1405 1678 1464 et
1692 1389 1762 1467 luit

348 1536 589 1623 protestatus,
611 1519 648 1593 in
668 1517 851 1622 principio
867 1515 1118 1620 deposicionis
1135 1543 1220 1604 sue,
1241 1514 1347 1619 qnod
1364 1541 1440 1591 non
1461 1514 1680 1595 intendebat
1699 1547 1760 1595 re·

350 1650 483 1724 cedere
510 1678 530 1724 a
553 1649 792 1752 deposicione
820 1675 886 1752 per
912 1673 999 1723 eum
1025 1643 1116 1722 lacta
1143 1672 1268 1722 coram
1297 1644 1454 1722 domino
1482 1647 1760 1754 archiepiscopo

349 1796 568 1856 memorato.

402 1911 491 1986 Acta
501 1907 656 1984 luerunt
668 1909 737 1982 hec
749 1907 810 1981 die
820 1924 857 1981 et
866 1905 949 1982 loco
965 1905 1151 2009 predictis,
1166 1905 1404 2011 presentibus
1413 1906 1587 2011 magistro
1601 1905 1753 1995 Amisio,

350 2069 407 2114 me
427 2039 681 2115 Floriamonte
701 2036 912 2120 Dondedei,
935 2052 972 2110 et
992 2034 1072 2110 aliis
1088 2035 1243 2111 notariis
1261 2063 1373 2140 supra
1386 2034 1522 2112 ultimo
1539 2035 1755 2124 nominatim

348 2188 385 2246 et
404 2186 460 2244 est
478 2169 672 2244 sciendum
688 2168 793 2272 quod
812 2165 988 2242 dominus
1007 2164 1181 2241 Mstbeus
1199 2166 1465 2270 superveniens
1486 2163 1656 2241 interfuit
1678 2193 1759 2241 exa·

348 2297 552 2374 minacioni
575 2295 729 2399 predicti
751 2295 856 2371 testis
873 2293 1009 2370 ultimo
1030 2293 1238 2369 examinati.

402 2559 492 2632 Post
508 2555 589 2642 bec,
607 2554 669 2628 die
681 2553 805 2630 Sabati
819 2555 1002 2656 sequenti,
1019 2583 1093 2660 que
1115 2554 1187 2630 luit
1201 2581 1246 2631 xx
1263 2555 1344 2633 dies
1358 2555 1449 2632 dicti
1464 2555 1600 2634 mensis
1614 2553 1752 2639 Marcii,

346 2688 417 2763 luit
431 2685 616 2761 adductus
636 2683 683 2758 ad
701 2683 932 2788 presenciam
948 2684 1138 2760 dictorum
1151 2684 1394 2761 dominorum
1415 2685 1756 2765 commissariorum

347 2836 384 2893 et
395 2816 539 2894 domini
552 2813 703 2898 Matbei,
714 2813 877 2888 indomo
888 2814 1224 2917 predictafratrnm
1231 2815 1436 2905 Minorem,
1447 2813 1757 2895 freterGereldus

346 2949 391 3022 de
414 2946 630 3049 Au'gnihaco
647 2941 919 3019 Lemovicensis
939 2943 1097 3020 diocesis
1120 2945 1293 3034 serviens,
1315 2961 1511 3051 preceptor
1525 2942 1751 3030 Nanatensis,

344 3075 683 3179 quinquagenarius
708 3071 766 3148 vel
791 3072 901 3161 circa,
934 3074 1152 3152 mantellum
1183 3092 1221 3150 et
1244 3075 1399 3152 barbam
1427 3074 1625 3153 defferens.
1656 3073 1752 3166 Qui,

344 3202 616 3307 protestacioue
645 3201 823 3307 premissa
848 3203 953 3305 quod
982 3232 1057 3280 non
1084 3205 1248 3281 intendit
1266 3204 1442 3281 recedere
1458 3233 1488 3280 ·a
1513 3203 1752 3309 depositione

344 3362 411 3440 per
423 3361 511 3409 eum
531 3332 622 3408 lacta
631 3332 786 3407 Pictavis
801 3359 925 3406 coram
942 3332 1089 3411 officiali
1105 3335 1307 3410 Pictavensi
1324 3351 1362 3410 et
1376 3333 1603 3439 qrribtasdtm
1618 3331 1715 3419 aliis,
1731 3361 1752 3407 a

342 3461 482 3566 quibus
502 3461 696 3538 absolutus
715 3478 752 3536 et
775 3461 1034 3540 reconcilietur
1055 3464 1208 3553 exstitit,
1234 3463 1340 3541 lectis
1359 3481 1397 3538 et
1422 3462 1622 3570 diligenter
1641 3489 1753 3565 expo·

343 3592 422 3666 sitis
437 3590 509 3668 sihi
530 3590 708 3666 omnihus
726 3607 764 3666 et
777 3591 1118 3696 singulis-articulis,
1140 3591 1335 3697 respondit
1350 3620 1393 3668 so
1404 3593 1552 3672 nescire-
1565 3618 1634 3668 nec
1648 3588 1752 3665 audi-

341 3722 433 3797 visse
465 3721 540 3796 dici
568 3737 652 3796 aute
678 3721 891 3824 captionem
922 3751 1053 3799 eorum
1085 3721 1190 3827 qnod
1221 3722 1260 3797 in
1287 3721 1578 3826 recepcionibus
1593 3719 1749 3797 fratrum

340 3851 485 3927 ordinis
497 3850 556 3925 vel
569 3867 655 3953 post
668 3847 801 3925 fierent
820 3852 1098 3956 abnegaciones,
1118 3879 1187 3928 nec
1200 3851 1382 3955 vituperia
1393 3853 1523 3936 crucis,
1541 3878 1609 3929 nec
1624 3845 1750 3924 oscula

341 3980 548 4070 inhonesta,
569 4006 639 4055 nec
654 3979 759 4084 quod
777 3981 919 4056 crimen
934 3982 1199 4064 sodomiticum
1215 3981 1485 4059 concederetur
1497 4006 1567 4057 nec
1580 3974 1749 4053 commit-

340 4124 482 4183 teretur
494 4108 532 4182 in
553 4108 699 4198 ordine,
717 4137 787 4185 nec
801 4110 905 4213 quod
920 4111 1119 4186 adorarent
1138 4127 1274 4195 catum,
1293 4135 1362 4182 nee
1380 4106 1483 4212 quod
1502 4105 1636 4181 fierent
1654 4103 1749 4207 dog-

339 4236 596 4313 matiaaciones
614 4256 788 4315 contente
809 4241 848 4316 in
869 4240 1044 4326 articulis,
1065 4268 1134 4316 nec
1152 4238 1258 4344 qnod
1282 4254 1406 4315 esseut
1427 4232 1609 4313 increduli
1632 4231 1749 4309 eccle-

335 4366 491 4444 siasticis
510 4370 765 4456 sacramentis,
786 4371 925 4474 quibus
947 4371 1025 4473 ipse
1049 4368 1241 4455 credebat;
1262 4395 1332 4442 nec
1351 4367 1458 4472 quod
1476 4391 1608 4441 eorum
1627 4389 1748 4437 sacen

338 4496 443 4573 dotes
456 4498 702 4573 obmitterent
719 4498 829 4573 verba
849 4498 1013 4587 canonis,
1030 4525 1099 4574 nec
1112 4496 1216 4602 quod
1231 4498 1304 4573 hoc
1321 4495 1576 4600 preciperetur
1589 4491 1662 4579 eis;
1677 4517 1745 4565 nec

339 4625 442 4726 quod.
466 4653 598 4700 eorum
623 4625 704 4699 laici
724 4625 960 4700 absolverent
979 4626 1037 4700 vel
1054 4643 1208 4731 possent
1232 4624 1421 4701 absolvere
1443 4651 1465 4699 a
1486 4620 1658 4726 peccatis,
1671 4617 1745 4697 sed

338 4751 538 4856 aliquando
564 4753 789 4829 remitebant
813 4752 1029 4857 disciplinas
1049 4754 1211 4834 ordinis;
1240 4781 1308 4831 nec
1333 4752 1439 4859 quod
1465 4750 1646 4828 heberent
1675 4773 1743 4823 nec
