4230 5956
724 429 919 521 raucas
945 452 1039 523 ons
1065 453 1364 528 restauras.
1676 458 1750 529 ara

335 588 429 664 male
443 586 633 675 credebat,
656 603 693 662 et
711 608 957 694 preceperunt
974 592 1077 696 quod
1096 593 1293 699 abnegaret
1311 594 1499 673 Christum
1514 625 1523 681 ς
1545 595 1647 697 quod
1665 594 1752 671 lecit

336 736 400 806 ter,
424 732 461 792 et
477 734 534 793 ter
552 716 652 821 spuit
669 744 779 821 supra
797 747 961 810 crucem,
981 720 1219 800 demandato
1242 751 1384 800 eorum.

390 848 482 923 Item
503 846 594 922 dixit
613 874 680 950 per
691 847 948 953 juramentum
969 879 1079 927 suum
1103 853 1208 957 quod
1228 852 1433 958 injunctum
1459 848 1531 926 luit
1557 848 1628 926 sibi
1647 853 1752 956 quod

333 978 534 1055 abstineret
560 1005 600 1053 se
629 977 782 1053 omnino
811 1006 833 1055 a
865 978 1099 1071 mulieribus,
1131 982 1199 1058 sed
1224 984 1399 1059 audacter
1422 980 1679 1057 commisceret
1712 1009 1751 1056 sc

333 1137 418 1185 cum
442 1106 727 1197 retribueris,
755 1123 792 1184 et
819 1106 891 1184 hoc
910 1127 1099 1214 pateretur
1117 1112 1163 1189 ab
1194 1112 1273 1189 aliis
1296 1111 1482 1188 fratribus.
1504 1111 1753 1213 Interrogatus

334 1241 380 1316 de
395 1239 537 1327 osculo,
553 1238 643 1314 dixit
652 1239 977 1344 perjuramentum
992 1271 1100 1318 suum
1116 1245 1218 1348 quod
1232 1243 1416 1320 osculatus
1428 1240 1501 1318 luit
1510 1241 1750 1345 recipientem

334 1370 372 1444 in
384 1368 563 1446 umbilico
577 1369 664 1445 etin
679 1396 743 1444 ore
758 1369 893 1447 solum.
916 1372 1127 1477 Requisitus
1147 1373 1258 1449 etiarn
1278 1391 1403 1450 utrum
1415 1372 1466 1460 vi,
1485 1371 1541 1447 vel
1557 1388 1662 1446 metu
1677 1384 1753 1446 tor-

333 1515 541 1576 mentorum
563 1499 619 1575 vel
637 1499 802 1586 carceris,
821 1517 885 1577 aut
904 1500 1028 1607 aliqua
1048 1503 1117 1579 alia
1136 1531 1254 1592 causa,
1270 1504 1307 1578 in
1324 1500 1640 1606 deposiciouesua
1659 1498 1752 1575 dixit

331 1628 541 1716 salsitatem,
569 1627 658 1704 dixit
683 1657 751 1733 per
769 1631 1023 1736 juramentum
1049 1662 1157 1709 suum
1180 1633 1283 1737 quod
1304 1660 1397 1719 non3
1423 1632 1540 1707 immo
1561 1656 1692 1735 puram
1714 1645 1752 1704 et

332 1787 473 1835 meram
493 1758 635 1835 dixerat
653 1760 855 1837 veritatem.

387 2022 481 2094 Item
507 2019 619 2096 frater
642 2021 827 2097 lohannes
849 2022 964 2099 Ducis
988 2021 1035 2098 de
1059 2022 1283 2099 Taverniaco
1312 2038 1509 2126 preceptor
1541 2018 1677 2095 domus
1701 2019 1750 2095 de

331 2150 483 2238 lvriaco,
506 2150 611 2227 etatis
630 2150 897 2255 quinquaginta
912 2178 1094 2227 annorum
1113 2151 1172 2228 vel
1188 2152 1298 2241 circa,
1321 2150 1456 2228 eodem
1476 2150 1591 2227 modo
1607 2149 1751 2253 juratus

332 2280 379 2355 de
390 2307 429 2355 se
444 2295 481 2354 et
496 2277 576 2354 aliis
589 2280 626 2354 in
636 2306 744 2355 causa
757 2278 846 2355 fidei
861 2280 984 2356 dicere
998 2284 1206 2373 veritatem,
1219 2300 1256 2358 et
1268 2278 1570 2385 interrogatusde
1582 2294 1750 2383 ternpore

332 2408 491 2484 etmodo
505 2408 735 2513 recepcionis
744 2438 828 2498 sue,
841 2410 933 2488 dixit
944 2437 1012 2515 per
1022 2412 1394 2518 juramentumsuum
1408 2409 1512 2515 quod
1520 2408 1647 2514 viginti
1665 2424 1750 2485 octo

331 2537 417 2613 anni
445 2555 530 2614 sunt
555 2538 665 2643 elapsi
686 2540 790 2642 quod
810 2537 882 2615 luit
907 2557 1076 2645 receptus
1099 2540 1259 2617 Parisius
1284 2569 1351 2646 per
1374 2537 1579 2645 quemdam
1601 2536 1750 2614 fratrem

331 2685 498 2745 vocatum
524 2667 749 2745 Monachum
771 2667 910 2757 Gaudi,
936 2687 1192 2775 preceptorem
1217 2688 1315 2746 terre
1342 2667 1596 2757 ultramarina,
1625 2682 1664 2743 et
1689 2666 1750 2743 illa

332 2799 394 2873 die
409 2827 480 2903 qua
500 2796 569 2874 suit
584 2815 755 2903 receptus
770 2798 918 2874 suerunt
937 2800 1074 2904 recepti
1090 2799 1304 2903 quindecim
1320 2797 1451 2875 fratres
1470 2824 1556 2873 cum
1574 2824 1633 2873 eo.
1651 2796 1751 2873 Dixit

332 2930 445 3005 eciam
455 2957 523 3032 per
530 2928 786 3032 juramentum
797 2956 908 3004 suum
917 2927 1021 3034 quod
1032 2928 1097 3005 ille
1106 2928 1171 3033 qui
1182 2928 1324 3033 recepit
1336 2925 1659 3031 eumpostmultas
1668 2953 1750 3029 pro-

333 3058 526 3134 missiones
535 3055 646 3134 saetas
659 3058 706 3134 de
717 3058 861 3134 statutis
879 3074 917 3134 et
936 3057 1017 3135 aliis
1030 3058 1277 3134 observanciis
1291 3056 1382 3133 dicti
1396 3056 1539 3133 ordinis
1553 3053 1750 3132 observan-

331 3189 405 3277 dis,
422 3188 603 3292 recipiens
613 3187 779 3265 lecitsibi
792 3188 950 3291 aportari
959 3217 1078 3266 unum
1090 3187 1237 3265 missale
1250 3216 1363 3294 super
1371 3213 1448 3293 quo
1458 3184 1595 3291 juravit
1605 3212 1748 3261 servare

332 3318 497 3423 predicta
510 3334 643 3394 statuta
654 3335 690 3395 et
706 3317 976 3408 observantiam
991 3318 1117 3423 posuit
1130 3316 1350 3394 mantellum
1363 3315 1411 3393 ad
1422 3314 1697 3407 collumsuum‚
1713 3330 1750 3391 et

330 3448 442 3553 peciit
452 3448 497 3523 ab
515 3476 561 3524 eo
575 3466 702 3525 utrum
714 3447 882 3526 crederet
896 3447 935 3523 in
947 3449 1102 3526 Jhesnm
1117 3447 1323 3540 Christum,
1338 3446 1576 3553 cujusimago
1594 3462 1671 3521 erat
1685 3443 1750 3520 de·

330 3579 426 3682 picta
446 3578 484 3652 in
501 3579 601 3656 dicto
612 3578 769 3666 missali,
787 3596 825 3655 et
837 3579 914 3684 ipse
929 3578 1123 3683 respondit
1136 3577 1240 3685 quod
1253 3577 1321 3669 sic,
1338 3593 1374 3653 et
1385 3593 1473 3651 tunc
1486 3574 1573 3651 fecit
1591 3600 1677 3649 eum
1690 3572 1750 3647 ab·

331 3736 465 3817 negare
478 3708 699 3785 torJhesum
715 3708 925 3801 Christum,
941 3724 979 3784 et
991 3736 1125 3814 spuere
1140 3724 1199 3783 ter
1215 3734 1328 3811 super
1341 3731 1501 3781 crucem.
1517 3702 1617 3779 Dicit
1632 3700 1747 3775 eciam

331 3866 398 3943 por
411 3838 668 3943 juramentum
688 3865 795 3914 suum
810 3836 915 3943 quod
928 3836 1031 3913 idem
1049 3837 1231 3943 recipiens
1249 3834 1414 3940 precepit
1432 3832 1536 3940 quod
1549 3830 1748 3906 abstineret

333 3994 371 4041 se
387 3967 539 4044 omnino
560 3995 580 4042 a
598 3967 834 4057 mulieribus,
854 3983 892 4043 et
910 3967 940 4043 si
960 3967 1159 4075 indigeret,
1181 3982 1324 4071 poterat
1342 3993 1381 4042 se
1401 3961 1640 4040 commiscere
1662 3986 1746 4035 cum

331 4093 503 4171 fratribus
518 4096 612 4185 suis,
630 4113 666 4172 et
679 4096 752 4173 hoc
766 4096 868 4174 idem
880 4113 1069 4203 pateretur
1083 4096 1130 4173 de
1145 4096 1228 4173 aliis
1239 4092 1426 4171 fratribus.
1442 4091 1688 4197 Interrogatus
1699 4089 1746 4166 de

333 4224 449 4329 capite
464 4222 510 4299 de
525 4253 602 4329 quo
617 4254 726 4333 supra
740 4225 783 4303 lit
796 4226 958 4317 mencio,
969 4227 1062 4303 dixit
1073 4254 1141 4331 per
1150 4227 1404 4333 juramentum
1419 4250 1529 4300 suum
1541 4220 1644 4327 quod
1655 4218 1748 4295 vidit

333 4354 427 4431 illud
445 4382 506 4430 sex
524 4354 663 4431 vicibus
677 4355 716 4431 in
730 4384 793 4433 sex
804 4354 988 4459 capitulis,
1006 4371 1044 4432 et
1057 4354 1231 4433 adoravit.
1248 4352 1462 4460 Requisitus
1475 4380 1544 4459 per
1556 4352 1749 4458 juramen-

333 4502 413 4561 tum
427 4514 536 4561 suum
545 4487 609 4592 qui
622 4485 774 4564 tenebat
781 4483 954 4591 capitula,
970 4485 1060 4564 dixit
1069 4514 1137 4591 per
1144 4486 1519 4594 juramentumsuum
1526 4481 1630 4589 quod
1637 4478 1750 4556 frater

332 4615 376 4693 G.
392 4615 438 4693 de
449 4614 638 4723 Bellojoco
652 4634 742 4693 tunc
753 4615 937 4721 Magister,
955 4634 994 4694 et
1007 4615 1118 4694 frater
1129 4618 1238 4723 Hugo
1256 4616 1304 4692 de
1323 4615 1488 4693 Parando
1506 4610 1746 4719 aliquociens.

332 4747 543 4853 Requisitus
553 4776 620 4853 per
626 4748 880 4854 juramentum
889 4775 998 4825 suurn
1007 4765 1134 4827 utrum
1149 4748 1202 4825 illi
1214 4747 1277 4854 qui
1294 4774 1379 4825 cum
1391 4774 1437 4825 eo
1449 4744 1601 4822 fuerunt
1610 4740 1747 4845 recepti

439 4896 544 4955 rnoclts
561 4914 613 4955 ors
628 4915 800 4957 sensuras.
814 4930 855 4941 -
870 4916 902 4954 u.
1537 4893 1578 4958 60
