<?xml version="1.0" encoding="UTF-8"?>
<!DOCTYPE html PUBLIC "-//W3C//DTD XHTML 1.0 Transitional//EN"
    "http://www.w3.org/TR/xhtml1/DTD/xhtml1-transitional.dtd">
<html xmlns="http://www.w3.org/1999/xhtml" xml:lang="en" lang="en">
 <head>
  <title>
</title>
<meta http-equiv="Content-Type" content="text/html;charset=utf-8" />
  <meta name='ocr-system' content='tesseract 3.04.00' />
  <meta name='ocr-capabilities' content='ocr_page ocr_carea ocr_par ocr_line ocrx_word'/>
</head>
<body>
  <div class='ocr_page' id='page_1' title='image "./procsdestemplie01defegoog/procsdestemplie01defegoog_0183.png"; bbox 0 0 4230 5956; ppageno 0'>
   <div class='ocr_carea' id='block_1_1' title="bbox 679 471 1707 590">
    <p class='ocr_par' dir='ltr' id='par_1_1' title="bbox 679 471 1707 590">
     <span class='ocr_line' id='line_1_1' title="bbox 679 471 1707 590; baseline -0.002 0"><span class='ocrx_word' id='word_1_1' title='bbox 679 471 995 590; x_wconf 71' lang='lat' dir='ltr'><strong>processus</strong></span> <span class='ocrx_word' id='word_1_2' title='bbox 1022 513 1322 587; x_wconf 75' lang='lat' dir='ltr'><strong>rennuens.</strong></span> <span class='ocrx_word' id='word_1_3' title='bbox 1640 517 1707 589; x_wconf 88' lang='lat'><strong>157</strong></span> 
     </span>
    </p>
   </div>
   <div class='ocr_carea' id='block_1_2' title="bbox 280 650 1790 4413">
    <p class='ocr_par' dir='ltr' id='par_1_2' title="bbox 280 650 1790 4413">
     <span class='ocr_line' id='line_1_2' title="bbox 290 650 1711 760; baseline 0.001 -30"><span class='ocrx_word' id='word_1_4' title='bbox 290 657 400 734; x_wconf 88' lang='lat' dir='ltr'><strong>visset</strong></span> <span class='ocrx_word' id='word_1_5' title='bbox 419 656 635 735; x_wconf 88' lang='lat' dir='ltr'><strong>societatem</strong></span> <span class='ocrx_word' id='word_1_6' title='bbox 670 655 814 733; x_wconf 89' lang='lat' dir='ltr'><strong>ordinis</strong></span> <span class='ocrx_word' id='word_1_7' title='bbox 832 672 873 733; x_wconf 89' lang='lat' dir='ltr'><strong>et</strong></span> <span class='ocrx_word' id='word_1_8' title='bbox 891 653 1054 732; x_wconf 89' lang='lat' dir='ltr'><strong>finaliter</strong></span> <span class='ocrx_word' id='word_1_9' title='bbox 1082 655 1115 731; x_wconf 92' lang='lat' dir='ltr'><strong>ei</strong></span> <span class='ocrx_word' id='word_1_10' title='bbox 1152 681 1323 732; x_wconf 89' lang='lat' dir='ltr'><strong>concessa</strong></span> <span class='ocrx_word' id='word_1_11' title='bbox 1351 650 1497 740; x_wconf 88' lang='lat' dir='ltr'><strong>suisset,</strong></span> <span class='ocrx_word' id='word_1_12' title='bbox 1532 654 1711 760; x_wconf 83' lang='lat' dir='ltr'><strong>imposuit</strong></span> 
     </span>
     <span class='ocr_line' id='line_1_3' title="bbox 290 782 1710 893; baseline 0.001 -33"><span class='ocrx_word' id='word_1_13' title='bbox 290 785 412 864; x_wconf 91' lang='lat' dir='ltr'><strong>dictus</strong></span> <span class='ocrx_word' id='word_1_14' title='bbox 431 800 601 891; x_wconf 92' lang='lat' dir='ltr'><strong>receptor</strong></span> <span class='ocrx_word' id='word_1_15' title='bbox 616 785 687 862; x_wconf 83' lang='lat' dir='ltr'>sibi</span> <span class='ocrx_word' id='word_1_16' title='bbox 704 785 945 877; x_wconf 91' lang='lat' dir='ltr'><strong>mantellum,</strong></span> <span class='ocrx_word' id='word_1_17' title='bbox 963 785 1127 892; x_wconf 90' lang='lat' dir='ltr'><strong>quodam</strong></span> <span class='ocrx_word' id='word_1_18' title='bbox 1147 783 1355 891; x_wconf 85' lang='lat' dir='ltr'>presbitero</span> <span class='ocrx_word' id='word_1_19' title='bbox 1375 782 1587 874; x_wconf 82' lang='lat' dir='ltr'><strong>assistente,</strong></span> <span class='ocrx_word' id='word_1_20' title='bbox 1604 788 1710 893; x_wconf 88' lang='lat' dir='ltr'><strong>cujus</strong></span> 
     </span>
     <span class='ocr_line' id='line_1_4' title="bbox 289 914 1710 1024; baseline 0.001 -33"><span class='ocrx_word' id='word_1_21' title='bbox 289 944 429 994; x_wconf 90' lang='lat' dir='ltr'><strong>nomen</strong></span> <span class='ocrx_word' id='word_1_22' title='bbox 451 934 489 995; x_wconf 89' lang='lat' dir='ltr'><strong>et</strong></span> <span class='ocrx_word' id='word_1_23' title='bbox 507 943 715 1023; x_wconf 83' lang='lat' dir='ltr'>cognomen</span> <span class='ocrx_word' id='word_1_24' title='bbox 737 917 900 1024; x_wconf 84' lang='lat' dir='ltr'><strong>ignorat,</strong></span> <span class='ocrx_word' id='word_1_25' title='bbox 922 917 1069 993; x_wconf 86' lang='lat' dir='ltr'><strong>dicente</strong></span> <span class='ocrx_word' id='word_1_26' title='bbox 1095 916 1275 1022; x_wconf 89' lang='lat' dir='ltr'><strong>quasdam</strong></span> <span class='ocrx_word' id='word_1_27' title='bbox 1291 914 1498 1004; x_wconf 85' lang='lat' dir='ltr'><strong>oraciones,</strong></span> <span class='ocrx_word' id='word_1_28' title='bbox 1521 930 1559 991; x_wconf 89' lang='lat' dir='ltr'><strong>et</strong></span> <span class='ocrx_word' id='word_1_29' title='bbox 1578 942 1710 992; x_wconf 90' lang='lat' dir='ltr'><strong>omnes</strong></span> 
     </span>
     <span class='ocr_line' id='line_1_5' title="bbox 289 1044 1708 1125; baseline 0 -3"><span class='ocrx_word' id='word_1_30' title='bbox 289 1063 450 1124; x_wconf 88' lang='lat' dir='ltr'><strong>astantes</strong></span> <span class='ocrx_word' id='word_1_31' title='bbox 469 1044 624 1124; x_wconf 89' lang='lat' dir='ltr'><strong>suerunt</strong></span> <span class='ocrx_word' id='word_1_32' title='bbox 642 1074 730 1125; x_wconf 88' lang='lat' dir='ltr'><strong>eum</strong></span> <span class='ocrx_word' id='word_1_33' title='bbox 752 1047 908 1125; x_wconf 91' lang='lat' dir='ltr'><strong>osculati</strong></span> <span class='ocrx_word' id='word_1_34' title='bbox 935 1048 975 1124; x_wconf 95' lang='lat' dir='ltr'><strong>in</strong></span> <span class='ocrx_word' id='word_1_35' title='bbox 993 1074 1071 1123; x_wconf 90' lang='lat' dir='ltr'><strong>ore.</strong></span> <span class='ocrx_word' id='word_1_36' title='bbox 1098 1047 1344 1124; x_wconf 89' lang='lat' dir='ltr'><strong>Postmodum</strong></span> <span class='ocrx_word' id='word_1_37' title='bbox 1364 1045 1451 1124; x_wconf 85' lang='lat' dir='ltr'><strong>lecit</strong></span> <span class='ocrx_word' id='word_1_38' title='bbox 1470 1072 1558 1122; x_wconf 91' lang='lat' dir='ltr'><strong>cum</strong></span> <span class='ocrx_word' id='word_1_39' title='bbox 1579 1072 1708 1123; x_wconf 89' lang='lat' dir='ltr'><strong>vovere</strong></span> 
     </span>
     <span class='ocr_line' id='line_1_6' title="bbox 291 1175 1708 1286; baseline 0.001 -34"><span class='ocrx_word' id='word_1_40' title='bbox 291 1193 329 1253; x_wconf 88' lang='lat' dir='ltr'><strong>et</strong></span> <span class='ocrx_word' id='word_1_41' title='bbox 350 1179 478 1286; x_wconf 89' lang='lat' dir='ltr'><strong>jurare</strong></span> <span class='ocrx_word' id='word_1_42' title='bbox 497 1176 602 1284; x_wconf 91' lang='lat' dir='ltr'><strong>quod</strong></span> <span class='ocrx_word' id='word_1_43' title='bbox 623 1195 720 1255; x_wconf 87' lang='lat' dir='ltr'><strong>esset</strong></span> <span class='ocrx_word' id='word_1_44' title='bbox 746 1177 928 1256; x_wconf 89' lang='lat' dir='ltr'><strong>obediens</strong></span> <span class='ocrx_word' id='word_1_45' title='bbox 951 1178 1129 1254; x_wconf 92' lang='lat' dir='ltr'><strong>omnibus</strong></span> <span class='ocrx_word' id='word_1_46' title='bbox 1149 1177 1406 1282; x_wconf 89' lang='lat' dir='ltr'><strong>superioribus</strong></span> <span class='ocrx_word' id='word_1_47' title='bbox 1430 1175 1525 1264; x_wconf 89' lang='lat' dir='ltr'><strong>suis,</strong></span> <span class='ocrx_word' id='word_1_48' title='bbox 1549 1193 1585 1253; x_wconf 91' lang='lat' dir='ltr'><strong>et</strong></span> <span class='ocrx_word' id='word_1_49' title='bbox 1604 1177 1708 1283; x_wconf 89' lang='lat' dir='ltr'><strong>quod</strong></span> 
     </span>
     <span class='ocr_line' id='line_1_7' title="bbox 290 1306 1709 1417; baseline 0.003 -37"><span class='ocrx_word' id='word_1_50' title='bbox 290 1324 450 1384; x_wconf 87' lang='lat' dir='ltr'><strong>servaret</strong></span> <span class='ocrx_word' id='word_1_51' title='bbox 480 1307 702 1396; x_wconf 86' lang='lat' dir='ltr'><strong>castitatem,</strong></span> <span class='ocrx_word' id='word_1_52' title='bbox 725 1324 763 1385; x_wconf 96' lang='lat' dir='ltr'><strong>et</strong></span> <span class='ocrx_word' id='word_1_53' title='bbox 780 1309 921 1386; x_wconf 87' lang='lat' dir='ltr'><strong>viveret</strong></span> <span class='ocrx_word' id='word_1_54' title='bbox 940 1308 1021 1387; x_wconf 89' lang='lat' dir='ltr'><strong>sinc</strong></span> <span class='ocrx_word' id='word_1_55' title='bbox 1041 1309 1215 1417; x_wconf 90' lang='lat' dir='ltr'><strong>proprio,</strong></span> <span class='ocrx_word' id='word_1_56' title='bbox 1242 1326 1280 1387; x_wconf 89' lang='lat' dir='ltr'><strong>et</strong></span> <span class='ocrx_word' id='word_1_57' title='bbox 1303 1309 1406 1416; x_wconf 90' lang='lat' dir='ltr'><strong>quod</strong></span> <span class='ocrx_word' id='word_1_58' title='bbox 1432 1336 1508 1386; x_wconf 92' lang='lat' dir='ltr'><strong>non</strong></span> <span class='ocrx_word' id='word_1_59' title='bbox 1528 1306 1709 1384; x_wconf 80' lang='lat' dir='ltr'><strong>revelaret</strong></span> 
     </span>
     <span class='ocr_line' id='line_1_8' title="bbox 289 1437 1708 1548; baseline 0.002 -35"><span class='ocrx_word' id='word_1_60' title='bbox 289 1453 428 1514; x_wconf 89' lang='lat' dir='ltr'><strong>secreta</strong></span> <span class='ocrx_word' id='word_1_61' title='bbox 448 1437 710 1544; x_wconf 90' lang='lat' dir='ltr'><strong>capitulorum.</strong></span> <span class='ocrx_word' id='word_1_62' title='bbox 731 1438 878 1518; x_wconf 86' lang='lat' dir='ltr'><strong>Deinde</strong></span> <span class='ocrx_word' id='word_1_63' title='bbox 899 1439 1065 1548; x_wconf 90' lang='lat' dir='ltr'><strong>precepit</strong></span> <span class='ocrx_word' id='word_1_64' title='bbox 1082 1439 1115 1516; x_wconf 91' lang='lat' dir='ltr'><strong>ei</strong></span> <span class='ocrx_word' id='word_1_65' title='bbox 1137 1441 1261 1517; x_wconf 92' lang='lat' dir='ltr'><strong>dictus</strong></span> <span class='ocrx_word' id='word_1_66' title='bbox 1285 1455 1456 1547; x_wconf 91' lang='lat' dir='ltr'><strong>receptor</strong></span> <span class='ocrx_word' id='word_1_67' title='bbox 1474 1439 1580 1544; x_wconf 92' lang='lat' dir='ltr'><strong>quod</strong></span> <span class='ocrx_word' id='word_1_68' title='bbox 1599 1466 1708 1544; x_wconf 91' lang='lat' dir='ltr'><strong>spue-</strong></span> 
     </span>
     <span class='ocr_line' id='line_1_9' title="bbox 289 1567 1708 1676; baseline 0.003 -33"><span class='ocrx_word' id='word_1_69' title='bbox 289 1585 346 1643; x_wconf 84' lang='lat' dir='ltr'><strong>ret</strong></span> <span class='ocrx_word' id='word_1_70' title='bbox 365 1595 477 1674; x_wconf 91' lang='lat' dir='ltr'><strong>super</strong></span> <span class='ocrx_word' id='word_1_71' title='bbox 504 1567 707 1674; x_wconf 91' lang='lat' dir='ltr'><strong>quamdam</strong></span> <span class='ocrx_word' id='word_1_72' title='bbox 728 1596 877 1647; x_wconf 87' lang='lat' dir='ltr'><strong>crucem</strong></span> <span class='ocrx_word' id='word_1_73' title='bbox 897 1570 938 1644; x_wconf 94' lang='lat' dir='ltr'><strong>in</strong></span> <span class='ocrx_word' id='word_1_74' title='bbox 961 1586 1061 1647; x_wconf 88' lang='lat' dir='ltr'><strong>terra</strong></span> <span class='ocrx_word' id='word_1_75' title='bbox 1081 1570 1258 1675; x_wconf 88' lang='lat' dir='ltr'><strong>positam,</strong></span> <span class='ocrx_word' id='word_1_76' title='bbox 1280 1570 1399 1647; x_wconf 91' lang='lat' dir='ltr'><strong>nescit</strong></span> <span class='ocrx_word' id='word_1_77' title='bbox 1422 1597 1491 1676; x_wconf 92' lang='lat' dir='ltr'><strong>per</strong></span> <span class='ocrx_word' id='word_1_78' title='bbox 1520 1597 1636 1676; x_wconf 91' lang='lat' dir='ltr'><strong>quem</strong></span> <span class='ocrx_word' id='word_1_79' title='bbox 1654 1569 1708 1647; x_wconf 96' lang='lat' dir='ltr'><strong>al-</strong></span> 
     </span>
     <span class='ocr_line' id='line_1_10' title="bbox 289 1696 1708 1807; baseline 0.004 -35"><span class='ocrx_word' id='word_1_80' title='bbox 289 1696 400 1774; x_wconf 90' lang='lat' dir='ltr'><strong>latam</strong></span> <span class='ocrx_word' id='word_1_81' title='bbox 428 1725 498 1776; x_wconf 89' lang='lat' dir='ltr'><strong>nec</strong></span> <span class='ocrx_word' id='word_1_82' title='bbox 524 1698 646 1806; x_wconf 91' lang='lat' dir='ltr'><strong>qualis</strong></span> <span class='ocrx_word' id='word_1_83' title='bbox 666 1716 778 1792; x_wconf 91' lang='lat' dir='ltr'><strong>esset,</strong></span> <span class='ocrx_word' id='word_1_84' title='bbox 799 1701 930 1806; x_wconf 90' lang='lat' dir='ltr'><strong>pocius</strong></span> <span class='ocrx_word' id='word_1_85' title='bbox 957 1717 1084 1778; x_wconf 90' lang='lat' dir='ltr'><strong>tamen</strong></span> <span class='ocrx_word' id='word_1_86' title='bbox 1113 1701 1234 1778; x_wconf 95' lang='lat' dir='ltr'><strong>credit</strong></span> <span class='ocrx_word' id='word_1_87' title='bbox 1260 1700 1365 1807; x_wconf 92' lang='lat' dir='ltr'><strong>quod</strong></span> <span class='ocrx_word' id='word_1_88' title='bbox 1392 1717 1488 1778; x_wconf 90' lang='lat' dir='ltr'><strong>esset</strong></span> <span class='ocrx_word' id='word_1_89' title='bbox 1517 1698 1708 1778; x_wconf 88' lang='lat' dir='ltr'><strong>metallina</strong></span> 
     </span>
     <span class='ocr_line' id='line_1_11' title="bbox 287 1829 1706 1940; baseline 0.002 -36"><span class='ocrx_word' id='word_1_90' title='bbox 287 1855 400 1933; x_wconf 87' lang='lat' dir='ltr'><strong>quam</strong></span> <span class='ocrx_word' id='word_1_91' title='bbox 427 1829 496 1906; x_wconf 89' lang='lat' dir='ltr'><strong>alia</strong></span> <span class='ocrx_word' id='word_1_92' title='bbox 507 1840 520 1921; x_wconf 91' lang='lat'><strong>,&#39;</strong></span> <span class='ocrx_word' id='word_1_93' title='bbox 540 1840 578 1906; x_wconf 87' lang='lat' dir='ltr'><strong>e&#39;t</strong></span> <span class='ocrx_word' id='word_1_94' title='bbox 605 1831 685 1936; x_wconf 89' lang='lat' dir='ltr'><strong>ipse</strong></span> <span class='ocrx_word' id='word_1_95' title='bbox 710 1831 817 1909; x_wconf 86' lang='lat' dir='ltr'><strong>testis</strong></span> <span class='ocrx_word' id='word_1_96' title='bbox 841 1831 943 1940; x_wconf 88' lang='lat' dir='ltr'><strong>spuit</strong></span> <span class='ocrx_word' id='word_1_97' title='bbox 968 1860 1044 1910; x_wconf 92' lang='lat' dir='ltr'><strong>non</strong></span> <span class='ocrx_word' id='word_1_98' title='bbox 1075 1860 1188 1937; x_wconf 91' lang='lat' dir='ltr'><strong>super</strong></span> <span class='ocrx_word' id='word_1_99' title='bbox 1216 1831 1283 1908; x_wconf 91' lang='lat' dir='ltr'><strong>sed</strong></span> <span class='ocrx_word' id='word_1_100' title='bbox 1310 1830 1414 1938; x_wconf 81' lang='lat' dir='ltr'><strong>juxta</strong></span> <span class='ocrx_word' id='word_1_101' title='bbox 1444 1858 1539 1907; x_wconf 89' lang='lat' dir='ltr'><strong>eam.</strong></span> <span class='ocrx_word' id='word_1_102' title='bbox 1559 1830 1706 1907; x_wconf 91' lang='lat' dir='ltr'><strong>Deinde</strong></span> 
     </span>
     <span class='ocr_line' id='line_1_12' title="bbox 288 1959 1706 2068; baseline 0 -33"><span class='ocrx_word' id='word_1_103' title='bbox 288 1959 505 2068; x_wconf 88' lang='lat' dir='ltr'><strong>precepitei</strong></span> <span class='ocrx_word' id='word_1_104' title='bbox 524 1960 648 2038; x_wconf 88' lang='lat' dir='ltr'><strong>dictus</strong></span> <span class='ocrx_word' id='word_1_105' title='bbox 667 1979 841 2067; x_wconf 88' lang='lat' dir='ltr'><strong>receptor</strong></span> <span class='ocrx_word' id='word_1_106' title='bbox 856 1961 963 2068; x_wconf 87' lang='lat' dir='ltr'><strong>quod</strong></span> <span class='ocrx_word' id='word_1_107' title='bbox 982 1961 1213 2039; x_wconf 85' lang='lat' dir='ltr'><strong>oscularetur</strong></span> <span class='ocrx_word' id='word_1_108' title='bbox 1237 1988 1326 2037; x_wconf 92' lang='lat' dir='ltr'><strong>eum</strong></span> <span class='ocrx_word' id='word_1_109' title='bbox 1349 1961 1388 2036; x_wconf 92' lang='lat' dir='ltr'><strong>in</strong></span> <span class='ocrx_word' id='word_1_110' title='bbox 1414 1988 1504 2036; x_wconf 89' lang='lat' dir='ltr'><strong>anca</strong></span> <span class='ocrx_word' id='word_1_111' title='bbox 1528 1961 1568 2036; x_wconf 92' lang='lat' dir='ltr'><strong>in</strong></span> <span class='ocrx_word' id='word_1_112' title='bbox 1597 1988 1706 2037; x_wconf 90' lang='lat' dir='ltr'><strong>carne</strong></span> 
     </span>
     <span class='ocr_line' id='line_1_13' title="bbox 288 2088 1705 2199; baseline 0.003 -35"><span class='ocrx_word' id='word_1_113' title='bbox 288 2088 407 2176; x_wconf 92' lang='lat' dir='ltr'><strong>nuda,</strong></span> <span class='ocrx_word' id='word_1_114' title='bbox 429 2106 467 2166; x_wconf 94' lang='lat' dir='ltr'><strong>et</strong></span> <span class='ocrx_word' id='word_1_115' title='bbox 491 2091 600 2167; x_wconf 86' lang='lat' dir='ltr'><strong>certis</strong></span> <span class='ocrx_word' id='word_1_116' title='bbox 621 2089 826 2168; x_wconf 84' lang='lat' dir='ltr'><strong>astantibus</strong></span> <span class='ocrx_word' id='word_1_117' title='bbox 848 2089 1058 2168; x_wconf 82' lang='lat' dir='ltr'><strong>levantibus</strong></span> <span class='ocrx_word' id='word_1_118' title='bbox 1078 2093 1160 2199; x_wconf 89' lang='lat' dir='ltr'><strong>ejus</strong></span> <span class='ocrx_word' id='word_1_119' title='bbox 1175 2107 1310 2179; x_wconf 85' lang='lat' dir='ltr'><strong>vestes,</strong></span> <span class='ocrx_word' id='word_1_120' title='bbox 1341 2088 1413 2167; x_wconf 83' lang='lat' dir='ltr'><strong>fuit</strong></span> <span class='ocrx_word' id='word_1_121' title='bbox 1431 2090 1471 2165; x_wconf 91' lang='lat' dir='ltr'><strong>in</strong></span> <span class='ocrx_word' id='word_1_122' title='bbox 1494 2090 1592 2167; x_wconf 90' lang='lat' dir='ltr'><strong>dicta</strong></span> <span class='ocrx_word' id='word_1_123' title='bbox 1617 2119 1705 2168; x_wconf 85' lang='lat' dir='ltr'><strong>anca</strong></span> 
     </span>
     <span class='ocr_line' id='line_1_14' title="bbox 289 2218 1706 2328; baseline 0.002 -33"><span class='ocrx_word' id='word_1_124' title='bbox 289 2218 477 2297; x_wconf 89' lang='lat' dir='ltr'><strong>osculatus</strong></span> <span class='ocrx_word' id='word_1_125' title='bbox 495 2220 685 2297; x_wconf 89' lang='lat' dir='ltr'><strong>eumdem.</strong></span> <span class='ocrx_word' id='word_1_126' title='bbox 704 2221 794 2299; x_wconf 81' lang='lat' dir='ltr'><strong>Post</strong></span> <span class='ocrx_word' id='word_1_127' title='bbox 821 2234 896 2328; x_wconf 86' lang='lat' dir='ltr'><strong>que</strong></span> <span class='ocrx_word' id='word_1_128' title='bbox 922 2220 1015 2299; x_wconf 79' lang='lat' dir='ltr'><strong>dixit</strong></span> <span class='ocrx_word' id='word_1_129' title='bbox 1035 2221 1067 2298; x_wconf 91' lang='lat' dir='ltr'><strong>ei</strong></span> <span class='ocrx_word' id='word_1_130' title='bbox 1090 2222 1198 2328; x_wconf 87' lang='lat' dir='ltr'><strong>quod</strong></span> <span class='ocrx_word' id='word_1_131' title='bbox 1209 2236 1355 2327; x_wconf 92' lang='lat' dir='ltr'><strong>poterat</strong></span> <span class='ocrx_word' id='word_1_132' title='bbox 1372 2249 1459 2299; x_wconf 88' lang='lat' dir='ltr'><strong>cum</strong></span> <span class='ocrx_word' id='word_1_133' title='bbox 1483 2219 1565 2298; x_wconf 85' lang='lat' dir='ltr'><strong>aliis</strong></span> <span class='ocrx_word' id='word_1_134' title='bbox 1585 2219 1706 2298; x_wconf 83' lang='lat' dir='ltr'><strong>fratri·</strong></span> 
     </span>
     <span class='ocr_line' id='line_1_15' title="bbox 288 2349 1704 2458; baseline 0.003 -33"><span class='ocrx_word' id='word_1_135' title='bbox 288 2351 359 2426; x_wconf 89' lang='lat' dir='ltr'><strong>bus</strong></span> <span class='ocrx_word' id='word_1_136' title='bbox 379 2349 522 2427; x_wconf 88' lang='lat' dir='ltr'><strong>ordinis</strong></span> <span class='ocrx_word' id='word_1_137' title='bbox 550 2349 746 2427; x_wconf 89' lang='lat' dir='ltr'><strong>carnaliter</strong></span> <span class='ocrx_word' id='word_1_138' title='bbox 769 2351 1003 2430; x_wconf 86' lang='lat' dir='ltr'><strong>commisceri</strong></span> <span class='ocrx_word' id='word_1_139' title='bbox 1031 2351 1160 2458; x_wconf 87' lang='lat' dir='ltr'><strong>stipsi</strong></span> <span class='ocrx_word' id='word_1_140' title='bbox 1185 2380 1272 2429; x_wconf 93' lang='lat' dir='ltr'><strong>cum</strong></span> <span class='ocrx_word' id='word_1_141' title='bbox 1300 2379 1364 2440; x_wconf 73' lang='grc' dir='ltr'><strong>θος</strong></span> <span class='ocrx_word' id='word_1_142' title='bbox 1386 2351 1458 2428; x_wconf 92' lang='lat' dir='ltr'><strong>hoc</strong></span> <span class='ocrx_word' id='word_1_143' title='bbox 1476 2367 1603 2431; x_wconf 87' lang='lat' dir='ltr'><strong>tamen</strong></span> <span class='ocrx_word' id='word_1_144' title='bbox 1628 2380 1704 2429; x_wconf 90' lang='lat' dir='ltr'><strong>non</strong></span> 
     </span>
     <span class='ocr_line' id='line_1_16' title="bbox 287 2479 1703 2590; baseline 0.003 -34"><span class='ocrx_word' id='word_1_145' title='bbox 287 2479 397 2572; x_wconf 87' lang='lat' dir='ltr'><strong>lecit,</strong></span> <span class='ocrx_word' id='word_1_146' title='bbox 427 2508 497 2558; x_wconf 90' lang='lat' dir='ltr'><strong>nec</strong></span> <span class='ocrx_word' id='word_1_147' title='bbox 525 2483 594 2559; x_wconf 89' lang='lat' dir='ltr'><strong>scit</strong></span> <span class='ocrx_word' id='word_1_148' title='bbox 622 2509 692 2559; x_wconf 89' lang='lat' dir='ltr'><strong>nec</strong></span> <span class='ocrx_word' id='word_1_149' title='bbox 710 2480 852 2559; x_wconf 87' lang='lat' dir='ltr'><strong>audivit</strong></span> <span class='ocrx_word' id='word_1_150' title='bbox 872 2482 945 2560; x_wconf 91' lang='lat' dir='ltr'><strong>dici</strong></span> <span class='ocrx_word' id='word_1_151' title='bbox 970 2483 1075 2590; x_wconf 87' lang='lat' dir='ltr'><strong>quod</strong></span> <span class='ocrx_word' id='word_1_152' title='bbox 1104 2480 1301 2560; x_wconf 85' lang='lat' dir='ltr'><strong>inordina</strong></span> <span class='ocrx_word' id='word_1_153' title='bbox 1328 2481 1539 2571; x_wconf 75' lang='lat' dir='ltr'><strong>fieret3nec</strong></span> <span class='ocrx_word' id='word_1_154' title='bbox 1560 2482 1650 2559; x_wconf 84' lang='lat' dir='ltr'><strong>dixit</strong></span> <span class='ocrx_word' id='word_1_155' title='bbox 1670 2487 1703 2560; x_wconf 91' lang='lat' dir='ltr'><strong>ei</strong></span> 
     </span>
     <span class='ocr_line' id='line_1_17' title="bbox 288 2610 1705 2720; baseline 0.004 -34"><span class='ocrx_word' id='word_1_156' title='bbox 288 2611 410 2689; x_wconf 90' lang='lat' dir='ltr'><strong>dictus</strong></span> <span class='ocrx_word' id='word_1_157' title='bbox 430 2628 600 2716; x_wconf 89' lang='lat' dir='ltr'><strong>receptor</strong></span> <span class='ocrx_word' id='word_1_158' title='bbox 624 2610 682 2689; x_wconf 95' lang='lat' dir='ltr'><strong>vel</strong></span> <span class='ocrx_word' id='word_1_159' title='bbox 716 2612 811 2690; x_wconf 88' lang='lat' dir='ltr'><strong>alius</strong></span> <span class='ocrx_word' id='word_1_160' title='bbox 839 2614 941 2720; x_wconf 92' lang='lat' dir='ltr'><strong>quod</strong></span> <span class='ocrx_word' id='word_1_161' title='bbox 969 2614 1138 2720; x_wconf 88' lang='lat' dir='ltr'><strong>predicta</strong></span> <span class='ocrx_word' id='word_1_162' title='bbox 1158 2630 1282 2691; x_wconf 87' lang='lat' dir='ltr'><strong>essent</strong></span> <span class='ocrx_word' id='word_1_163' title='bbox 1312 2614 1360 2690; x_wconf 92' lang='lat' dir='ltr'><strong>de</strong></span> <span class='ocrx_word' id='word_1_164' title='bbox 1380 2613 1532 2719; x_wconf 90' lang='lat' dir='ltr'><strong>punctis</strong></span> <span class='ocrx_word' id='word_1_165' title='bbox 1561 2613 1705 2692; x_wconf 87' lang='lat' dir='ltr'><strong>ordinis</strong></span> 
     </span>
     <span class='ocr_line' id='line_1_18' title="bbox 289 2739 1704 2850; baseline 0.004 -36"><span class='ocrx_word' id='word_1_166' title='bbox 289 2739 346 2815; x_wconf 87' lang='lat' dir='ltr'><strong>vel</strong></span> <span class='ocrx_word' id='word_1_167' title='bbox 366 2742 404 2816; x_wconf 91' lang='lat' dir='ltr'><strong>in</strong></span> <span class='ocrx_word' id='word_1_168' title='bbox 427 2741 561 2818; x_wconf 91' lang='lat' dir='ltr'><strong>ordine</strong></span> <span class='ocrx_word' id='word_1_169' title='bbox 586 2741 668 2819; x_wconf 87' lang='lat' dir='ltr'><strong>fieri</strong></span> <span class='ocrx_word' id='word_1_170' title='bbox 696 2760 884 2822; x_wconf 85' lang='lat' dir='ltr'><strong>consueta.</strong></span> <span class='ocrx_word' id='word_1_171' title='bbox 905 2745 1037 2824; x_wconf 88' lang='lat' dir='ltr'><strong>Credit</strong></span> <span class='ocrx_word' id='word_1_172' title='bbox 1059 2761 1185 2821; x_wconf 87' lang='lat' dir='ltr'><strong>tamen</strong></span> <span class='ocrx_word' id='word_1_173' title='bbox 1207 2743 1313 2850; x_wconf 90' lang='lat' dir='ltr'><strong>qnod</strong></span> <span class='ocrx_word' id='word_1_174' title='bbox 1332 2743 1498 2848; x_wconf 90' lang='lat' dir='ltr'><strong>predicta</strong></span> <span class='ocrx_word' id='word_1_175' title='bbox 1518 2741 1646 2819; x_wconf 92' lang='lat' dir='ltr'><strong>illicita</strong></span> <span class='ocrx_word' id='word_1_176' title='bbox 1667 2762 1704 2820; x_wconf 89' lang='lat' dir='ltr'><strong>et</strong></span> 
     </span>
     <span class='ocr_line' id='line_1_19' title="bbox 288 2871 1703 2980; baseline 0.003 -33"><span class='ocrx_word' id='word_1_177' title='bbox 288 2899 364 2949; x_wconf 92' lang='lat' dir='ltr'><strong>non</strong></span> <span class='ocrx_word' id='word_1_178' title='bbox 385 2871 455 2949; x_wconf 91' lang='lat' dir='ltr'><strong>alia</strong></span> <span class='ocrx_word' id='word_1_179' title='bbox 475 2873 745 2952; x_wconf 79' lang='lat' dir='ltr'><strong>intervenirent</strong></span> <span class='ocrx_word' id='word_1_180' title='bbox 756 2875 1009 2952; x_wconf 88' lang='lat' dir='ltr'><strong>communiter</strong></span> <span class='ocrx_word' id='word_1_181' title='bbox 1029 2875 1068 2952; x_wconf 91' lang='lat' dir='ltr'><strong>in</strong></span> <span class='ocrx_word' id='word_1_182' title='bbox 1084 2872 1369 2980; x_wconf 80' lang='lat' dir='ltr'><strong>recopcionibus</strong></span> <span class='ocrx_word' id='word_1_183' title='bbox 1387 2872 1543 2950; x_wconf 79' lang='lat' dir='ltr'><strong>fratrum</strong></span> <span class='ocrx_word' id='word_1_184' title='bbox 1559 2873 1703 2951; x_wconf 90' lang='lat' dir='ltr'><strong>ordinis</strong></span> 
     </span>
     <span class='ocr_line' id='line_1_20' title="bbox 286 3001 1703 3112; baseline 0.001 -33"><span class='ocrx_word' id='word_1_185' title='bbox 286 3003 342 3080; x_wconf 92' lang='lat' dir='ltr'><strong>vel</strong></span> <span class='ocrx_word' id='word_1_186' title='bbox 371 3022 470 3109; x_wconf 89' lang='lat' dir='ltr'><strong>post,</strong></span> <span class='ocrx_word' id='word_1_187' title='bbox 499 3032 568 3111; x_wconf 92' lang='lat' dir='ltr'><strong>pro</strong></span> <span class='ocrx_word' id='word_1_188' title='bbox 589 3032 635 3083; x_wconf 93' lang='lat' dir='ltr'><strong>eo</strong></span> <span class='ocrx_word' id='word_1_189' title='bbox 663 3006 752 3112; x_wconf 87' lang='lat' dir='ltr'><strong>quia</strong></span> <span class='ocrx_word' id='word_1_190' title='bbox 776 3005 846 3084; x_wconf 92' lang='lat' dir='ltr'><strong>sibi</strong></span> <span class='ocrx_word' id='word_1_191' title='bbox 872 3006 1016 3083; x_wconf 88' lang='lat' dir='ltr'><strong>dictum</strong></span> <span class='ocrx_word' id='word_1_192' title='bbox 1045 3019 1084 3083; x_wconf 91' lang='lat' dir='ltr'><strong>et</strong></span> <span class='ocrx_word' id='word_1_193' title='bbox 1101 3021 1319 3112; x_wconf 86' lang='lat' dir='ltr'><strong>preceptum</strong></span> <span class='ocrx_word' id='word_1_194' title='bbox 1347 3002 1419 3080; x_wconf 83' lang='lat' dir='ltr'><strong>fuit</strong></span> <span class='ocrx_word' id='word_1_195' title='bbox 1444 3003 1548 3109; x_wconf 93' lang='lat' dir='ltr'><strong>quod</strong></span> <span class='ocrx_word' id='word_1_196' title='bbox 1568 3001 1703 3082; x_wconf 87' lang='lat' dir='ltr'><strong>laceret</strong></span> 
     </span>
     <span class='ocr_line' id='line_1_21' title="bbox 286 3133 1703 3243; baseline 0.001 -33"><span class='ocrx_word' id='word_1_197' title='bbox 286 3135 512 3240; x_wconf 89' lang='lat' dir='ltr'><strong>supradicta,</strong></span> <span class='ocrx_word' id='word_1_198' title='bbox 536 3152 574 3212; x_wconf 89' lang='lat' dir='ltr'><strong>et</strong></span> <span class='ocrx_word' id='word_1_199' title='bbox 602 3135 691 3241; x_wconf 87' lang='lat' dir='ltr'><strong>quia</strong></span> <span class='ocrx_word' id='word_1_200' title='bbox 709 3135 811 3213; x_wconf 83' lang='lat' dir='ltr'><strong>vidit</strong></span> <span class='ocrx_word' id='word_1_201' title='bbox 839 3153 878 3213; x_wconf 91' lang='lat' dir='ltr'><strong>et</strong></span> <span class='ocrx_word' id='word_1_202' title='bbox 909 3134 1050 3213; x_wconf 91' lang='lat' dir='ltr'><strong>audivit</strong></span> <span class='ocrx_word' id='word_1_203' title='bbox 1078 3135 1184 3242; x_wconf 88' lang='lat' dir='ltr'><strong>quod</strong></span> <span class='ocrx_word' id='word_1_204' title='bbox 1207 3137 1489 3213; x_wconf 89' lang='lat' dir='ltr'><strong>intervenerunt</strong></span> <span class='ocrx_word' id='word_1_205' title='bbox 1514 3133 1554 3211; x_wconf 94' lang='lat' dir='ltr'><strong>in</strong></span> <span class='ocrx_word' id='word_1_206' title='bbox 1573 3163 1703 3243; x_wconf 89' lang='lat' dir='ltr'><strong>recep·</strong></span> 
     </span>
     <span class='ocr_line' id='line_1_22' title="bbox 285 3261 1701 3376; baseline 0.002 -37"><span class='ocrx_word' id='word_1_207' title='bbox 285 3264 392 3341; x_wconf 89' lang='lat' dir='ltr'><strong>ciona</strong></span> <span class='ocrx_word' id='word_1_208' title='bbox 418 3261 539 3341; x_wconf 82' lang='lat' dir='ltr'><strong>fratris</strong></span> <span class='ocrx_word' id='word_1_209' title='bbox 558 3264 718 3342; x_wconf 92' lang='lat' dir='ltr'><strong>Dcodati</strong></span> <span class='ocrx_word' id='word_1_210' title='bbox 733 3267 901 3376; x_wconf 81' lang='lat' dir='ltr'><strong>Hugonis</strong></span> <span class='ocrx_word' id='word_1_211' title='bbox 921 3267 1176 3344; x_wconf 82' lang='lat' dir='ltr'><strong>Ruthenensis</strong></span> <span class='ocrx_word' id='word_1_212' title='bbox 1195 3266 1373 3355; x_wconf 90' lang='lat' dir='ltr'><strong>diocesis,</strong></span> <span class='ocrx_word' id='word_1_213' title='bbox 1405 3265 1612 3358; x_wconf 89' lang='lat' dir='ltr'><strong>servientis,</strong></span> <span class='ocrx_word' id='word_1_214' title='bbox 1636 3268 1701 3374; x_wconf 90' lang='lat' dir='ltr'><strong>qui</strong></span> 
     </span>
     <span class='ocr_line' id='line_1_23' title="bbox 284 3394 1702 3504; baseline 0.002 -35"><span class='ocrx_word' id='word_1_215' title='bbox 284 3394 415 3504; x_wconf 83' lang='lat' dir='ltr'><strong>allugit</strong></span> <span class='ocrx_word' id='word_1_216' title='bbox 434 3396 473 3471; x_wconf 91' lang='lat' dir='ltr'><strong>in</strong></span> <span class='ocrx_word' id='word_1_217' title='bbox 503 3396 678 3503; x_wconf 88' lang='lat' dir='ltr'><strong>capcione</strong></span> <span class='ocrx_word' id='word_1_218' title='bbox 708 3396 886 3490; x_wconf 89' lang='lat' dir='ltr'><strong>aliorum,</strong></span> <span class='ocrx_word' id='word_1_219' title='bbox 921 3414 958 3475; x_wconf 91' lang='lat' dir='ltr'><strong>et</strong></span> <span class='ocrx_word' id='word_1_220' title='bbox 986 3395 1107 3476; x_wconf 81' lang='lat' dir='ltr'><strong>luerat</strong></span> <span class='ocrx_word' id='word_1_221' title='bbox 1134 3414 1307 3504; x_wconf 90' lang='lat' dir='ltr'><strong>receptus</strong></span> <span class='ocrx_word' id='word_1_222' title='bbox 1333 3396 1373 3473; x_wconf 92' lang='lat' dir='ltr'><strong>in</strong></span> <span class='ocrx_word' id='word_1_223' title='bbox 1398 3394 1539 3501; x_wconf 90' lang='lat' dir='ltr'><strong>capella</strong></span> <span class='ocrx_word' id='word_1_224' title='bbox 1567 3397 1702 3474; x_wconf 91' lang='lat' dir='ltr'><strong>domus</strong></span> 
     </span>
     <span class='ocr_line' id='line_1_24' title="bbox 284 3525 1701 3633; baseline 0.001 -32"><span class='ocrx_word' id='word_1_225' title='bbox 284 3525 434 3632; x_wconf 86' lang='lat' dir='ltr'><strong>Templi</strong></span> <span class='ocrx_word' id='word_1_226' title='bbox 457 3526 503 3604; x_wconf 91' lang='lat' dir='ltr'><strong>de</strong></span> <span class='ocrx_word' id='word_1_227' title='bbox 524 3526 678 3633; x_wconf 88' lang='lat' dir='ltr'><strong>Spelieu</strong></span> <span class='ocrx_word' id='word_1_228' title='bbox 704 3527 801 3605; x_wconf 88' lang='lat' dir='ltr'><strong>dicte</strong></span> <span class='ocrx_word' id='word_1_229' title='bbox 829 3527 1004 3616; x_wconf 88' lang='lat' dir='ltr'><strong>diocesis,</strong></span> <span class='ocrx_word' id='word_1_230' title='bbox 1032 3544 1121 3605; x_wconf 90' lang='lat' dir='ltr'><strong>sunt</strong></span> <span class='ocrx_word' id='word_1_231' title='bbox 1142 3527 1289 3605; x_wconf 87' lang='lat' dir='ltr'><strong>circiter</strong></span> <span class='ocrx_word' id='word_1_232' title='bbox 1308 3542 1393 3605; x_wconf 93' lang='lat' dir='ltr'><strong>octo</strong></span> <span class='ocrx_word' id='word_1_233' title='bbox 1414 3526 1523 3617; x_wconf 92' lang='lat' dir='ltr'><strong>anni,</strong></span> <span class='ocrx_word' id='word_1_234' title='bbox 1544 3554 1612 3632; x_wconf 91' lang='lat' dir='ltr'><strong>per</strong></span> <span class='ocrx_word' id='word_1_235' title='bbox 1630 3525 1701 3602; x_wconf 87' lang='lat' dir='ltr'><strong>sra-</strong></span> 
     </span>
     <span class='ocr_line' id='line_1_25' title="bbox 281 3656 1790 3766; baseline 0 -34"><span class='ocrx_word' id='word_1_236' title='bbox 281 3674 378 3734; x_wconf 89' lang='lat' dir='ltr'><strong>trem</strong></span> <span class='ocrx_word' id='word_1_237' title='bbox 402 3656 615 3766; x_wconf 85' lang='lat' dir='ltr'><strong>Guigonem</strong></span> <span class='ocrx_word' id='word_1_238' title='bbox 638 3658 813 3737; x_wconf 81' lang='lat' dir='ltr'><strong>Ademari</strong></span> <span class='ocrx_word' id='word_1_239' title='bbox 838 3658 1000 3736; x_wconf 89' lang='lat' dir='ltr'><strong>militem</strong></span> <span class='ocrx_word' id='word_1_240' title='bbox 1021 3660 1230 3765; x_wconf 92' lang='lat' dir='ltr'><strong>quondam,</strong></span> <span class='ocrx_word' id='word_1_241' title='bbox 1257 3657 1484 3735; x_wconf 88' lang='lat' dir='ltr'><strong>visitatorem</strong></span> <span class='ocrx_word' id='word_1_242' title='bbox 1509 3674 1599 3732; x_wconf 90' lang='lat' dir='ltr'><strong>tunc</strong></span> <span class='ocrx_word' id='word_1_243' title='bbox 1619 3657 1702 3732; x_wconf 78' lang='lat' dir='ltr'><strong>Pro</strong></span> <span class='ocrx_word' id='word_1_244' title='bbox 1780 3708 1790 3720; x_wconf 53' lang='grc' dir='ltr'>ι</span> 
     </span>
     <span class='ocr_line' id='line_1_26' title="bbox 281 3785 1699 3894; baseline 0 -33"><span class='ocrx_word' id='word_1_245' title='bbox 281 3788 417 3878; x_wconf 81' lang='lat' dir='ltr'><strong>vincis,</strong></span> <span class='ocrx_word' id='word_1_246' title='bbox 443 3788 683 3894; x_wconf 88' lang='lat' dir='ltr'><strong>presentibus</strong></span> <span class='ocrx_word' id='word_1_247' title='bbox 710 3787 888 3881; x_wconf 81' lang='lat' dir='ltr'><strong>fratribus</strong></span> <span class='ocrx_word' id='word_1_248' title='bbox 907 3788 1030 3867; x_wconf 86' lang='lat' dir='ltr'><strong>tribus</strong></span> <span class='ocrx_word' id='word_1_249' title='bbox 1049 3788 1108 3866; x_wconf 91' lang='lat' dir='ltr'><strong>vel</strong></span> <span class='ocrx_word' id='word_1_250' title='bbox 1128 3803 1209 3865; x_wconf 77' lang='lat'>11110‘</span> <span class='ocrx_word' id='word_1_251' title='bbox 1225 3785 1440 3874; x_wconf 79' lang='lat' dir='ltr'><strong>deffunctis,</strong></span> <span class='ocrx_word' id='word_1_252' title='bbox 1461 3786 1514 3862; x_wconf 83' lang='lat' dir='ltr'><strong>¹de</strong></span> <span class='ocrx_word' id='word_1_253' title='bbox 1537 3812 1699 3890; x_wconf 91' lang='lat' dir='ltr'><strong>quorum</strong></span> 
     </span>
     <span class='ocr_line' id='line_1_27' title="bbox 281 3913 1701 4025; baseline -0.003 -32"><span class='ocrx_word' id='word_1_254' title='bbox 281 3919 499 3998; x_wconf 89' lang='lat' dir='ltr'><strong>nominibus</strong></span> <span class='ocrx_word' id='word_1_255' title='bbox 520 3948 597 3998; x_wconf 91' lang='lat' dir='ltr'><strong>non</strong></span> <span class='ocrx_word' id='word_1_256' title='bbox 617 3919 766 4010; x_wconf 89' lang='lat' dir='ltr'><strong>recolit,</strong></span> <span class='ocrx_word' id='word_1_257' title='bbox 784 3920 887 3997; x_wconf 79' lang='lat' dir='ltr'><strong>&#39;inter</strong></span> <span class='ocrx_word' id='word_1_258' title='bbox 906 3947 1002 4025; x_wconf 86' lang='lat' dir='ltr'><strong>quos</strong></span> <span class='ocrx_word' id='word_1_259' title='bbox 1031 3917 1103 3997; x_wconf 87' lang='lat' dir='ltr'><strong>luit</strong></span> <span class='ocrx_word' id='word_1_260' title='bbox 1121 3919 1276 4025; x_wconf 90' lang='lat' dir='ltr'><strong>quidam</strong></span> <span class='ocrx_word' id='word_1_261' title='bbox 1310 3916 1418 3994; x_wconf 89' lang='lat' dir='ltr'><strong>miles</strong></span> <span class='ocrx_word' id='word_1_262' title='bbox 1444 3943 1560 4021; x_wconf 88' lang='lat' dir='ltr'><strong>nepos</strong></span> <span class='ocrx_word' id='word_1_263' title='bbox 1580 3913 1701 3991; x_wconf 89' lang='lat' dir='ltr'><strong>fratris</strong></span> 
     </span>
     <span class='ocr_line' id='line_1_28' title="bbox 281 4044 1700 4157; baseline -0.002 -34"><span class='ocrx_word' id='word_1_264' title='bbox 281 4046 525 4126; x_wconf 68' lang='lat' dir='ltr'><strong>ademunde</strong></span> <span class='ocrx_word' id='word_1_265' title='bbox 553 4050 736 4157; x_wconf 82' lang='lat' dir='ltr'><strong>Peyrucza</strong></span> <span class='ocrx_word' id='word_1_266' title='bbox 762 4049 860 4127; x_wconf 91' lang='lat' dir='ltr'><strong>dicte</strong></span> <span class='ocrx_word' id='word_1_267' title='bbox 885 4049 1055 4127; x_wconf 86' lang='lat' dir='ltr'><strong>diocesis.</strong></span> <span class='ocrx_word' id='word_1_268' title='bbox 1092 4049 1203 4137; x_wconf 90' lang='lat' dir='ltr'><strong>Item,</strong></span> <span class='ocrx_word' id='word_1_269' title='bbox 1233 4047 1323 4124; x_wconf 86' lang='lat' dir='ltr'><strong>dixit</strong></span> <span class='ocrx_word' id='word_1_270' title='bbox 1355 4073 1394 4123; x_wconf 89' lang='lat' dir='ltr'><strong>se</strong></span> <span class='ocrx_word' id='word_1_271' title='bbox 1424 4044 1576 4123; x_wconf 89' lang='lat' dir='ltr'><strong>credere</strong></span> <span class='ocrx_word' id='word_1_272' title='bbox 1595 4045 1700 4151; x_wconf 92' lang='lat' dir='ltr'><strong>quod</strong></span> 
     </span>
     <span class='ocr_line' id='line_1_29' title="bbox 280 4173 1701 4283; baseline 0.002 -33"><span class='ocrx_word' id='word_1_273' title='bbox 280 4173 412 4254; x_wconf 81' lang='lat' dir='ltr'><strong>fratres</strong></span> <span class='ocrx_word' id='word_1_274' title='bbox 448 4179 592 4257; x_wconf 85' lang='lat' dir='ltr'><strong>ordinis</strong></span> <span class='ocrx_word' id='word_1_275' title='bbox 617 4179 718 4256; x_wconf 88' lang='lat' dir='ltr'><strong>bene</strong></span> <span class='ocrx_word' id='word_1_276' title='bbox 752 4179 950 4257; x_wconf 85' lang='lat' dir='ltr'><strong>crederent</strong></span> <span class='ocrx_word' id='word_1_277' title='bbox 986 4177 1242 4255; x_wconf 88' lang='lat' dir='ltr'><strong>ecclesiasticis</strong></span> <span class='ocrx_word' id='word_1_278' title='bbox 1272 4173 1531 4267; x_wconf 88' lang='lat' dir='ltr'><strong>sacramentis,</strong></span> <span class='ocrx_word' id='word_1_279' title='bbox 1562 4176 1701 4283; x_wconf 91' lang='lat' dir='ltr'><strong>quibus</strong></span> 
     </span>
     <span class='ocr_line' id='line_1_30' title="bbox 280 4304 1700 4413; baseline 0.002 -33"><span class='ocrx_word' id='word_1_280' title='bbox 280 4305 360 4412; x_wconf 93' lang='lat' dir='ltr'><strong>ipse</strong></span> <span class='ocrx_word' id='word_1_281' title='bbox 381 4306 577 4394; x_wconf 87' lang='lat' dir='ltr'><strong>credebat,</strong></span> <span class='ocrx_word' id='word_1_282' title='bbox 599 4324 637 4385; x_wconf 88' lang='lat' dir='ltr'><strong>et</strong></span> <span class='ocrx_word' id='word_1_283' title='bbox 656 4308 760 4413; x_wconf 92' lang='lat' dir='ltr'><strong>quod</strong></span> <span class='ocrx_word' id='word_1_284' title='bbox 785 4334 917 4385; x_wconf 88' lang='lat' dir='ltr'><strong>eorum</strong></span> <span class='ocrx_word' id='word_1_285' title='bbox 939 4308 1149 4384; x_wconf 82' lang='lat' dir='ltr'><strong>sacerdotes</strong></span> <span class='ocrx_word' id='word_1_286' title='bbox 1176 4304 1304 4382; x_wconf 92' lang='lat' dir='ltr'><strong>debite</strong></span> <span class='ocrx_word' id='word_1_287' title='bbox 1325 4304 1569 4384; x_wconf 88' lang='lat' dir='ltr'><strong>celebrarent.</strong></span> <span class='ocrx_word' id='word_1_288' title='bbox 1593 4308 1700 4383; x_wconf 89' lang='lat' dir='ltr'><strong>lura-</strong></span> 
     </span>
    </p>
   </div>
   <div class='ocr_carea' id='block_1_3' title="bbox 145 4431 1700 4545">
    <p class='ocr_par' dir='ltr' id='par_1_3' title="bbox 145 4431 1700 4545">
     <span class='ocr_line' id='line_1_31' title="bbox 145 4431 1700 4545; baseline 0.001 -31"><span class='ocrx_word' id='word_1_289' title='bbox 145 4431 148 4436; x_wconf 62' lang='grc'>’</span> <span class='ocrx_word' id='word_1_290' title='bbox 279 4437 372 4514; x_wconf 90' lang='lat' dir='ltr'><strong>bant</strong></span> <span class='ocrx_word' id='word_1_291' title='bbox 404 4438 578 4515; x_wconf 90' lang='lat' dir='ltr'><strong>ordinem</strong></span> <span class='ocrx_word' id='word_1_292' title='bbox 608 4465 685 4515; x_wconf 91' lang='lat' dir='ltr'><strong>non</strong></span> <span class='ocrx_word' id='word_1_293' title='bbox 717 4437 828 4515; x_wconf 76' lang='lat' dir='ltr'><strong>exire.</strong></span> <span class='ocrx_word' id='word_1_294' title='bbox 862 4436 997 4514; x_wconf 81' lang='lat' dir='ltr'><strong>Statim</strong></span> <span class='ocrx_word' id='word_1_295' title='bbox 1030 4465 1099 4545; x_wconf 93' lang='lat' dir='ltr'><strong>pro</strong></span> <span class='ocrx_word' id='word_1_296' title='bbox 1134 4435 1310 4545; x_wconf 81' lang='lat' dir='ltr'><strong>professis</strong></span> <span class='ocrx_word' id='word_1_297' title='bbox 1336 4436 1584 4527; x_wconf 89' lang='lat' dir='ltr'><strong>habebantur,</strong></span> <span class='ocrx_word' id='word_1_298' title='bbox 1615 4465 1700 4543; x_wconf 90' lang='lat' dir='ltr'><strong>pro-</strong></span> 
     </span>
    </p>
   </div>
   <div class='ocr_carea' id='block_1_4' title="bbox 279 4567 1699 4938">
    <p class='ocr_par' dir='ltr' id='par_1_4' title="bbox 279 4567 1699 4938">
     <span class='ocr_line' id='line_1_32' title="bbox 279 4567 1699 4676; baseline -0.001 -30"><span class='ocrx_word' id='word_1_299' title='bbox 279 4585 362 4676; x_wconf 92' lang='lat' dir='ltr'><strong>pter</strong></span> <span class='ocrx_word' id='word_1_300' title='bbox 381 4568 486 4676; x_wconf 92' lang='lat' dir='ltr'><strong>quod</strong></span> <span class='ocrx_word' id='word_1_301' title='bbox 510 4568 598 4646; x_wconf 86' lang='lat' dir='ltr'><strong>lecit</strong></span> <span class='ocrx_word' id='word_1_302' title='bbox 625 4569 723 4647; x_wconf 91' lang='lat' dir='ltr'><strong>dicta</strong></span> <span class='ocrx_word' id='word_1_303' title='bbox 752 4567 881 4647; x_wconf 91' lang='lat' dir='ltr'><strong>illicita</strong></span> <span class='ocrx_word' id='word_1_304' title='bbox 911 4569 1008 4647; x_wconf 87' lang='lat' dir='ltr'><strong>sicut</strong></span> <span class='ocrx_word' id='word_1_305' title='bbox 1036 4567 1147 4657; x_wconf 80' lang='lat' dir='ltr'><strong>dixit,</strong></span> <span class='ocrx_word' id='word_1_306' title='bbox 1182 4568 1271 4676; x_wconf 91' lang='lat' dir='ltr'><strong>quia</strong></span> <span class='ocrx_word' id='word_1_307' title='bbox 1303 4567 1412 4646; x_wconf 88' lang='lat' dir='ltr'><strong>aliter</strong></span> <span class='ocrx_word' id='word_1_308' title='bbox 1444 4595 1523 4645; x_wconf 87' lang='lat' dir='ltr'><strong>nou</strong></span> <span class='ocrx_word' id='word_1_309' title='bbox 1553 4567 1699 4647; x_wconf 86' lang='lat' dir='ltr'><strong>lecisset</strong></span> 
     </span>
     <span class='ocr_line' id='line_1_33' title="bbox 280 4697 1697 4807; baseline 0.001 -34"><span class='ocrx_word' id='word_1_310' title='bbox 280 4698 457 4802; x_wconf 84' lang='lat' dir='ltr'><strong>predicta.</strong></span> <span class='ocrx_word' id='word_1_311' title='bbox 487 4698 729 4777; x_wconf 88' lang='lat' dir='ltr'><strong>Clandestine</strong></span> <span class='ocrx_word' id='word_1_312' title='bbox 758 4697 1047 4807; x_wconf 89' lang='lat' dir='ltr'><strong>recipiebantur,</strong></span> <span class='ocrx_word' id='word_1_313' title='bbox 1076 4697 1192 4776; x_wconf 90' lang='lat' dir='ltr'><strong>nullis</strong></span> <span class='ocrx_word' id='word_1_314' title='bbox 1219 4698 1458 4805; x_wconf 90' lang='lat' dir='ltr'><strong>presentibus</strong></span> <span class='ocrx_word' id='word_1_315' title='bbox 1485 4698 1558 4776; x_wconf 91' lang='lat' dir='ltr'><strong>nisi</strong></span> <span class='ocrx_word' id='word_1_316' title='bbox 1578 4726 1697 4778; x_wconf 89' lang='lat' dir='ltr'><strong>sacer-</strong></span> 
     </span>
     <span class='ocr_line' id='line_1_34' title="bbox 280 4827 1696 4938; baseline 0.003 -34"><span class='ocrx_word' id='word_1_317' title='bbox 280 4827 434 4905; x_wconf 91' lang='lat' dir='ltr'><strong>dotibus</strong></span> <span class='ocrx_word' id='word_1_318' title='bbox 463 4829 625 4919; x_wconf 87' lang='lat' dir='ltr'><strong>ordinis,</strong></span> <span class='ocrx_word' id='word_1_319' title='bbox 658 4856 704 4905; x_wconf 85' lang='lat' dir='ltr'><strong>ex</strong></span> <span class='ocrx_word' id='word_1_320' title='bbox 733 4856 812 4936; x_wconf 87' lang='lat' dir='ltr'><strong>quo</strong></span> <span class='ocrx_word' id='word_1_321' title='bbox 846 4829 966 4909; x_wconf 88' lang='lat' dir='ltr'><strong>credit</strong></span> <span class='ocrx_word' id='word_1_322' title='bbox 992 4828 1097 4938; x_wconf 90' lang='lat' dir='ltr'><strong>quod</strong></span> <span class='ocrx_word' id='word_1_323' title='bbox 1133 4845 1231 4908; x_wconf 87' lang='lat' dir='ltr'><strong>esset</strong></span> <span class='ocrx_word' id='word_1_324' title='bbox 1262 4829 1423 4937; x_wconf 88' lang='lat' dir='ltr'><strong>suspicio</strong></span> <span class='ocrx_word' id='word_1_325' title='bbox 1457 4847 1584 4908; x_wconf 85' lang='lat' dir='ltr'><strong>contra</strong></span> <span class='ocrx_word' id='word_1_326' title='bbox 1620 4858 1696 4908; x_wconf 88' lang='lat' dir='ltr'><strong>eos.</strong></span> 
     </span>
    </p>
   </div>
   <div class='ocr_carea' id='block_1_5' title="bbox 0 0 2120 5956">
    <p class='ocr_par' dir='ltr' id='par_1_5' title="bbox 0 0 2120 5956">
     <span class='ocr_line' id='line_1_35' title="bbox 0 0 2120 5956; baseline 0 4"><span class='ocrx_word' id='word_1_327' title='bbox 0 0 2120 5956; x_wconf 95' lang='lat' dir='ltr'><strong> </strong></span> 
     </span>
    </p>
   </div>
  </div>
 </body>
</html>
