4230 5956
665 480 859 573 esoces
885 501 980 572 oss
1006 500 1306 571 rsvrsrsas.
1623 509 1685 576 171

281 670 348 746 pro
378 640 529 716 veritate
553 638 731 725 dicenda3
755 639 816 716 cui
842 637 913 715 suit
936 639 1145 746 injunctum
1166 638 1269 743 quod
1296 665 1371 714 non
1394 639 1573 717 revelaret
1599 644 1694 719 banc

279 799 384 847 suam
406 768 704 874 deposicionem,
726 795 924 874 quousque
941 768 1201 845 attestaciones
1218 767 1359 845 suerint
1372 767 1572 872 publicato.

337 1031 465 1105 Frater
486 1028 728 1107 Audebartus
751 1028 800 1107 de
821 1029 929 1104 Porta
959 1028 1137 1116 serviens,
1168 1044 1364 1134 preceptor
1396 1027 1531 1105 domus
1549 1027 1697 1132 Templi

282 1162 329 1237 de
359 1160 486 1237 Ausou
513 1158 734 1236 Pictsvensis
759 1159 937 1245 diocesis,
962 1158 1066 1234 testis
1095 1186 1207 1263 supra
1229 1159 1388 1264 juratus,
1417 1159 1695 1266 quinquagena·

282 1290 362 1366 rius
379 1289 435 1365 vel
458 1289 568 1375 circa,
591 1316 667 1366 non
688 1287 874 1365 defferens
892 1287 1115 1364 mantellum
1142 1287 1300 1375 ordinis,
1322 1289 1410 1394 quia
1436 1288 1558 1393 ipsum
1587 1287 1698 1364 dimi-

283 1435 380 1497 serat
401 1436 486 1523 post
510 1418 712 1496 concilium
745 1419 981 1506 senonense,
1002 1436 1040 1497 et
1067 1417 1146 1493 radi
1174 1417 1309 1495 lecerat
1328 1419 1398 1496 sibi
1419 1416 1589 1503 barbam,
1613 1444 1699 1493 cum

283 1576 360 1655 quo
396 1548 619 1654 inquisitum
654 1547 793 1638 suerat,
827 1547 1020 1625 absolutus
1051 1563 1088 1623 et
1119 1546 1378 1624 reconciliatus
1403 1576 1471 1652 per
1505 1545 1700 1623 officialem

284 1678 553 1767 Pictavensem‚
575 1677 846 1782 protestacione
873 1678 1051 1782 premissa
1079 1677 1183 1782 quod
1209 1705 1284 1753 non
1305 1677 1465 1753 intendit
1487 1674 1699 1752 recederes

284 1807 523 1912 deposicione
544 1835 610 1915 per
635 1832 724 1884 eum
745 1805 838 1885 sacta
858 1834 981 1884 coram
1008 1806 1107 1883 dicto
1132 1805 1297 1892 officiali,
1319 1805 1423 1881 lectis
1443 1822 1480 1881 et
1499 1785 1700 1908 diligenter

284 1936 460 2040 expositis
484 1934 555 2011 sibi
584 1934 762 2013 omnibus
788 1953 827 2012 et
855 1935 1010 2040 singulis
1040 1934 1218 2022 articulis,
1247 1933 1442 2038 respondit
1472 1960 1511 2008 se
1536 1931 1695 2020 nescire,

285 2091 355 2140 nec
371 2063 540 2150 credere,
568 2090 637 2139 nec
661 2062 845 2139 audivisse
866 2062 939 2139 dici
961 2062 1009 2139 de
1029 2063 1213 2139 contentis
1230 2063 1269 2136 in
1289 2062 1342 2137 eis
1359 2061 1430 2136 nisi
1449 2062 1553 2164 quod
1573 2061 1698 2165 sequi·

285 2209 360 2268 tur.
377 2191 479 2269 Dixit
498 2191 598 2266 enim
619 2217 659 2267 se
676 2189 791 2267 luisse
810 2207 1022 2295 receptum,
1043 2190 1083 2266 in
1104 2190 1253 2267 instanti
1273 2190 1411 2295 vigillis
1430 2189 1567 2267 Pascha
1588 2207 1699 2266 erunt

287 2321 434 2399 circiter
456 2320 608 2426 triginta
637 2319 805 2424 quinque
829 2319 932 2408 anni,
953 2320 993 2394 in
1013 2317 1152 2424 capella
1176 2319 1311 2395 domus
1330 2318 1478 2424 Templi
1508 2319 1554 2394 de
1582 2320 1698 2396 Dom-

286 2450 390 2555 puho
410 2448 657 2525 Xantoneusis
683 2447 858 2534 diocesis,
880 2474 949 2552 per
972 2445 1123 2525 fratrem
1144 2447 1320 2525 Odonem
1348 2446 1507 2524 Borrelli
1536 2447 1696 2525 militem

286 2580 492 2686 quondam,
510 2576 746 2684 presentibus
763 2575 940 2653 fratribus
956 2577 1124 2653 lohanne
1137 2579 1316 2654 Bormant
1328 2577 1526 2667 serviente,
1544 2577 1698 2655 detento

287 2707 387 2813 apud
414 2707 557 2785 Loches
583 2703 815 2783 Turonensis
840 2704 1017 2793 diocesis,
1039 2707 1207 2781 lohanne
1236 2707 1311 2781 deu
1341 2706 1410 2781 Sac
1437 2723 1475 2781 et
1493 2705 1699 2784 Guillelmo

288 2836 430 2914 Bocuni
460 2835 723 2922 servientibus,
755 2833 973 2924 dsffimctis,
997 2834 1036 2909 in
1064 2833 1165 2910 hunc
1189 2833 1348 2910 modum
1372 2863 1381 2906 ε
1405 2861 1491 2907 narn
1518 2862 1605 2910 cum
1635 2862 1699 2940 pe·

288 2965 411 3041 ciisset
428 2992 565 3070 panem
583 2981 622 3040 et
641 2992 776 3069 aquam
791 2980 830 3041 et
856 2964 1068 3040 societatem
1090 2963 1248 3053 ordinis,
1273 2979 1310 3038 et
1330 2962 1363 3037 ei
1385 2963 1625 3040 concessisset
1641 2993 1701 3041 re·

288 3111 425 3199 ceptor,
447 3095 534 3201 quia
554 3093 710 3171 dederat
724 3093 845 3169 ordini
866 3094 998 3169 decem
1022 3093 1134 3169 libras
1154 3091 1399 3180 reddituales,
1422 3092 1578 3169 credens
1597 3095 1701 3200 quod

289 3225 395 3302 aliter
417 3250 493 3302 non
512 3220 713 3329 recepisset
730 3222 911 3308 eundem,
934 3239 972 3300 et
990 3221 1136 3299 lecisset
1152 3250 1242 3298 eum
1266 3249 1396 3298 vovere
1417 3238 1464 3297 ·et
1486 3222 1614 3328 jurare
1644 3252 1701 3300 ca·

292 3355 475 3442 stitatem,
498 3352 777 3441 obedienciam,
803 3369 840 3429 et
868 3352 989 3429 vivere
1025 3353 1105 3428 sine
1134 3351 1303 3457 proprio,
1335 3367 1374 3427 et
1405 3352 1509 3456 quod
1541 3370 1703 3430 servaret

288 3481 414 3561 bonos
429 3511 520 3559 usus
537 3500 576 3559 et
593 3483 712 3562 bonas
733 3482 1025 3560 consuetudines
1047 3482 1207 3568 ordinis,
1238 3497 1275 3557 et
1299 3481 1403 3586 quod
1419 3508 1497 3557 non
1523 3482 1704 3558 revelaret

290 3630 428 3690 secreta
448 3613 716 3718 capitulorum,
739 3629 776 3689 et
792 3613 1032 3718 imposuisset
1051 3614 1085 3688 ei
1103 3611 1341 3703 mantellum,
1365 3629 1402 3687 et
1426 3611 1505 3716 ipse
1526 3627 1564 3687 et
1584 3627 1704 3687 astan-

289 3757 347 3817 tes
382 3741 537 3818 osculati
570 3742 728 3819 luissent
765 3741 942 3818 eumdem
974 3742 1012 3816 in
1046 3768 1128 3827 ore,
1166 3758 1204 3816 et
1232 3740 1466 3816 instruxisset
1499 3766 1586 3814 eum
1610 3755 1702 3841 quot

290 3870 403 3950 Pater
419 3887 533 3949 noster
551 3871 692 3947 diceret
720 3897 790 3975 pro
808 3871 912 3947 horis
931 3870 1024 3960 suis,
1046 3888 1085 3946 et
1103 3871 1207 3975 quod
1231 3872 1372 3976 jaceret
1396 3896 1483 3944 eum
1503 3866 1636 3970 pannis
1656 3865 1702 3941 li-

291 3998 387 4085 neis,
405 4027 481 4076 una
498 3999 650 4077 cordula
671 3999 774 4076 unda
795 3998 908 4076 vellet
930 4015 1118 4104 assumpta
1139 3999 1296 4083 cinctus,
1318 4014 1356 4073 et
1374 3995 1535 4100 qualiter
1558 4012 1704 4102 regeret

292 4151 332 4199 se
351 4126 392 4202 in
411 4126 563 4217 ordine,
585 4143 834 4215 recesserunt,
856 4143 895 4204 et
915 4127 1020 4203 nulla
1048 4125 1176 4201 illicita
1194 4124 1252 4199 vel
1274 4125 1469 4201 inhonesta
1496 4124 1704 4201 intervene-

292 4270 382 4331 runt
403 4255 443 4330 in
462 4255 559 4333 dicta
576 4285 642 4334 sun
662 4257 879 4361 recepcione
905 4255 964 4331 vel
983 4270 1081 4359 post,
1103 4280 1173 4328 nec
1197 4253 1281 4343 scit,
1303 4281 1372 4329 nec
1398 4253 1531 4342 credit,
1551 4283 1619 4330 nec
1637 4284 1704 4332 au·

294 4382 384 4459 divit
413 4383 485 4459 dici
511 4384 612 4489 quod
646 4384 913 4459 intervenirent
939 4383 977 4457 in
1005 4380 1287 4487 recepcionibus
1313 4384 1473 4460 aliorum
1505 4383 1563 4460 vel
1589 4401 1702 4488 post:

294 4512 382 4616 quia
412 4512 555 4589 viderat
586 4513 699 4617 recipi
726 4540 793 4616 per
817 4511 995 4588 eumdem
1019 4512 1176 4588 modum
1200 4509 1351 4588 fratrem
1380 4512 1613 4618 Stephanum
1637 4512 1707 4590 An-

294 4638 396 4744 glici,
419 4641 457 4716 in
478 4641 574 4717 dicta
591 4639 731 4746 capella
749 4639 797 4716 de
817 4641 961 4725 Auson,
983 4639 1048 4745 qui
1065 4640 1256 4716 detinetur
1273 4641 1443 4733 Pictavis,
1466 4659 1556 4720 sunt
1574 4668 1598 4720 v
1616 4642 1703 4718 anni

295 4769 351 4846 vel
380 4771 489 4859 circa,
521 4799 588 4874 per
610 4770 762 4846 lrauem
792 4771 1000 4846 lohannem
1030 4769 1078 4845 de
1109 4773 1244 4847 Sancto
1272 4773 1476 4850 Benedicto
1493 4772 1706 4878 quondam,

1510 4928 1558 4968 22.
