4230 5956
465 460 511 533 st
848 439 1045 531 enocns
1072 459 1167 529 oss
1194 457 1492 530 TEMPLIERS.

463 619 500 677 et
515 601 675 706 qualiter
695 615 732 673 et
752 626 862 703 aquo
876 617 1047 704 receptus
1066 597 1197 686 luerat,
1216 616 1253 673 et
1267 626 1362 704 quos
1379 598 1492 702 recipi
1510 597 1667 686 viderat,
1685 603 1878 705 respondit

463 732 568 836 quod
587 731 666 835 ipse
687 745 725 804 et
744 727 911 834 quinque
932 728 992 804 alii
1011 727 1141 803 iratres
1160 730 1292 804 Petrus
1311 728 1449 805 Matbei
1470 727 1665 832 presbiter,
1689 745 1726 804 et
1746 731 1876 808 Petrus

465 879 501 935 et
520 862 706 952 lohannes
726 859 865 935 Mutbei
884 858 1104 943 servientes,
1127 874 1282 963 nepotes
1301 857 1470 965 ejusdem
1486 855 1702 961 presbiteri,
1718 859 1766 937 de
1783 863 1876 938 Nan-

463 991 555 1066 tolio
579 988 736 1065 diocesis
763 987 999 1076 Pictavensis,
1026 985 1226 1062 Amandus
1252 986 1299 1062 de
1323 987 1508 1076 Vuctone,
1535 987 1643 1092 cujus
1667 1014 1876 1094 cognomen

463 1121 622 1224 ignorat,
652 1134 690 1192 et
717 1117 872 1221 quidam
902 1116 996 1192 alius
1019 1116 1067 1192 de
1095 1116 1203 1223 cujus
1231 1117 1384 1193 nomine
1405 1133 1443 1191 et
1464 1117 1685 1221 cognomine
1712 1147 1788 1195 non
1818 1150 1876 1196 re-

461 1248 648 1335 cordatur,
667 1244 822 1322 fuerunt
837 1245 950 1322 simul
968 1245 1106 1351 recepti
1126 1245 1164 1321 in
1180 1245 1319 1350 capella
1341 1245 1475 1321 domus
1487 1245 1637 1352 Templi
1651 1248 1697 1323 de
1715 1249 1875 1328 Vertone

460 1376 753 1483 Engolismensis
766 1375 935 1462 diocesis,
952 1403 1020 1481 per
1033 1374 1184 1451 fratrem
1197 1374 1459 1482 Raymundum
1476 1375 1522 1451 de
1540 1375 1697 1453 Marolio
1715 1379 1873 1455 militem

463 1507 673 1609 quondam,
695 1522 784 1580 tunc
815 1505 1135 1582 locumtenentem
1167 1505 1396 1611 preceptoris
1414 1505 1591 1597 Pictavie,
1613 1507 1652 1581 in
1672 1505 1766 1586 sesto
1786 1510 1875 1588 Om-

463 1636 570 1711 nium
590 1638 809 1714 Sanctorum
840 1637 1005 1740 proxime
1027 1635 1206 1740 preterito
1232 1634 1385 1712 suerunt
1405 1663 1449 1711 xx
1471 1636 1556 1710 anni
1584 1635 1641 1711 vel
1666 1637 1773 1726 circa,
1792 1668 1876 1745 pre-

461 1765 630 1841 sentibus
646 1764 821 1841 lratribus
838 1763 1042 1841 Guillelmo
1058 1764 1093 1841 le
1109 1763 1337 1842 Chandelier
1358 1764 1404 1840 de
1427 1765 1563 1841 Sancto
1578 1764 1785 1843 Guillelmo
1800 1770 1875 1845 deu

462 1896 595 1971 Desert
614 1896 861 1984 Lodunensis,
883 1896 992 1970 Petro
1008 1895 1055 1971 de
1068 1894 1271 1971 Montubac
1287 1893 1579 2001 Eugolismensis
1594 1894 1763 1982 diocesis,
1780 1926 1874 2002 quos

461 2026 578 2102 credit
593 2026 731 2113 vivere,
748 2024 915 2103 Gerardo
936 2025 971 2100 la
989 2025 1137 2102 Vernba
1156 2041 1373 2130 preceptore
1396 2024 1674 2130 Petragoricini,
1697 2025 1873 2103 Amaudo

463 2154 509 2230 de
524 2154 718 2242 Badalbac,
736 2172 774 2229 et
788 2155 1014 2260 quibusdam
1030 2155 1113 2230 aliis
1130 2153 1377 2230 servientibus
1395 2153 1608 2241 deffunctis,
1626 2154 1663 2229 in
1679 2154 1780 2230 huuc
1795 2184 1874 2232 mo-

464 2283 568 2357 dum:
586 2310 671 2357 nam
691 2284 857 2388 exposito
879 2284 984 2387 quod
1003 2282 1181 2359 volebant
1200 2309 1280 2359 esse
1301 2283 1340 2358 in
1360 2281 1513 2358 servicio
1533 2282 1601 2359 Dei
1619 2298 1658 2357 et
1675 2284 1818 2360 ordinis
1838 2300 1874 2361 et

462 2412 554 2487 servi
572 2411 703 2488 escluvi
723 2413 840 2487 Terre
855 2413 1004 2502 Sancte,
1027 2429 1063 2487 et
1081 2413 1196 2517 petita
1213 2413 1361 2488 caritate
1382 2412 1541 2502 ordinis,
1558 2411 1630 2487 luit
1649 2413 1701 2489 eis
1719 2440 1873 2519 respon-

462 2570 544 2617 sum
569 2542 673 2647 quod
692 2543 790 2618 bene
811 2542 1078 2631 deliberarent,
1097 2543 1184 2648 quia
1208 2559 1398 2648 oporteret
1418 2568 1482 2618 eos
1498 2541 1668 2618 abdicare
1690 2571 1710 2617 a
1730 2569 1769 2619 se
1787 2572 1872 2649 pro-

461 2671 578 2775 priam
595 2671 824 2749 voluntatem
840 2688 877 2748 et
891 2671 1022 2776 subjici
1039 2671 1170 2758 aliene,
1189 2689 1225 2748 et
1240 2671 1357 2748 multa
1372 2672 1467 2748 dura
1481 2689 1518 2747 et
1532 2699 1659 2778 aspera
1671 2673 1871 2763 sustinere;

461 2817 498 2875 et
518 2829 603 2876 cum
627 2802 695 2907 ipsi
723 2802 901 2878 dixissent
921 2801 1025 2906 quod
1050 2802 1176 2878 omnia
1202 2801 1429 2879 sustinerent
1447 2818 1486 2876 et
1503 2829 1572 2906 pro
1591 2829 1724 2878 eorum
1744 2829 1872 2907 recep·

460 2930 567 3006 cione
589 2932 784 3022 instarent,
806 2932 950 3035 poscito
975 2931 1022 3007 ab
1049 2932 1102 3007 eis
1128 2933 1231 3038 quod
1254 2959 1329 3007 non
1357 2947 1462 3007 eraut
1488 2932 1743 3021 matrimonio,
1764 2930 1869 3008 alteri

460 3058 631 3163 religioni
656 3087 724 3136 nec
745 3060 975 3165 debitisque
996 3061 1137 3137 solvere
1161 3090 1237 3138 uon
1260 3078 1412 3166 possent
1433 3059 1602 3168 obligati,
1633 3088 1703 3139 nec
1729 3088 1873 3138 excom-

460 3188 649 3275 municati,
667 3215 736 3265 nec
756 3189 895 3266 servilis
915 3171 1160 3277 condicionis,
1183 3219 1252 3267 nec
1271 3189 1460 3266 habebant
1479 3188 1734 3293 infirmitatem
1755 3189 1871 3267 laten-

458 3336 548 3405 tem,
568 3317 655 3393 secit
670 3346 734 3396 eos
746 3346 877 3395 vovere
892 3336 933 3402 et¹
940 3320 1065 3424 jurare
1081 3319 1186 3425 quod
1201 3337 1324 3396 essent
1338 3319 1557 3396 obedientes
1574 3319 1655 3396 Deo
1670 3336 1707 3395 et
1725 3321 1868 3408 ordini,

459 3447 634 3551 Magistro
648 3448 790 3524 ordinis
801 3467 839 3524 et
850 3449 1132 3555 preceptoribus
1147 3476 1295 3536 eorum,
1312 3450 1415 3553 quod
1430 3449 1593 3524 viverent
1607 3448 1687 3523 sine
1700 3450 1867 3554 propriu,

459 3594 497 3652 et
509 3580 910 3656 servarentcastitatem
924 3597 962 3656 et
972 3579 1093 3657 bonos
1106 3608 1197 3655 usus
1208 3596 1246 3654 et
1261 3578 1379 3655 bonas
1394 3579 1684 3656 consuetudines
1699 3579 1764 3684 qui
1778 3596 1868 3655 tnnc

459 3722 563 3782 erant
585 3707 623 3781 iu
650 3696 798 3799 ordine,
821 3710 942 3815 etqui
967 3710 1004 3784 in
1031 3726 1224 3815 posterum
1245 3708 1528 3813 imponerentur
1548 3735 1616 3812 per
1644 3708 1869 3813 presbiteros

457 3837 610 3925 ordinis,
633 3854 670 3913 et
689 3839 791 3942 quod
805 3856 928 3915 essent
947 3840 1039 3914 servi
1057 3855 1094 3914 et
1113 3838 1242 3914 esclavi
1260 3840 1376 3914 Teme
1394 3839 1543 3926 Sancte,
1563 3854 1600 3913 et
1614 3837 1797 3942 impositis
1814 3840 1867 3913 eis

457 3954 656 4052 mantellis,
669 3985 839 4072 receptor
852 3985 890 4043 et
909 3985 1069 4044 astantes
1084 3967 1238 4043 fuerunt
1258 3995 1322 4043 eos
1339 3967 1493 4044 osculati
1512 3968 1548 4042 in
1567 3994 1650 4056 ore;
1672 3984 1710 4043 et
1728 3967 1866 4042 instru-

457 4094 509 4169 xit
528 4122 591 4172 eos
610 4115 702 4202 quot
719 4099 829 4176 Pater
841 4113 955 4175 noster
974 4098 1141 4174 dicerent
1153 4125 1220 4202 pro
1239 4097 1342 4174 boris
1360 4098 1448 4189 suis,
1469 4114 1506 4173 et
1521 4096 1680 4202 qualiter
1694 4112 1869 4202 regerent

457 4251 496 4298 se
519 4224 557 4299 in
578 4226 724 4316 ordine,
745 4228 871 4332 plures
891 4258 997 4307 casus
1017 4245 1243 4334 exponentes
1262 4245 1414 4333 propter
1433 4257 1529 4334 quos
1549 4243 1719 4335 poterant
1742 4226 1866 4302 iucur-

453 4380 536 4430 rere
553 4354 713 4432 diversas
730 4385 843 4461 penas
859 4376 896 4434 et
913 4359 1071 4463 perdere
1089 4359 1258 4448 domum,
1276 4376 1315 4435 et
1329 4358 1424 4434 dixit
1440 4360 1493 4434 eis
1508 4357 1614 4462 quod
1633 4356 1679 4432 ab
1695 4355 1776 4432 aliis
1795 4355 1867 4431 lra-

455 4486 575 4562 tribus
595 4486 738 4563 ordinis
758 4504 910 4590 possent
929 4489 1178 4590 inposterum
1199 4487 1360 4593 amplius
1377 4487 1581 4563 informari.
1603 4487 1818 4590 Requisitns
1836 4489 1866 4563 si

456 4588 532 4716 ipse
558 4616 614 4691 vel
640 4615 795 4720 aliquis.
803 4616 1058 4721 predictorum
1084 4634 1320 4721 receptorum
1347 4645 1433 4693 cum
1460 4644 1504 4692 eo
1529 4616 1669 4693 luerint
1692 4616 1795 4691 ducti
1820 4618 1867 4691 ad

455 4758 598 4844 partem
620 4770 687 4845 per
704 4762 934 4849 receptorem
951 4744 1007 4821 vel
1024 4743 1151 4831 alium,
1169 4746 1361 4850 respondit
1379 4746 1482 4850 quod
1501 4772 1589 4831 non,
1613 4762 1650 4819 et
1664 4745 1768 4849 quod
1783 4744 1868 4820 uul-
