<?xml version="1.0" encoding="UTF-8"?>
<!DOCTYPE html PUBLIC "-//W3C//DTD XHTML 1.0 Transitional//EN"
    "http://www.w3.org/TR/xhtml1/DTD/xhtml1-transitional.dtd">
<html xmlns="http://www.w3.org/1999/xhtml" xml:lang="en" lang="en">
 <head>
  <title>
</title>
<meta http-equiv="Content-Type" content="text/html;charset=utf-8" />
  <meta name='ocr-system' content='tesseract 3.04.00' />
  <meta name='ocr-capabilities' content='ocr_page ocr_carea ocr_par ocr_line ocrx_word'/>
</head>
<body>
  <div class='ocr_page' id='page_1' title='image "./procsdestemplie01defegoog/procsdestemplie01defegoog_0244.png"; bbox 0 0 4268 5946; ppageno 0'>
   <div class='ocr_carea' id='block_1_1' title="bbox 426 429 1465 525">
    <p class='ocr_par' dir='ltr' id='par_1_1' title="bbox 426 429 1465 525">
     <span class='ocr_line' id='line_1_1' title="bbox 426 429 1465 525; baseline -0.002 -2"><span class='ocrx_word' id='word_1_1' title='bbox 426 453 499 525; x_wconf 72' lang='lat'><strong>21⁸</strong></span> <span class='ocrx_word' id='word_1_2' title='bbox 805 429 1000 523; x_wconf 75' lang='lat' dir='ltr'><strong>proces</strong></span> <span class='ocrx_word' id='word_1_3' title='bbox 1031 449 1128 521; x_wconf 79' lang='lat' dir='ltr'><strong>nes</strong></span> <span class='ocrx_word' id='word_1_4' title='bbox 1159 448 1465 521; x_wconf 72' lang='lat' dir='ltr'><strong>erupimus.</strong></span> 
     </span>
    </p>
   </div>
   <div class='ocr_carea' id='block_1_2' title="bbox 424 587 1843 828">
    <p class='ocr_par' dir='ltr' id='par_1_2' title="bbox 424 587 1843 828">
     <span class='ocr_line' id='line_1_2' title="bbox 424 587 1843 695; baseline 0.001 -25"><span class='ocrx_word' id='word_1_5' title='bbox 424 621 511 673; x_wconf 87' lang='lat' dir='ltr'><strong>nam</strong></span> <span class='ocrx_word' id='word_1_6' title='bbox 531 610 570 669; x_wconf 89' lang='lat' dir='ltr'><strong>et</strong></span> <span class='ocrx_word' id='word_1_7' title='bbox 588 619 730 667; x_wconf 86' lang='lat' dir='ltr'><strong>meram</strong></span> <span class='ocrx_word' id='word_1_8' title='bbox 749 590 959 681; x_wconf 83' lang='lat' dir='ltr'><strong>veritatem,</strong></span> <span class='ocrx_word' id='word_1_9' title='bbox 980 589 1188 667; x_wconf 82' lang='lat' dir='ltr'><strong>secundum</strong></span> <span class='ocrx_word' id='word_1_10' title='bbox 1207 587 1368 667; x_wconf 84' lang='lat' dir='ltr'><strong>sormam</strong></span> <span class='ocrx_word' id='word_1_11' title='bbox 1384 589 1591 695; x_wconf 77' lang='lat' dir='ltr'><strong>juramenti</strong></span> <span class='ocrx_word' id='word_1_12' title='bbox 1608 590 1769 670; x_wconf 89' lang='lat' dir='ltr'><strong>aliorum</strong></span> <span class='ocrx_word' id='word_1_13' title='bbox 1789 613 1843 672; x_wconf 86' lang='lat' dir='ltr'><strong>te-</strong></span> 
     </span>
     <span class='ocr_line' id='line_1_3' title="bbox 425 718 1727 828; baseline -0.001 -28"><span class='ocrx_word' id='word_1_14' title='bbox 425 723 539 800; x_wconf 84' lang='lat' dir='ltr'><strong>stium</strong></span> <span class='ocrx_word' id='word_1_15' title='bbox 559 721 731 827; x_wconf 86' lang='lat' dir='ltr'><strong>superius</strong></span> <span class='ocrx_word' id='word_1_16' title='bbox 750 720 997 828; x_wconf 77' lang='lat' dir='ltr'><strong>registromm,</strong></span> <span class='ocrx_word' id='word_1_17' title='bbox 1020 719 1223 825; x_wconf 81' lang='lat' dir='ltr'><strong>expositam</strong></span> <span class='ocrx_word' id='word_1_18' title='bbox 1242 718 1552 824; x_wconf 76' lang='lat' dir='ltr'><strong>etvnlgarizetem</strong></span> <span class='ocrx_word' id='word_1_19' title='bbox 1572 720 1727 799; x_wconf 79' lang='lat' dir='ltr'><strong>eisdem.</strong></span> 
     </span>
    </p>
   </div>
   <div class='ocr_carea' id='block_1_3' title="bbox 424 980 1846 1605">
    <p class='ocr_par' dir='ltr' id='par_1_3' title="bbox 424 980 1846 1605">
     <span class='ocr_line' id='line_1_4' title="bbox 480 980 1845 1092; baseline 0.004 -32"><span class='ocrx_word' id='word_1_20' title='bbox 480 984 623 1060; x_wconf 79' lang='lat' dir='ltr'><strong>Eadem</strong></span> <span class='ocrx_word' id='word_1_21' title='bbox 636 983 697 1058; x_wconf 87' lang='lat' dir='ltr'><strong>die</strong></span> <span class='ocrx_word' id='word_1_22' title='bbox 712 982 870 1086; x_wconf 80' lang='lat' dir='ltr'>predicti</span> <span class='ocrx_word' id='word_1_23' title='bbox 887 982 1031 1059; x_wconf 92' lang='lat' dir='ltr'><strong>domini</strong></span> <span class='ocrx_word' id='word_1_24' title='bbox 1048 980 1292 1058; x_wconf 80' lang='lat' dir='ltr'><strong>commissarii</strong></span> <span class='ocrx_word' id='word_1_25' title='bbox 1307 980 1478 1058; x_wconf 84' lang='lat' dir='ltr'><strong>lecerunt</strong></span> <span class='ocrx_word' id='word_1_26' title='bbox 1494 982 1621 1060; x_wconf 86' lang='lat' dir='ltr'><strong>venire</strong></span> <span class='ocrx_word' id='word_1_27' title='bbox 1634 984 1683 1061; x_wconf 80' lang='lat' dir='ltr'><strong>ed</strong></span> <span class='ocrx_word' id='word_1_28' title='bbox 1695 1012 1845 1092; x_wconf 85' lang='lat' dir='ltr'><strong>presen-</strong></span> 
     </span>
     <span class='ocr_line' id='line_1_5' title="bbox 425 1110 1846 1217; baseline 0.004 -27"><span class='ocrx_word' id='word_1_29' title='bbox 425 1113 519 1190; x_wconf 77' lang='lat' dir='ltr'><strong>ciam</strong></span> <span class='ocrx_word' id='word_1_30' title='bbox 534 1141 639 1190; x_wconf 78' lang='lat' dir='ltr'><strong>tuam</strong></span> <span class='ocrx_word' id='word_1_31' title='bbox 660 1110 906 1189; x_wconf 89' lang='lat' dir='ltr'><strong>Guillelmum</strong></span> <span class='ocrx_word' id='word_1_32' title='bbox 931 1111 1072 1217; x_wconf 90' lang='lat' dir='ltr'><strong>Pidoye</strong></span> <span class='ocrx_word' id='word_1_33' title='bbox 1092 1110 1433 1187; x_wconf 79' lang='lat' dir='ltr'><strong>administratorem</strong></span> <span class='ocrx_word' id='word_1_34' title='bbox 1454 1128 1492 1187; x_wconf 87' lang='lat' dir='ltr'><strong>et</strong></span> <span class='ocrx_word' id='word_1_35' title='bbox 1511 1113 1708 1192; x_wconf 83' lang='lat' dir='ltr'><strong>custodem</strong></span> <span class='ocrx_word' id='word_1_36' title='bbox 1725 1116 1846 1196; x_wconf 88' lang='lat' dir='ltr'><strong>bono-</strong></span> 
     </span>
     <span class='ocr_line' id='line_1_6' title="bbox 425 1241 1845 1348; baseline 0.005 -29"><span class='ocrx_word' id='word_1_37' title='bbox 425 1272 509 1319; x_wconf 86' lang='lat' dir='ltr'><strong>rum</strong></span> <span class='ocrx_word' id='word_1_38' title='bbox 523 1242 690 1347; x_wconf 77' lang='lat' dir='ltr'><strong>Templi,</strong></span> <span class='ocrx_word' id='word_1_39' title='bbox 713 1243 754 1317; x_wconf 89' lang='lat' dir='ltr'><strong>in</strong></span> <span class='ocrx_word' id='word_1_40' title='bbox 770 1243 827 1348; x_wconf 86' lang='lat' dir='ltr'><strong>cuj</strong></span> <span class='ocrx_word' id='word_1_41' title='bbox 834 1271 877 1317; x_wconf 87' lang='lat' dir='ltr'><strong>us</strong></span> <span class='ocrx_word' id='word_1_42' title='bbox 893 1259 932 1318; x_wconf 90' lang='lat' dir='ltr'><strong>et</strong></span> <span class='ocrx_word' id='word_1_43' title='bbox 949 1241 1208 1318; x_wconf 86' lang='lat' dir='ltr'><strong>consociorum</strong></span> <span class='ocrx_word' id='word_1_44' title='bbox 1226 1242 1306 1347; x_wconf 90' lang='lat' dir='ltr'><strong>ejus</strong></span> <span class='ocrx_word' id='word_1_45' title='bbox 1323 1257 1507 1345; x_wconf 79' lang='lat' dir='ltr'><strong>potestate</strong></span> <span class='ocrx_word' id='word_1_46' title='bbox 1528 1243 1752 1323; x_wconf 79' lang='lat' dir='ltr'><strong>dicebantur</strong></span> <span class='ocrx_word' id='word_1_47' title='bbox 1766 1276 1845 1326; x_wconf 85' lang='lat' dir='ltr'><strong>esse</strong></span> 
     </span>
     <span class='ocr_line' id='line_1_7' title="bbox 424 1370 1844 1480; baseline 0.004 -31"><span class='ocrx_word' id='word_1_48' title='bbox 424 1373 585 1479; x_wconf 80' lang='lat' dir='ltr'><strong>reliquie</strong></span> <span class='ocrx_word' id='word_1_49' title='bbox 605 1390 642 1448; x_wconf 92' lang='lat' dir='ltr'><strong>et</strong></span> <span class='ocrx_word' id='word_1_50' title='bbox 661 1400 766 1476; x_wconf 84' lang='lat' dir='ltr'><strong>capse</strong></span> <span class='ocrx_word' id='word_1_51' title='bbox 790 1370 1035 1476; x_wconf 90' lang='lat' dir='ltr'><strong>reliquiarum</strong></span> <span class='ocrx_word' id='word_1_52' title='bbox 1057 1397 1130 1475; x_wconf 87' lang='lat' dir='ltr'><strong>que</strong></span> <span class='ocrx_word' id='word_1_53' title='bbox 1149 1386 1321 1474; x_wconf 89' lang='lat' dir='ltr'><strong>tempore</strong></span> <span class='ocrx_word' id='word_1_54' title='bbox 1340 1370 1525 1475; x_wconf 72' lang='lat' dir='ltr'><strong>captionis</strong></span> <span class='ocrx_word' id='word_1_55' title='bbox 1543 1374 1844 1480; x_wconf 87' lang='lat' dir='ltr'><strong>Templariorum</strong></span> 
     </span>
     <span class='ocr_line' id='line_1_8' title="bbox 424 1499 1845 1605; baseline 0.003 -27"><span class='ocrx_word' id='word_1_56' title='bbox 424 1503 575 1579; x_wconf 81' lang='lat' dir='ltr'><strong>invente</strong></span> <span class='ocrx_word' id='word_1_57' title='bbox 589 1500 742 1577; x_wconf 80' lang='lat' dir='ltr'><strong>luerunt</strong></span> <span class='ocrx_word' id='word_1_58' title='bbox 756 1502 794 1575; x_wconf 91' lang='lat' dir='ltr'><strong>in</strong></span> <span class='ocrx_word' id='word_1_59' title='bbox 808 1502 924 1577; x_wconf 89' lang='lat' dir='ltr'><strong>domo</strong></span> <span class='ocrx_word' id='word_1_60' title='bbox 935 1499 1083 1603; x_wconf 90' lang='lat' dir='ltr'><strong>Templi</strong></span> <span class='ocrx_word' id='word_1_61' title='bbox 1100 1499 1330 1586; x_wconf 85' lang='lat' dir='ltr'><strong>Parisiensis,</strong></span> <span class='ocrx_word' id='word_1_62' title='bbox 1346 1516 1386 1576; x_wconf 88' lang='lat' dir='ltr'><strong>et</strong></span> <span class='ocrx_word' id='word_1_63' title='bbox 1395 1501 1563 1605; x_wconf 83' lang='lat' dir='ltr'><strong>precepit</strong></span> <span class='ocrx_word' id='word_1_64' title='bbox 1577 1503 1629 1591; x_wconf 91' lang='lat' dir='ltr'><strong>ei,</strong></span> <span class='ocrx_word' id='word_1_65' title='bbox 1646 1504 1742 1581; x_wconf 89' lang='lat' dir='ltr'><strong>sicut</strong></span> <span class='ocrx_word' id='word_1_66' title='bbox 1755 1504 1845 1583; x_wconf 81' lang='lat' dir='ltr'><strong>alies</strong></span> 
     </span>
    </p>
   </div>
   <div class='ocr_carea' id='block_1_4' title="bbox 293 1628 1842 1737">
    <p class='ocr_par' dir='ltr' id='par_1_4' title="bbox 293 1628 1842 1737">
     <span class='ocr_line' id='line_1_9' title="bbox 293 1628 1842 1737; baseline 0.001 -28"><span class='ocrx_word' id='word_1_67' title='bbox 293 1726 300 1732; x_wconf 89' lang='lat'>.</span> <span class='ocrx_word' id='word_1_68' title='bbox 425 1649 642 1737; x_wconf 85' lang='lat' dir='ltr'><strong>preceptum</strong></span> <span class='ocrx_word' id='word_1_69' title='bbox 664 1630 785 1707; x_wconf 83' lang='lat' dir='ltr'><strong>suerat</strong></span> <span class='ocrx_word' id='word_1_70' title='bbox 806 1658 875 1735; x_wconf 90' lang='lat' dir='ltr'><strong>per</strong></span> <span class='ocrx_word' id='word_1_71' title='bbox 895 1629 1048 1707; x_wconf 90' lang='lat' dir='ltr'><strong>eosdem</strong></span> <span class='ocrx_word' id='word_1_72' title='bbox 1076 1628 1252 1704; x_wconf 83' lang='lat' dir='ltr'><strong>dominos</strong></span> <span class='ocrx_word' id='word_1_73' title='bbox 1272 1629 1544 1707; x_wconf 85' lang='lat' dir='ltr'><strong>commissarios</strong></span> <span class='ocrx_word' id='word_1_74' title='bbox 1563 1648 1602 1709; x_wconf 82' lang='lat' dir='ltr'><strong>et</strong></span> <span class='ocrx_word' id='word_1_75' title='bbox 1625 1634 1842 1710; x_wconf 88' lang='lat' dir='ltr'><strong>mandatum</strong></span> 
     </span>
    </p>
   </div>
   <div class='ocr_carea' id='block_1_5' title="bbox 425 1757 1847 4590">
    <p class='ocr_par' dir='ltr' id='par_1_5' title="bbox 425 1757 1847 4331">
     <span class='ocr_line' id='line_1_10' title="bbox 425 1757 1845 1867; baseline 0.001 -29"><span class='ocrx_word' id='word_1_76' title='bbox 425 1761 514 1848; x_wconf 86' lang='lat' dir='ltr'><strong>sibi,</strong></span> <span class='ocrx_word' id='word_1_77' title='bbox 536 1779 574 1837; x_wconf 88' lang='lat' dir='ltr'><strong>et</strong></span> <span class='ocrx_word' id='word_1_78' title='bbox 593 1761 769 1867; x_wconf 83' lang='lat' dir='ltr'><strong>magistro</strong></span> <span class='ocrx_word' id='word_1_79' title='bbox 786 1758 996 1838; x_wconf 87' lang='lat' dir='ltr'><strong>Guillelmo</strong></span> <span class='ocrx_word' id='word_1_80' title='bbox 1017 1760 1065 1835; x_wconf 91' lang='lat' dir='ltr'><strong>de</strong></span> <span class='ocrx_word' id='word_1_81' title='bbox 1085 1757 1273 1849; x_wconf 86' lang='lat' dir='ltr'><strong>Gisoroio,</strong></span> <span class='ocrx_word' id='word_1_82' title='bbox 1293 1776 1331 1834; x_wconf 88' lang='lat' dir='ltr'><strong>et</strong></span> <span class='ocrx_word' id='word_1_83' title='bbox 1344 1760 1526 1866; x_wconf 82' lang='lat' dir='ltr'><strong>flaynerio</strong></span> <span class='ocrx_word' id='word_1_84' title='bbox 1541 1761 1739 1854; x_wconf 86' lang='lat' dir='ltr'><strong>Bnrdouo,</strong></span> <span class='ocrx_word' id='word_1_85' title='bbox 1753 1791 1845 1841; x_wconf 89' lang='lat' dir='ltr'><strong>oon·</strong></span> 
     </span>
     <span class='ocr_line' id='line_1_11' title="bbox 426 1887 1845 1996; baseline 0.001 -29"><span class='ocrx_word' id='word_1_86' title='bbox 426 1890 537 1968; x_wconf 89' lang='lat' dir='ltr'><strong>sociis</strong></span> <span class='ocrx_word' id='word_1_87' title='bbox 562 1890 639 1967; x_wconf 89' lang='lat' dir='ltr'><strong>suis</strong></span> <span class='ocrx_word' id='word_1_88' title='bbox 664 1892 704 1965; x_wconf 93' lang='lat' dir='ltr'><strong>in</strong></span> <span class='ocrx_word' id='word_1_89' title='bbox 730 1889 1057 1966; x_wconf 79' lang='lat' dir='ltr'><strong>administracione</strong></span> <span class='ocrx_word' id='word_1_90' title='bbox 1078 1904 1116 1963; x_wconf 91' lang='lat' dir='ltr'><strong>et</strong></span> <span class='ocrx_word' id='word_1_91' title='bbox 1141 1887 1312 1963; x_wconf 86' lang='lat' dir='ltr'><strong>custodia</strong></span> <span class='ocrx_word' id='word_1_92' title='bbox 1333 1887 1571 1994; x_wconf 85' lang='lat' dir='ltr'><strong>supradictis,</strong></span> <span class='ocrx_word' id='word_1_93' title='bbox 1590 1890 1697 1996; x_wconf 91' lang='lat' dir='ltr'><strong>quod</strong></span> <span class='ocrx_word' id='word_1_94' title='bbox 1708 1888 1845 1968; x_wconf 78' lang='lat' dir='ltr'><strong>deifer-</strong></span> 
     </span>
     <span class='ocr_line' id='line_1_12' title="bbox 425 2016 1846 2124; baseline 0.001 -28"><span class='ocrx_word' id='word_1_95' title='bbox 425 2039 509 2099; x_wconf 89' lang='lat' dir='ltr'><strong>rent</strong></span> <span class='ocrx_word' id='word_1_96' title='bbox 529 2021 576 2097; x_wconf 82' lang='lat' dir='ltr'><strong>ed</strong></span> <span class='ocrx_word' id='word_1_97' title='bbox 596 2048 661 2097; x_wconf 88' lang='lat' dir='ltr'><strong>eos</strong></span> <span class='ocrx_word' id='word_1_98' title='bbox 680 2019 808 2096; x_wconf 87' lang='lat' dir='ltr'><strong>omnia</strong></span> <span class='ocrx_word' id='word_1_99' title='bbox 827 2019 944 2124; x_wconf 83' lang='lat' dir='ltr'><strong>capita</strong></span> <span class='ocrx_word' id='word_1_100' title='bbox 970 2017 1161 2095; x_wconf 85' lang='lat' dir='ltr'><strong>metallina</strong></span> <span class='ocrx_word' id='word_1_101' title='bbox 1184 2016 1244 2092; x_wconf 81' lang='lat' dir='ltr'><strong>vel</strong></span> <span class='ocrx_word' id='word_1_102' title='bbox 1268 2017 1393 2124; x_wconf 82' lang='lat' dir='ltr'><strong>lignea</strong></span> <span class='ocrx_word' id='word_1_103' title='bbox 1419 2046 1492 2124; x_wconf 91' lang='lat' dir='ltr'><strong>que</strong></span> <span class='ocrx_word' id='word_1_104' title='bbox 1518 2045 1674 2123; x_wconf 82' lang='lat' dir='ltr'><strong>percos</strong></span> <span class='ocrx_word' id='word_1_105' title='bbox 1698 2021 1846 2098; x_wconf 81' lang='lat' dir='ltr'><strong>inventa</strong></span> 
     </span>
     <span class='ocr_line' id='line_1_13' title="bbox 426 2146 1845 2255; baseline -0.001 -28"><span class='ocrx_word' id='word_1_106' title='bbox 426 2149 574 2227; x_wconf 84' lang='lat' dir='ltr'><strong>fuerent</strong></span> <span class='ocrx_word' id='word_1_107' title='bbox 592 2151 633 2225; x_wconf 89' lang='lat' dir='ltr'><strong>in</strong></span> <span class='ocrx_word' id='word_1_108' title='bbox 653 2150 748 2226; x_wconf 89' lang='lat' dir='ltr'><strong>dicta</strong></span> <span class='ocrx_word' id='word_1_109' title='bbox 770 2150 887 2228; x_wconf 90' lang='lat' dir='ltr'><strong>domo</strong></span> <span class='ocrx_word' id='word_1_110' title='bbox 906 2147 1068 2253; x_wconf 90' lang='lat' dir='ltr'><strong>Templi.</strong></span> <span class='ocrx_word' id='word_1_111' title='bbox 1090 2149 1161 2224; x_wconf 90' lang='lat' dir='ltr'><strong>Per</strong></span> <span class='ocrx_word' id='word_1_112' title='bbox 1179 2174 1293 2252; x_wconf 89' lang='lat' dir='ltr'><strong>quem</strong></span> <span class='ocrx_word' id='word_1_113' title='bbox 1313 2146 1470 2223; x_wconf 82' lang='lat' dir='ltr'><strong>allatum</strong></span> <span class='ocrx_word' id='word_1_114' title='bbox 1489 2147 1564 2223; x_wconf 86' lang='lat' dir='ltr'><strong>fuit</strong></span> <span class='ocrx_word' id='word_1_115' title='bbox 1583 2148 1637 2226; x_wconf 92' lang='lat' dir='ltr'><strong>eis</strong></span> <span class='ocrx_word' id='word_1_116' title='bbox 1655 2152 1845 2255; x_wconf 86' lang='lat' dir='ltr'><strong>quoddam</strong></span> 
     </span>
     <span class='ocr_line' id='line_1_14' title="bbox 426 2272 1845 2385; baseline 0.002 -31"><span class='ocrx_word' id='word_1_117' title='bbox 426 2306 605 2385; x_wconf 76' lang='lat' dir='ltr'><strong>magnum</strong></span> <span class='ocrx_word' id='word_1_118' title='bbox 623 2280 744 2383; x_wconf 87' lang='lat' dir='ltr'><strong>capud</strong></span> <span class='ocrx_word' id='word_1_119' title='bbox 760 2294 977 2384; x_wconf 82' lang='lat' dir='ltr'><strong>argenteum</strong></span> <span class='ocrx_word' id='word_1_120' title='bbox 990 2277 1209 2353; x_wconf 82' lang='lat' dir='ltr'><strong>deauratum</strong></span> <span class='ocrx_word' id='word_1_121' title='bbox 1224 2273 1419 2380; x_wconf 88' lang='lat' dir='ltr'><strong>pulcrum,</strong></span> <span class='ocrx_word' id='word_1_122' title='bbox 1439 2272 1600 2383; x_wconf 84' lang='lat' dir='ltr'><strong>figuram</strong></span> <span class='ocrx_word' id='word_1_123' title='bbox 1619 2277 1845 2357; x_wconf 86' lang='lat' dir='ltr'><strong>muliebrem</strong></span> 
     </span>
     <span class='ocr_line' id='line_1_15' title="bbox 426 2404 1845 2512; baseline 0.001 -28"><span class='ocrx_word' id='word_1_124' title='bbox 426 2407 590 2494; x_wconf 78' lang='lat' dir='ltr'><strong>habens,</strong></span> <span class='ocrx_word' id='word_1_125' title='bbox 619 2407 717 2483; x_wconf 83' lang='lat' dir='ltr'><strong>intra</strong></span> <span class='ocrx_word' id='word_1_126' title='bbox 733 2408 839 2512; x_wconf 91' lang='lat' dir='ltr'><strong>quod</strong></span> <span class='ocrx_word' id='word_1_127' title='bbox 859 2422 965 2483; x_wconf 82' lang='lat' dir='ltr'><strong>erent</strong></span> <span class='ocrx_word' id='word_1_128' title='bbox 982 2434 1064 2482; x_wconf 83' lang='lat' dir='ltr'><strong>osea</strong></span> <span class='ocrx_word' id='word_1_129' title='bbox 1082 2405 1196 2481; x_wconf 86' lang='lat' dir='ltr'><strong>unius</strong></span> <span class='ocrx_word' id='word_1_130' title='bbox 1217 2405 1363 2510; x_wconf 84' lang='lat' dir='ltr'><strong>cepitis,</strong></span> <span class='ocrx_word' id='word_1_131' title='bbox 1381 2404 1549 2483; x_wconf 87' lang='lat' dir='ltr'><strong>involuta</strong></span> <span class='ocrx_word' id='word_1_132' title='bbox 1568 2425 1607 2484; x_wconf 88' lang='lat' dir='ltr'><strong>et</strong></span> <span class='ocrx_word' id='word_1_133' title='bbox 1629 2426 1783 2486; x_wconf 87' lang='lat' dir='ltr'><strong>consuta</strong></span> <span class='ocrx_word' id='word_1_134' title='bbox 1806 2412 1845 2487; x_wconf 91' lang='lat' dir='ltr'><strong>in</strong></span> 
     </span>
     <span class='ocr_line' id='line_1_16' title="bbox 425 2534 1843 2643; baseline 0.001 -29"><span class='ocrx_word' id='word_1_135' title='bbox 425 2534 590 2643; x_wconf 84' lang='lat' dir='ltr'><strong>quodam</strong></span> <span class='ocrx_word' id='word_1_136' title='bbox 614 2564 737 2640; x_wconf 90' lang='lat' dir='ltr'><strong>panno</strong></span> <span class='ocrx_word' id='word_1_137' title='bbox 760 2536 861 2612; x_wconf 88' lang='lat' dir='ltr'><strong>lineo</strong></span> <span class='ocrx_word' id='word_1_138' title='bbox 886 2534 989 2621; x_wconf 91' lang='lat' dir='ltr'><strong>albo,</strong></span> <span class='ocrx_word' id='word_1_139' title='bbox 1011 2535 1181 2643; x_wconf 83' lang='lat' dir='ltr'><strong>syndone</strong></span> <span class='ocrx_word' id='word_1_140' title='bbox 1207 2534 1324 2611; x_wconf 88' lang='lat' dir='ltr'><strong>rubea</strong></span> <span class='ocrx_word' id='word_1_141' title='bbox 1347 2536 1602 2640; x_wconf 87' lang='lat' dir='ltr'><strong>superposita,</strong></span> <span class='ocrx_word' id='word_1_142' title='bbox 1628 2554 1665 2614; x_wconf 89' lang='lat' dir='ltr'><strong>et</strong></span> <span class='ocrx_word' id='word_1_143' title='bbox 1694 2556 1773 2615; x_wconf 88' lang='lat' dir='ltr'><strong>erat</strong></span> <span class='ocrx_word' id='word_1_144' title='bbox 1792 2539 1843 2616; x_wconf 91' lang='lat' dir='ltr'><strong>ibi</strong></span> 
     </span>
     <span class='ocr_line' id='line_1_17' title="bbox 425 2665 1846 2773; baseline 0.001 -29"><span class='ocrx_word' id='word_1_145' title='bbox 425 2666 589 2773; x_wconf 87' lang='lat' dir='ltr'><strong>quedam</strong></span> <span class='ocrx_word' id='word_1_146' title='bbox 611 2667 745 2744; x_wconf 84' lang='lat' dir='ltr'><strong>cedula</strong></span> <span class='ocrx_word' id='word_1_147' title='bbox 768 2683 922 2743; x_wconf 80' lang='lat' dir='ltr'><strong>consuta</strong></span> <span class='ocrx_word' id='word_1_148' title='bbox 943 2667 982 2741; x_wconf 90' lang='lat' dir='ltr'><strong>in</strong></span> <span class='ocrx_word' id='word_1_149' title='bbox 1002 2695 1075 2771; x_wconf 90' lang='lat' dir='ltr'><strong>qua</strong></span> <span class='ocrx_word' id='word_1_150' title='bbox 1098 2682 1177 2741; x_wconf 88' lang='lat' dir='ltr'><strong>erat</strong></span> <span class='ocrx_word' id='word_1_151' title='bbox 1196 2665 1376 2770; x_wconf 85' lang='lat' dir='ltr'><strong>scriptum</strong></span> <span class='ocrx_word' id='word_1_152' title='bbox 1401 2666 1523 2771; x_wconf 83' lang='lat' dir='ltr'><strong>capud</strong></span> <span class='ocrx_word' id='word_1_153' title='bbox 1543 2681 1664 2757; x_wconf 61' lang='lat' dir='ltr'><strong>cvrum,</strong></span> <span class='ocrx_word' id='word_1_154' title='bbox 1687 2685 1726 2744; x_wconf 88' lang='lat' dir='ltr'><strong>et</strong></span> <span class='ocrx_word' id='word_1_155' title='bbox 1749 2669 1846 2746; x_wconf 83' lang='lat' dir='ltr'><strong>dicta</strong></span> 
     </span>
     <span class='ocr_line' id='line_1_18' title="bbox 426 2794 1847 2902; baseline -0.001 -25"><span class='ocrx_word' id='word_1_156' title='bbox 426 2825 509 2877; x_wconf 80' lang='lat' dir='ltr'><strong>ossa</strong></span> <span class='ocrx_word' id='word_1_157' title='bbox 527 2798 828 2877; x_wconf 82' lang='lat' dir='ltr'><strong>assimilabantur</strong></span> <span class='ocrx_word' id='word_1_158' title='bbox 841 2795 988 2874; x_wconf 83' lang='lat' dir='ltr'><strong>ossibus</strong></span> <span class='ocrx_word' id='word_1_159' title='bbox 1010 2796 1139 2902; x_wconf 84' lang='lat' dir='ltr'><strong>capitis</strong></span> <span class='ocrx_word' id='word_1_160' title='bbox 1156 2796 1257 2901; x_wconf 82' lang='lat' dir='ltr'><strong>parri</strong></span> <span class='ocrx_word' id='word_1_161' title='bbox 1279 2794 1494 2883; x_wconf 89' lang='lat' dir='ltr'><strong>muliebris,</strong></span> <span class='ocrx_word' id='word_1_162' title='bbox 1519 2812 1556 2872; x_wconf 90' lang='lat' dir='ltr'><strong>et</strong></span> <span class='ocrx_word' id='word_1_163' title='bbox 1580 2797 1777 2875; x_wconf 77' lang='lat' dir='ltr'><strong>dicebatur</strong></span> <span class='ocrx_word' id='word_1_164' title='bbox 1800 2799 1847 2875; x_wconf 83' lang='lat' dir='ltr'><strong>nb</strong></span> 
     </span>
     <span class='ocr_line' id='line_1_19' title="bbox 426 2923 1847 3035; baseline 0.001 -33"><span class='ocrx_word' id='word_1_165' title='bbox 426 2926 617 3034; x_wconf 83' lang='lat' dir='ltr'><strong>aliquibus</strong></span> <span class='ocrx_word' id='word_1_166' title='bbox 631 2928 736 3035; x_wconf 92' lang='lat' dir='ltr'><strong>quod</strong></span> <span class='ocrx_word' id='word_1_167' title='bbox 748 2945 827 3004; x_wconf 86' lang='lat' dir='ltr'><strong>erat</strong></span> <span class='ocrx_word' id='word_1_168' title='bbox 839 2925 959 3032; x_wconf 83' lang='lat' dir='ltr'><strong>capud</strong></span> <span class='ocrx_word' id='word_1_169' title='bbox 974 2927 1086 3003; x_wconf 87' lang='lat' dir='ltr'><strong>unius</strong></span> <span class='ocrx_word' id='word_1_170' title='bbox 1105 2925 1283 3003; x_wconf 89' lang='lat' dir='ltr'><strong>undecim</strong></span> <span class='ocrx_word' id='word_1_171' title='bbox 1298 2923 1462 3001; x_wconf 88' lang='lat' dir='ltr'><strong>millium</strong></span> <span class='ocrx_word' id='word_1_172' title='bbox 1478 2924 1676 3031; x_wconf 83' lang='lat' dir='ltr'><strong>virginum.</strong></span> <span class='ocrx_word' id='word_1_173' title='bbox 1691 2925 1773 3001; x_wconf 83' lang='lat' dir='ltr'><strong>Alia</strong></span> <span class='ocrx_word' id='word_1_174' title='bbox 1788 2956 1847 3003; x_wconf 86' lang='lat' dir='ltr'><strong>ca-</strong></span> 
     </span>
     <span class='ocr_line' id='line_1_20' title="bbox 426 3052 1845 3162; baseline -0.001 -30"><span class='ocrx_word' id='word_1_175' title='bbox 426 3056 503 3160; x_wconf 88' lang='lat' dir='ltr'><strong>pita</strong></span> <span class='ocrx_word' id='word_1_176' title='bbox 519 3056 612 3132; x_wconf 84' lang='lat' dir='ltr'><strong>dixit</strong></span> <span class='ocrx_word' id='word_1_177' title='bbox 629 3055 731 3131; x_wconf 91' lang='lat' dir='ltr'><strong>idem</strong></span> <span class='ocrx_word' id='word_1_178' title='bbox 752 3054 980 3133; x_wconf 86' lang='lat' dir='ltr'><strong>Guillelmus</strong></span> <span class='ocrx_word' id='word_1_179' title='bbox 1000 3055 1139 3161; x_wconf 83' lang='lat' dir='ltr'><strong>Pidoye</strong></span> <span class='ocrx_word' id='word_1_180' title='bbox 1155 3082 1193 3130; x_wconf 93' lang='lat' dir='ltr'><strong>se</strong></span> <span class='ocrx_word' id='word_1_181' title='bbox 1213 3080 1291 3130; x_wconf 89' lang='lat' dir='ltr'><strong>non</strong></span> <span class='ocrx_word' id='word_1_182' title='bbox 1306 3053 1491 3129; x_wconf 84' lang='lat' dir='ltr'><strong>invenisse</strong></span> <span class='ocrx_word' id='word_1_183' title='bbox 1506 3052 1546 3129; x_wconf 94' lang='lat' dir='ltr'><strong>in</strong></span> <span class='ocrx_word' id='word_1_184' title='bbox 1561 3052 1678 3131; x_wconf 91' lang='lat' dir='ltr'><strong>domo</strong></span> <span class='ocrx_word' id='word_1_185' title='bbox 1695 3056 1845 3162; x_wconf 86' lang='lat' dir='ltr'><strong>Templi</strong></span> 
     </span>
     <span class='ocr_line' id='line_1_21' title="bbox 425 3183 1847 3292; baseline 0.002 -31"><span class='ocrx_word' id='word_1_186' title='bbox 425 3184 603 3290; x_wconf 87' lang='lat' dir='ltr'><strong>predicta.</strong></span> <span class='ocrx_word' id='word_1_187' title='bbox 628 3187 807 3288; x_wconf 87' lang='lat' dir='ltr'><strong>Postque</strong></span> <span class='ocrx_word' id='word_1_188' title='bbox 829 3184 916 3260; x_wconf 89' lang='lat' dir='ltr'><strong>dicti</strong></span> <span class='ocrx_word' id='word_1_189' title='bbox 938 3184 1080 3261; x_wconf 90' lang='lat' dir='ltr'><strong>domini</strong></span> <span class='ocrx_word' id='word_1_190' title='bbox 1104 3183 1349 3261; x_wconf 88' lang='lat' dir='ltr'><strong>commissarii</strong></span> <span class='ocrx_word' id='word_1_191' title='bbox 1363 3183 1533 3260; x_wconf 78' lang='lat' dir='ltr'><strong>lecerunt</strong></span> <span class='ocrx_word' id='word_1_192' title='bbox 1549 3184 1676 3261; x_wconf 88' lang='lat' dir='ltr'><strong>venire</strong></span> <span class='ocrx_word' id='word_1_193' title='bbox 1695 3186 1743 3262; x_wconf 86' lang='lat' dir='ltr'><strong>ad</strong></span> <span class='ocrx_word' id='word_1_194' title='bbox 1762 3214 1847 3292; x_wconf 90' lang='lat' dir='ltr'><strong>pre-</strong></span> 
     </span>
     <span class='ocr_line' id='line_1_22' title="bbox 427 3311 1845 3419; baseline 0.002 -29"><span class='ocrx_word' id='word_1_195' title='bbox 427 3313 589 3390; x_wconf 83' lang='lat' dir='ltr'><strong>senciam</strong></span> <span class='ocrx_word' id='word_1_196' title='bbox 605 3341 739 3391; x_wconf 87' lang='lat' dir='ltr'><strong>eorum</strong></span> <span class='ocrx_word' id='word_1_197' title='bbox 753 3314 906 3391; x_wconf 85' lang='lat' dir='ltr'><strong>fratrem</strong></span> <span class='ocrx_word' id='word_1_198' title='bbox 921 3311 1168 3392; x_wconf 87' lang='lat' dir='ltr'><strong>Guillolmum</strong></span> <span class='ocrx_word' id='word_1_199' title='bbox 1187 3313 1234 3389; x_wconf 90' lang='lat' dir='ltr'><strong>de</strong></span> <span class='ocrx_word' id='word_1_200' title='bbox 1254 3311 1416 3419; x_wconf 82' lang='lat' dir='ltr'><strong>Arbleyo</strong></span> <span class='ocrx_word' id='word_1_201' title='bbox 1431 3312 1522 3389; x_wconf 88' lang='lat' dir='ltr'><strong>olim</strong></span> <span class='ocrx_word' id='word_1_202' title='bbox 1542 3311 1845 3393; x_wconf 84' lang='lat' dir='ltr'><strong>elemosinarium</strong></span> 
     </span>
     <span class='ocr_line' id='line_1_23' title="bbox 426 3441 1846 3550; baseline 0.003 -31"><span class='ocrx_word' id='word_1_203' title='bbox 426 3443 545 3550; x_wconf 86' lang='lat' dir='ltr'><strong>regis,</strong></span> <span class='ocrx_word' id='word_1_204' title='bbox 560 3459 694 3520; x_wconf 86' lang='lat' dir='ltr'><strong>testem</strong></span> <span class='ocrx_word' id='word_1_205' title='bbox 710 3472 821 3548; x_wconf 82' lang='lat' dir='ltr'><strong>supra</strong></span> <span class='ocrx_word' id='word_1_206' title='bbox 837 3445 1106 3527; x_wconf 77' lang='lat' dir='ltr'><strong>examinatum,</strong></span> <span class='ocrx_word' id='word_1_207' title='bbox 1127 3442 1193 3549; x_wconf 88' lang='lat' dir='ltr'><strong>qui</strong></span> <span class='ocrx_word' id='word_1_208' title='bbox 1213 3442 1439 3548; x_wconf 79' lang='lat' dir='ltr'><strong>deposuerat</strong></span> <span class='ocrx_word' id='word_1_209' title='bbox 1453 3442 1553 3518; x_wconf 90' lang='lat' dir='ltr'><strong>inter</strong></span> <span class='ocrx_word' id='word_1_210' title='bbox 1566 3441 1639 3520; x_wconf 86' lang='lat' dir='ltr'><strong>alia</strong></span> <span class='ocrx_word' id='word_1_211' title='bbox 1655 3472 1695 3521; x_wconf 84' lang='lat' dir='ltr'><strong>se</strong></span> <span class='ocrx_word' id='word_1_212' title='bbox 1711 3445 1846 3524; x_wconf 78' lang='lat' dir='ltr'><strong>vidisse</strong></span> 
     </span>
     <span class='ocr_line' id='line_1_24' title="bbox 426 3571 1847 3679; baseline 0.002 -29"><span class='ocrx_word' id='word_1_213' title='bbox 426 3572 617 3679; x_wconf 85' lang='lat' dir='ltr'><strong>quoddam</strong></span> <span class='ocrx_word' id='word_1_214' title='bbox 629 3574 750 3678; x_wconf 88' lang='lat' dir='ltr'><strong>capud</strong></span> <span class='ocrx_word' id='word_1_215' title='bbox 762 3574 803 3648; x_wconf 87' lang='lat' dir='ltr'><strong>in</strong></span> <span class='ocrx_word' id='word_1_216' title='bbox 817 3571 990 3678; x_wconf 82' lang='lat' dir='ltr'><strong>capitulis</strong></span> <span class='ocrx_word' id='word_1_217' title='bbox 1001 3600 1134 3648; x_wconf 88' lang='lat' dir='ltr'><strong>eorum</strong></span> <span class='ocrx_word' id='word_1_218' title='bbox 1146 3571 1401 3679; x_wconf 82' lang='lat' dir='ltr'><strong>generalibus,</strong></span> <span class='ocrx_word' id='word_1_219' title='bbox 1414 3571 1476 3667; x_wconf 82' lang='lat' dir='ltr'><strong>cui</strong></span> <span class='ocrx_word' id='word_1_220' title='bbox 1485 3574 1737 3651; x_wconf 72' lang='lat' dir='ltr'><strong>reverenciam</strong></span> <span class='ocrx_word' id='word_1_221' title='bbox 1747 3576 1847 3653; x_wconf 79' lang='lat' dir='ltr'><strong>exhi-</strong></span> 
     </span>
     <span class='ocr_line' id='line_1_25' title="bbox 425 3700 1846 3808; baseline 0.001 -27"><span class='ocrx_word' id='word_1_222' title='bbox 425 3701 581 3792; x_wconf 78' lang='lat' dir='ltr'><strong>bebant,</strong></span> <span class='ocrx_word' id='word_1_223' title='bbox 603 3719 641 3779; x_wconf 89' lang='lat' dir='ltr'><strong>et</strong></span> <span class='ocrx_word' id='word_1_224' title='bbox 655 3720 732 3779; x_wconf 77' lang='lat' dir='ltr'><strong>erat</strong></span> <span class='ocrx_word' id='word_1_225' title='bbox 747 3702 961 3790; x_wconf 87' lang='lat' dir='ltr'><strong>barbatum,</strong></span> <span class='ocrx_word' id='word_1_226' title='bbox 990 3718 1028 3779; x_wconf 91' lang='lat' dir='ltr'><strong>et</strong></span> <span class='ocrx_word' id='word_1_227' title='bbox 1052 3701 1230 3779; x_wconf 85' lang='lat' dir='ltr'><strong>credebat</strong></span> <span class='ocrx_word' id='word_1_228' title='bbox 1242 3730 1320 3780; x_wconf 82' lang='lat' dir='ltr'><strong>ease</strong></span> <span class='ocrx_word' id='word_1_229' title='bbox 1336 3700 1493 3808; x_wconf 84' lang='lat' dir='ltr'><strong>ydolum</strong></span> <span class='ocrx_word' id='word_1_230' title='bbox 1509 3702 1616 3808; x_wconf 89' lang='lat' dir='ltr'><strong>quod</strong></span> <span class='ocrx_word' id='word_1_231' title='bbox 1624 3702 1846 3782; x_wconf 76' lang='lat' dir='ltr'><strong>dicebantur</strong></span> 
     </span>
     <span class='ocr_line' id='line_1_26' title="bbox 426 3831 1842 3936; baseline -0.001 -25"><span class='ocrx_word' id='word_1_232' title='bbox 426 3834 604 3924; x_wconf 79' lang='lat' dir='ltr'><strong>adomre3</strong></span> <span class='ocrx_word' id='word_1_233' title='bbox 632 3851 671 3910; x_wconf 88' lang='lat' dir='ltr'><strong>et</strong></span> <span class='ocrx_word' id='word_1_234' title='bbox 688 3834 935 3910; x_wconf 89' lang='lat' dir='ltr'><strong>ostenderunt</strong></span> <span class='ocrx_word' id='word_1_235' title='bbox 958 3833 1081 3913; x_wconf 89' lang='lat' dir='ltr'><strong>eidem</strong></span> <span class='ocrx_word' id='word_1_236' title='bbox 1102 3831 1206 3910; x_wconf 83' lang='lat' dir='ltr'><strong>fratri</strong></span> <span class='ocrx_word' id='word_1_237' title='bbox 1235 3831 1442 3911; x_wconf 87' lang='lat' dir='ltr'><strong>Gnillelmo</strong></span> <span class='ocrx_word' id='word_1_238' title='bbox 1472 3831 1614 3909; x_wconf 69' lang='lat' dir='ltr'><strong>diorum</strong></span> <span class='ocrx_word' id='word_1_239' title='bbox 1638 3834 1779 3936; x_wconf 87' lang='lat' dir='ltr'><strong>capud,</strong></span> <span class='ocrx_word' id='word_1_240' title='bbox 1797 3835 1842 3909; x_wconf 84' lang='lat' dir='ltr'><strong>od</strong></span> 
     </span>
     <span class='ocr_line' id='line_1_27' title="bbox 427 3957 1845 4069; baseline -0.002 -31"><span class='ocrx_word' id='word_1_241' title='bbox 427 3962 622 4041; x_wconf 88' lang='lat' dir='ltr'><strong>sciendum</strong></span> <span class='ocrx_word' id='word_1_242' title='bbox 638 3964 667 4040; x_wconf 91' lang='lat' dir='ltr'><strong>si</strong></span> <span class='ocrx_word' id='word_1_243' title='bbox 695 3981 774 4041; x_wconf 89' lang='lat' dir='ltr'><strong>emt</strong></span> <span class='ocrx_word' id='word_1_244' title='bbox 796 3963 891 4040; x_wconf 89' lang='lat' dir='ltr'><strong>illud</strong></span> <span class='ocrx_word' id='word_1_245' title='bbox 915 3963 1036 4069; x_wconf 88' lang='lat' dir='ltr'><strong>capud</strong></span> <span class='ocrx_word' id='word_1_246' title='bbox 1057 3962 1105 4040; x_wconf 89' lang='lat' dir='ltr'><strong>de</strong></span> <span class='ocrx_word' id='word_1_247' title='bbox 1128 3990 1206 4069; x_wconf 88' lang='lat' dir='ltr'><strong>quo</strong></span> <span class='ocrx_word' id='word_1_248' title='bbox 1224 3962 1326 4039; x_wconf 87' lang='lat' dir='ltr'><strong>idem</strong></span> <span class='ocrx_word' id='word_1_249' title='bbox 1346 3961 1462 4039; x_wconf 80' lang='lat' dir='ltr'><strong>frater</strong></span> <span class='ocrx_word' id='word_1_250' title='bbox 1477 3957 1706 4040; x_wconf 80' lang='lat' dir='ltr'><strong>Guillelmus</strong></span> <span class='ocrx_word' id='word_1_251' title='bbox 1726 3961 1845 4067; x_wconf 88' lang='lat' dir='ltr'><strong>depo·</strong></span> 
     </span>
     <span class='ocr_line' id='line_1_28' title="bbox 427 4089 1843 4201; baseline 0.001 -33"><span class='ocrx_word' id='word_1_252' title='bbox 427 4109 564 4181; x_wconf 86' lang='lat' dir='ltr'><strong>suerat,</strong></span> <span class='ocrx_word' id='word_1_253' title='bbox 578 4110 616 4169; x_wconf 90' lang='lat' dir='ltr'><strong>et</strong></span> <span class='ocrx_word' id='word_1_254' title='bbox 626 4094 822 4200; x_wconf 88' lang='lat' dir='ltr'><strong>respondit</strong></span> <span class='ocrx_word' id='word_1_255' title='bbox 840 4096 945 4201; x_wconf 92' lang='lat' dir='ltr'><strong>quod</strong></span> <span class='ocrx_word' id='word_1_256' title='bbox 964 4121 1060 4184; x_wconf 92' lang='lat' dir='ltr'><strong>non,</strong></span> <span class='ocrx_word' id='word_1_257' title='bbox 1082 4120 1151 4169; x_wconf 90' lang='lat' dir='ltr'><strong>nec</strong></span> <span class='ocrx_word' id='word_1_258' title='bbox 1166 4110 1244 4169; x_wconf 86' lang='lat' dir='ltr'><strong>erat</strong></span> <span class='ocrx_word' id='word_1_259' title='bbox 1257 4108 1380 4170; x_wconf 84' lang='lat' dir='ltr'><strong>certus</strong></span> <span class='ocrx_word' id='word_1_260' title='bbox 1392 4092 1422 4170; x_wconf 87' lang='lat' dir='ltr'><strong>si</strong></span> <span class='ocrx_word' id='word_1_261' title='bbox 1443 4091 1533 4168; x_wconf 77' lang='lat' dir='ltr'><strong>alias</strong></span> <span class='ocrx_word' id='word_1_262' title='bbox 1544 4090 1688 4167; x_wconf 83' lang='lat' dir='ltr'><strong>viderat</strong></span> <span class='ocrx_word' id='word_1_263' title='bbox 1701 4089 1843 4169; x_wconf 88' lang='lat' dir='ltr'><strong>dictum</strong></span> 
     </span>
     <span class='ocr_line' id='line_1_29' title="bbox 426 4222 915 4331; baseline 0.008 -34"><span class='ocrx_word' id='word_1_264' title='bbox 426 4222 547 4327; x_wconf 89' lang='lat' dir='ltr'><strong>capud</strong></span> <span class='ocrx_word' id='word_1_265' title='bbox 564 4222 605 4298; x_wconf 91' lang='lat' dir='ltr'><strong>in</strong></span> <span class='ocrx_word' id='word_1_266' title='bbox 620 4223 736 4301; x_wconf 93' lang='lat' dir='ltr'><strong>domo</strong></span> <span class='ocrx_word' id='word_1_267' title='bbox 754 4224 915 4331; x_wconf 89' lang='lat' dir='ltr'><strong>Templi.</strong></span> 
     </span>
    </p>

    <p class='ocr_par' dir='ltr' id='par_1_6' title="bbox 428 4350 1843 4590">
     <span class='ocr_line' id='line_1_30' title="bbox 483 4350 1843 4461; baseline -0.002 -30"><span class='ocrx_word' id='word_1_268' title='bbox 483 4351 573 4431; x_wconf 78' lang='lat' dir='ltr'><strong>Acta</strong></span> <span class='ocrx_word' id='word_1_269' title='bbox 592 4350 749 4432; x_wconf 88' lang='lat' dir='ltr'><strong>fuerunt</strong></span> <span class='ocrx_word' id='word_1_270' title='bbox 762 4355 834 4432; x_wconf 90' lang='lat' dir='ltr'><strong>hec</strong></span> <span class='ocrx_word' id='word_1_271' title='bbox 847 4356 955 4434; x_wconf 86' lang='lat' dir='ltr'><strong>dictis</strong></span> <span class='ocrx_word' id='word_1_272' title='bbox 973 4355 1035 4433; x_wconf 88' lang='lat' dir='ltr'><strong>die</strong></span> <span class='ocrx_word' id='word_1_273' title='bbox 1056 4371 1094 4433; x_wconf 86' lang='lat' dir='ltr'><strong>et</strong></span> <span class='ocrx_word' id='word_1_274' title='bbox 1111 4356 1211 4447; x_wconf 92' lang='lat' dir='ltr'><strong>loco,</strong></span> <span class='ocrx_word' id='word_1_275' title='bbox 1234 4351 1474 4461; x_wconf 85' lang='lat' dir='ltr'><strong>presentibus</strong></span> <span class='ocrx_word' id='word_1_276' title='bbox 1493 4350 1670 4459; x_wconf 75' lang='lat' dir='ltr'><strong>magistro</strong></span> <span class='ocrx_word' id='word_1_277' title='bbox 1683 4350 1843 4441; x_wconf 77' lang='lat' dir='ltr'><strong>Amisio,</strong></span> 
     </span>
     <span class='ocr_line' id='line_1_31' title="bbox 428 4482 1815 4590; baseline -0.003 -28"><span class='ocrx_word' id='word_1_278' title='bbox 428 4512 488 4563; x_wconf 87' lang='lat' dir='ltr'><strong>me</strong></span> <span class='ocrx_word' id='word_1_279' title='bbox 507 4482 763 4562; x_wconf 85' lang='lat' dir='ltr'><strong>Floriamonte</strong></span> <span class='ocrx_word' id='word_1_280' title='bbox 776 4485 993 4572; x_wconf 87' lang='lat' dir='ltr'><strong>Dondedei,</strong></span> <span class='ocrx_word' id='word_1_281' title='bbox 1014 4502 1053 4561; x_wconf 86' lang='lat' dir='ltr'><strong>et</strong></span> <span class='ocrx_word' id='word_1_282' title='bbox 1063 4485 1144 4562; x_wconf 79' lang='lat' dir='ltr'><strong>eliis</strong></span> <span class='ocrx_word' id='word_1_283' title='bbox 1157 4484 1312 4563; x_wconf 74' lang='lat' dir='ltr'><strong>notariis</strong></span> <span class='ocrx_word' id='word_1_284' title='bbox 1320 4511 1433 4590; x_wconf 87' lang='lat' dir='ltr'><strong>supra</strong></span> <span class='ocrx_word' id='word_1_285' title='bbox 1449 4482 1588 4561; x_wconf 87' lang='lat' dir='ltr'><strong>ultimo</strong></span> <span class='ocrx_word' id='word_1_286' title='bbox 1602 4482 1815 4560; x_wconf 84' lang='lat' dir='ltr'><strong>nominetis.</strong></span> 
     </span>
    </p>
   </div>
   <div class='ocr_carea' id='block_1_6' title="bbox 483 4736 1841 4845">
    <p class='ocr_par' dir='ltr' id='par_1_7' title="bbox 483 4736 1841 4845">
     <span class='ocr_line' id='line_1_32' title="bbox 483 4736 1841 4845; baseline -0.005 -28"><span class='ocrx_word' id='word_1_287' title='bbox 483 4743 570 4819; x_wconf 83' lang='lat' dir='ltr'><strong>Post</strong></span> <span class='ocrx_word' id='word_1_288' title='bbox 586 4745 672 4827; x_wconf 89' lang='lat' dir='ltr'><strong>bec,</strong></span> <span class='ocrx_word' id='word_1_289' title='bbox 685 4746 748 4821; x_wconf 90' lang='lat' dir='ltr'><strong>die</strong></span> <span class='ocrx_word' id='word_1_290' title='bbox 763 4741 938 4819; x_wconf 88' lang='lat' dir='ltr'><strong>Mercurii</strong></span> <span class='ocrx_word' id='word_1_291' title='bbox 952 4740 1141 4844; x_wconf 84' lang='lat' dir='ltr'><strong>sequenti,</strong></span> <span class='ocrx_word' id='word_1_292' title='bbox 1152 4768 1230 4845; x_wconf 86' lang='lat' dir='ltr'><strong>que</strong></span> <span class='ocrx_word' id='word_1_293' title='bbox 1242 4740 1316 4819; x_wconf 77' lang='lat' dir='ltr'><strong>fuit</strong></span> <span class='ocrx_word' id='word_1_294' title='bbox 1325 4766 1377 4819; x_wconf 88' lang='grc' dir='ltr'><strong>ιιι</strong></span> <span class='ocrx_word' id='word_1_295' title='bbox 1387 4740 1469 4817; x_wconf 83' lang='lat' dir='ltr'><strong>dies</strong></span> <span class='ocrx_word' id='word_1_296' title='bbox 1483 4738 1574 4816; x_wconf 81' lang='lat' dir='ltr'><strong>dieti</strong></span> <span class='ocrx_word' id='word_1_297' title='bbox 1584 4737 1724 4815; x_wconf 76' lang='lat' dir='ltr'><strong>mensis</strong></span> <span class='ocrx_word' id='word_1_298' title='bbox 1736 4736 1841 4823; x_wconf 78' lang='lat' dir='ltr'><strong>Maii,</strong></span> 
     </span>
    </p>
   </div>
   <div class='ocr_carea' id='block_1_7' title="bbox 0 0 2141 5940">
    <p class='ocr_par' dir='ltr' id='par_1_8' title="bbox 0 0 2141 5940">
     <span class='ocr_line' id='line_1_33' title="bbox 0 0 2141 5940; baseline 0 0"><span class='ocrx_word' id='word_1_299' title='bbox 0 0 2141 5940; x_wconf 95' lang='lat' dir='ltr'><strong> </strong></span> 
     </span>
    </p>
   </div>
  </div>
 </body>
</html>
