4230 5956
426 520 428 524 ,
455 459 527 535 tot
844 439 1038 530 mouns
1064 455 1159 526 ons
1185 455 1480 528 rnnrmnns.

452 619 543 678 tnnc
562 602 663 676 idem
684 599 797 675 frater
815 597 1044 676 Guillermns
1064 596 1243 701 aportavit
1260 595 1331 673 sibi
1350 596 1551 703 quamdam
1569 624 1720 673 crucem
1738 600 1777 673 in
1798 629 1869 704 qua

454 751 532 809 erat
550 759 682 839 ymago
702 731 817 806 lhesu
836 728 993 814 Christi,
1016 745 1053 803 et
1075 728 1205 832 petivit
1226 728 1410 834 recipiens
1429 729 1535 834 cujus
1557 729 1767 835 ymaginem
1795 759 1872 806 cre-

453 863 566 940 debat
585 891 665 939 esse
687 861 756 947 ibi,
781 861 915 964 etipse
935 858 1128 962 respondit
1148 858 1252 962 quod
1272 858 1481 966 ymaginem
1501 859 1619 934 Jhesu
1645 859 1803 949 Christi3
1834 878 1871 935 et

452 1010 543 1069 tunc
561 993 727 1098 precepit
745 990 815 1066 sibi
835 990 939 1095 qnod
961 1005 1112 1095 negaret
1131 987 1238 1064 illum
1258 989 1364 1094 cujus
1384 989 1502 1092 figura
1522 1006 1600 1063 erat
1619 987 1689 1075 ihi,
1713 1006 1750 1065 et
1763 1019 1870 1094 spue-

452 1140 509 1199 ret
526 1140 583 1198 ter
599 1149 710 1227 supra
725 1149 890 1209 crucem,
913 1121 999 1225 quia
1015 1119 1087 1195 hoc
1103 1132 1182 1194 erat
1193 1118 1330 1195 modus
1344 1118 1502 1205 ordinis,
1520 1135 1557 1194 et
1573 1135 1663 1193 tunc
1678 1118 1756 1223 ipse
1768 1118 1868 1206 lecit,

453 1280 518 1331 ore
534 1270 572 1329 et
587 1280 664 1328 non
685 1252 810 1328 corde.
833 1250 935 1328 Dixit
956 1250 1071 1324 eciam
1086 1275 1154 1353 per
1167 1248 1424 1353 juramentum
1445 1275 1554 1324 suum
1576 1248 1679 1353 quod
1694 1250 1872 1353 recipiens

452 1383 539 1459 fecit
558 1410 597 1460 se
615 1382 772 1458 osculari
793 1381 838 1458 ah
859 1409 904 1457 eo
925 1382 963 1455 in
984 1378 1180 1468 umbilico;
1203 1395 1240 1454 et
1256 1395 1387 1483 postea
1407 1379 1568 1485 injunxit
1587 1378 1657 1455 sibi
1678 1379 1782 1484 quod
1798 1407 1872 1455 om-

453 1514 542 1590 nino
555 1513 759 1590 abstineret
773 1541 794 1586 a
809 1510 1049 1596 mulieribus,
1068 1525 1104 1585 et
1123 1508 1153 1582 si
1170 1508 1270 1584 calor
1288 1507 1463 1584 naturalis
1483 1525 1634 1613 urgeret
1648 1534 1736 1584 eum
1753 1510 1800 1584 ad
1815 1511 1872 1584 in-

453 1643 739 1729 continenciam,
762 1641 864 1746 quod
884 1643 961 1745 ipse
981 1657 1018 1716 et
1036 1639 1095 1714 alii
1115 1638 1245 1715 fratres
1261 1639 1404 1715 ordinis
1422 1637 1701 1745 refrigescerent
1715 1667 1754 1714 se
1772 1667 1870 1715 nnus

453 1802 537 1850 cum
559 1773 652 1860 alio,
679 1800 748 1848 nec
775 1772 867 1849 ordo
893 1771 1147 1846 diffamaretur
1173 1797 1241 1873 pro
1267 1769 1500 1846 mulieribus.
1529 1771 1778 1876 Interrogatus
1801 1798 1869 1873 per

446 1907 703 2012 juramentum
722 1888 848 1978 utrum
875 1902 953 2007 ipse
973 1901 1025 1989 vi,
1047 1899 1105 1975 vel
1124 1916 1227 1976 metu
1251 1901 1406 1976 carceris
1427 1917 1492 1976 aut
1514 1916 1808 1982 tormentorum,
1832 1902 1869 1974 in

451 2035 640 2140 premissis
657 2034 899 2110 immiscuerit
919 2049 982 2108 aut
1000 2030 1134 2108 dixerit
1151 2030 1315 2135 aliquam
1334 2028 1549 2119 falsitatem,
1570 2048 1633 2107 aut
1652 2029 1872 2106 subticuerit

452 2164 657 2251 veritatem,
681 2164 771 2239 dixit
800 2193 867 2269 per
890 2163 1147 2268 juramentum
1171 2189 1282 2237 suum
1302 2161 1405 2266 quod
1430 2187 1522 2247 non,
1543 2178 1587 2237 et
1612 2159 1716 2266 quod
1737 2189 1868 2264 puram

452 2295 642 2369 veritatem
661 2292 752 2367 dixit
771 2308 808 2368 et
823 2320 976 2367 meram.

509 2556 602 2629 ltem
624 2579 736 2642 anno,
759 2553 959 2642 indicione,
976 2554 1196 2658 pontificatu
1213 2571 1251 2629 et
1271 2555 1334 2630 die
1348 2580 1407 2631 xrx
1426 2552 1620 2658 predictis,
1644 2556 1681 2629 in
1703 2554 1790 2631 dicti
1805 2554 1872 2630 lra-

451 2683 520 2760 tris
538 2683 732 2760 Laurencii
754 2683 995 2761 commissarii
1019 2680 1431 2790 supradicti,··nostrum
1447 2684 1679 2761 notariorum
1700 2683 1872 2790 publico-

453 2845 535 2891 rum
561 2832 597 2892 et
620 2816 772 2893 testium
798 2814 1112 2919 infrascriptorum
1145 2817 1333 2920 presencia
1363 2813 1606 2920 personaliter
1630 2816 1869 2901 constitutus,

452 2944 565 3022 frater
579 2946 805 3022 Bertrandus
822 2946 869 3022 de
890 2946 1153 3051 Montigniaco.
1176 2943 1365 3032 Auberici,
1387 2946 1493 3022 etatis
1517 2946 1785 3052 quinquaginta
1808 2974 1872 3021 an-

453 3100 589 3148 norum
602 3074 659 3149 vel
674 3076 787 3159 circa,
812 3075 945 3150 eodem
963 3075 1077 3151 modo
1090 3075 1253 3180 juratus,
1273 3093 1310 3150 et
1320 3075 1523 3180 requisitus
1537 3103 1605 3180 per
1613 3075 1870 3181 juramentum

453 3230 578 3289 suum,
602 3202 693 3276 dixit
713 3203 817 3307 quod
837 3220 1007 3307 receptus
1025 3204 1094 3279 luit
1110 3232 1178 3309 per
1196 3203 1348 3280 fratrem
1365 3206 1546 3281 loannem
1567 3205 1614 3281 de
1635 3205 1813 3312 Sarnay0,
1831 3207 1872 3281 in

454 3330 567 3406 domo
586 3332 853 3419 suessionensi,
874 3333 1111 3438 presentibus
1127 3332 1236 3409 fratre
1253 3334 1420 3411 Gerardo
1435 3335 1715 3441 dedrgentolio
1730 3336 1869 3423 milite,

454 3479 490 3538 et
511 3461 622 3539 fratre
642 3464 808 3569 Remigio
826 3465 872 3539 de
884 3463 1058 3554 Plosiaco,
1075 3482 1112 3540 et
1126 3465 1348 3569 quibusdam
1365 3467 1457 3556 aliis,
1471 3485 1553 3544 octo
1564 3468 1648 3542 anni
1659 3485 1744 3543 sunt
1758 3468 1871 3572 elapsi

454 3594 508 3669 vel
518 3595 623 3670 circa.
634 3595 859 3671 Dixiteciam
870 3622 936 3699 per
944 3595 1199 3701 juramentum
1215 3625 1326 3671 suum
1338 3599 1458 3702 quod,
1476 3615 1559 3702 post
1573 3598 1708 3701 multas
1722 3600 1873 3702 promis·

353 3746 356 3750 ’
453 3727 575 3803 siones
590 3726 636 3802 de
662 3726 806 3802 statutis
836 3746 871 3801 et
891 3727 1040 3802 secretis
1055 3727 1198 3803 ordinis
1218 3728 1456 3804 observandis
1471 3730 1515 3805 ab
1535 3758 1580 3806 eo
1599 3731 1726 3817 lactas,
1749 3729 1871 3805 dictus

453 3856 653 3961 recipiens,
675 3874 872 3961 preceptor
895 3874 985 3933 tunc
1014 3858 1110 3933 dicte
1137 3858 1270 3934 domus
1297 3859 1587 3948 suessionensis,
1616 3859 1776 3936 ostendit
1799 3858 1870 3935 sibi

452 3987 651 4089 quamdam
671 4016 816 4062 crucem
838 3988 875 4060 in
895 4016 968 4092 qua
989 4005 1066 4063 erat
1084 4016 1216 4094 ymago
1235 3988 1349 4064 lhesu
1370 3989 1506 4066 Christi
1535 3991 1695 4095 depicta,
1722 4007 1760 4066 et
1781 3990 1874 4066 dixit

452 4113 522 4191 sihi
540 4118 643 4221 quod
663 4146 738 4193 non
755 4118 922 4194 crederet
937 4118 975 4191 in
992 4146 1093 4206 eum,
1113 4119 1201 4223 quia
1216 4118 1329 4195 nichil
1349 4137 1441 4210 erat,
1460 4137 1496 4195 et
1510 4121 1612 4225 quod
1626 4138 1703 4196 erat
1718 4120 1873 4225 quidam

453 4245 564 4323 falsus
576 4248 770 4352 propheta,
787 4266 823 4326 et
836 4249 950 4325 nichil
970 4248 1133 4338 valebat3
1157 4251 1271 4326 immo
1285 4252 1454 4328 crederet
1473 4253 1511 4327 in
1527 4254 1649 4329 Deum
1667 4252 1747 4328 Ccli
1764 4277 1874 4357 supe-

451 4378 605 4466 riorem,
628 4378 690 4483 qui
712 4396 857 4483 poterat
869 4380 1022 4467 salvare3
1046 4399 1082 4455 et
1100 4381 1265 4485 precepit
1283 4381 1398 4457 eciam
1419 4382 1522 4488 quod
1541 4383 1619 4487 ipse
1640 4399 1790 4487 spueret
1810 4410 1873 4456 su-

453 4536 517 4611 pra
541 4538 689 4585 crucem
710 4527 746 4585 et
763 4511 972 4617 ymaginem
993 4512 1214 4615 predictam,
1237 4529 1273 4588 et
1292 4531 1382 4589 tunc
1400 4512 1478 4618 ipse
1499 4514 1563 4618 qui
1581 4513 1748 4619 loquitur
1765 4511 1873 4587 finxit

453 4663 492 4711 se
512 4665 660 4742 spuere,
687 4641 753 4716 sed
773 4668 850 4715 non
870 4640 970 4745 spuit
989 4669 1098 4745 supra
1112 4643 1214 4747 quod
1234 4661 1373 4747 posset,
1395 4645 1513 4719 immo
1534 4644 1634 4748 spuit
1653 4643 1700 4719 ad
1720 4661 1870 4719 terram.

454 4764 539 4856 Quo
552 4766 647 4843 sacto
668 4768 788 4844 dictus
806 4770 988 4873 recipiens
1011 4772 1117 4846 traxit
1138 4774 1290 4848 eumad
1315 4791 1473 4877 partem,
1501 4790 1539 4849 et
1557 4774 1684 4850 levatis
1708 4772 1872 4850 vestibus
