4230 5956
466 489 513 560 oo
849 457 1170 553 ruocssoss
1196 472 1497 547 resparsus.

465 625 626 713 ordinis,
648 637 686 698 et
707 646 930 725 responsum
953 620 987 695 ei
1014 618 1144 695 fuisset
1161 615 1266 722 quod
1289 616 1390 692 bene
1412 613 1653 700 deliberaret,
1671 617 1758 720 quia
1778 641 1885 719 opor·

463 773 562 837 teret
586 782 673 831 eum
694 781 714 829 a
734 779 773 829 se
801 749 972 827 abdicare
995 747 1184 854 propriam
1208 747 1441 824 voluntatem
1462 763 1500 821 et
1521 743 1657 850 subjici
1678 742 1820 831 aliene,
1846 763 1884 821 et

465 885 584 962 m'ulta
605 884 697 960 dura
721 899 758 957 et
780 909 908 987 aspera
932 878 1134 966 sustinere;
1157 874 1319 954 finaliter
1345 904 1433 952 cum
1460 875 1582 952 dictus
1601 893 1770 982 receptor
1791 876 1884 952 deli-

464 1014 630 1091 berasset
649 1040 736 1088 eum
757 1010 939 1115 recipere,
962 1009 1106 1113 poscito
1124 1007 1171 1083 ab
1192 1034 1238 1084 eo
1257 1006 1337 1082 sine
1352 1007 1569 1114 juramento
1589 1006 1695 1110 quod
1711 1032 1786 1080 non
1808 1024 1885 1081 erat

465 1144 606 1223 servilis
631 1141 882 1230 condicionis,
911 1168 980 1216 nec
1006 1138 1365 1228 excommunicatus,
1392 1164 1461 1213 noc
1485 1135 1748 1225 matrimonio,
1779 1136 1885 1212 alteri

463 1274 635 1380 religioni
659 1300 729 1348 nec
752 1270 889 1347 debitis
908 1292 981 1376 que
1002 1297 1077 1345 non
1099 1284 1224 1373 posset
1243 1267 1384 1344 solvere
1405 1265 1608 1372 obligatus,
1634 1293 1702 1343 nec
1724 1266 1887 1343 habebat

465 1403 721 1479 infirmitatem
734 1401 939 1488 latentem,
962 1399 1050 1475 lecit
1077 1427 1165 1475 eum
1182 1419 1315 1476 vovere
1338 1416 1377 1475 et
1393 1397 1522 1505 jurare
1548 1397 1768 1483 castitatem,
1793 1397 1885 1472 obe-

465 1534 670 1620 dienciam,
692 1533 813 1607 vivere
832 1530 913 1606 sine
934 1530 1103 1635 proprio,
1128 1546 1164 1604 et
1187 1556 1331 1605 servare
1351 1527 1474 1605 bonos
1489 1554 1581 1603 usus
1601 1543 1641 1603 et
1658 1525 1775 1602 bonas
1795 1554 1884 1602 con-

464 1662 684 1738 suetudines
705 1662 770 1767 qui
793 1678 885 1736 tunc
908 1677 1013 1736 erant
1037 1660 1076 1734 in
1102 1659 1254 1746 ordine,
1284 1675 1322 1735 et
1349 1658 1415 1765 qui
1436 1658 1475 1732 in
1503 1671 1696 1762 posterum
1713 1655 1885 1761 impone·
1975 1666 1979 1672 “

466 1809 596 1869 rentur
615 1820 701 1867 cum
723 1790 879 1866 consilio
902 1788 1106 1894 proborum
1131 1789 1295 1876 ordinis;
1325 1806 1363 1864 et
1385 1786 1563 1893 imposito
1588 1786 1659 1864 sibi
1685 1785 1883 1872 mantello,

465 1939 636 2027 receptor
656 1938 693 1997 et
712 1921 809 1997 alius
829 1919 937 1997 miles
954 1917 1109 1995 fuerunt
1129 1946 1217 1994 eum
1242 1916 1396 1995 osculati
1416 1917 1456 1993 in
1477 1944 1560 2005 ore;
1582 1933 1620 1992 et
1639 1945 1684 1992 eo
1703 1915 1884 1992 instructo

466 2068 559 2157 quot
577 2053 690 2128 Pater
706 2065 821 2127 noster
837 2077 906 2154 pro
927 2048 1031 2125 horis
1053 2049 1130 2126 suis
1153 2049 1295 2126 diceret
1315 2064 1352 2124 et
1371 2046 1589 2154 qualiterse
1613 2047 1653 2121 in
1676 2045 1808 2121 ordine
1829 2074 1887 2120 re-

465 2199 585 2289 geret,
602 2197 852 2267 recesserunt3
870 2197 907 2256 et
926 2209 994 2284 per
1007 2180 1172 2256 eundem
1189 2180 1348 2257 modum
1367 2178 1461 2255 vidit
1482 2177 1598 2282 recipi
1618 2175 1884 2281 infrascriptos,

465 2309 639 2386 videlicet
652 2308 784 2386 fratres
795 2308 1056 2387 Guaulredum
1068 2308 1236 2386 Goumar
1250 2309 1413 2416 militem¹
1431 2308 1624 2413 quondam
1639 2308 1886 2384 Xantouensis

467 2440 642 2527 diocesis,
671 2457 708 2517 et
735 2441 944 2517 iohannem
970 2438 1017 2515 de
1042 2441 1183 2527 Ruans,
1209 2455 1343 2515 testem
1369 2465 1481 2543 supra
1503 2436 1671 2544 juratum
1697 2437 1764 2513 sed
1790 2466 1886 2513 non-

468 2571 559 2646 dum
586 2570 851 2659 examinatum,
882 2569 1105 2646 servientem
1127 2567 1311 2659 similiter,
1337 2568 1431 2644 circa
1458 2569 1600 2644 instans
1627 2567 1765 2645 festum
1784 2566 1884 2643 beati

467 2698 634 2778 barnabe
652 2716 762 2777 erunt
786 2727 833 2776 xn
856 2699 944 2776 anni
959 2698 1018 2775 vel
1030 2699 1142 2786 circa,
1167 2699 1206 2778 in
1221 2697 1362 2804 capella
1376 2699 1514 2775 domus
1531 2697 1681 2804 Templi
1699 2698 1747 2774 de
1761 2698 1884 2784 Ouso,

468 2859 535 2936 per
558 2829 710 2907 fratrem
735 2830 888 2906 Petrum
909 2830 956 2906 de
975 2829 1180 2908 Villaribus
1198 2828 1407 2935 quondam,
1432 2845 1524 2904 tunc
1552 2820 1809 2934 preceptorem
1828 2830 1888 2905 Pi-

468 2962 603 3050 ctavie,
631 2959 869 3063 presentibus
898 2958 1075 3037 fratribus
1103 2958 1309 3037 Guillelmo
1342 2958 1417 3035 deu
1442 2959 1555 3066 Liege
1585 2975 1802 3065 preceptore
1839 2959 1886 3034 de

390 3153 395 3159 .
469 3088 641 3192 Rupella,
665 3104 760 3164 teste
780 3116 891 3194 supra
915 3091 1139 3176 examinato,
1168 3091 1278 3165 Petro
1299 3088 1347 3167 de
1371 3090 1535 3167 Turonis
1555 3106 1592 3166 et
1610 3088 1817 3168 Guillelmo
1838 3089 1886 3164 de

468 3216 592 3308 Blere,
607 3218 672 3324 qui
684 3216 922 3295 detinebatur
936 3219 1038 3323 apud
1050 3218 1267 3324 Caynonem
1284 3220 1507 3300 Pictavensis
1530 3220 1705 3311 diocesis,
1719 3219 1887 3299 Gerardo

470 3347 517 3422 de
534 3347 768 3455 Anguihaco,
788 3349 876 3424 alias
896 3349 1158 3454 cognominato
1179 3350 1340 3438 Judicis,
1359 3367 1455 3427 teste
1472 3369 1557 3428 ante
1582 3352 1635 3429 eri
1660 3352 1885 3429 examinato,

470 3492 507 3551 et
523 3476 697 3582 pluribus
709 3476 800 3554 aliis.
823 3478 926 3554 Vidit
937 3478 1054 3554 eciam
1068 3479 1183 3582 recipi
1196 3477 1346 3556 fratrem
1360 3480 1623 3573 Salomonem,
1638 3482 1886 3589 presbiterum

471 3607 519 3682 de
533 3607 734 3695 Xantonia,
757 3608 864 3714 cujus
880 3635 1088 3715 cognomen
1105 3608 1264 3714 ignorat,
1286 3637 1399 3715 quem
1419 3612 1539 3688 credit
1554 3612 1675 3690 vivere
1693 3613 1732 3689 in
1748 3611 1887 3718 capella

470 3737 608 3814 domus
627 3737 776 3843 Templi
800 3737 847 3814 de
872 3736 1016 3843 Campo
1035 3737 1183 3815 Gilonis
1204 3740 1425 3817 Pictavensis
1450 3742 1625 3831 diocesis,
1648 3773 1717 3849 per
1737 3743 1885 3819 fratrem

470 3866 718 3945 Guillelmum
744 3869 793 3945 de
819 3865 929 3945 Blere
954 3887 1212 3975 preceptorem
1239 3870 1337 3947 dicte
1365 3873 1517 3965 domus,
1545 3875 1584 3950 in
1615 3875 1767 3951 instanti
1792 3871 1886 3948 festo

470 4000 672 4075 Remorum
697 3998 909 4106 palmorum
938 3999 1206 4077 erunt'aanni
1230 4002 1286 4078 vel
1311 4002 1420 4093 circa,
1452 4005 1690 4110 presentibus
1713 4001 1887 4079 fratribus

473 4128 638 4207 lloherto
661 4129 708 4206 de
732 4130 887 4220 Chesat,
916 4148 953 4207 et
970 4129 1198 4237 quibusdam
1223 4131 1305 4208 aliis
1323 4133 1372 4211 de
1392 4160 1561 4241 quorum·
1575 4116 1792 4214 nominibus
1811 4161 1887 4208 non

472 4258 813 4368 recordatur.Vidit
832 4261 950 4338 eciam
970 4262 1084 4369 recipi
1106 4261 1404 4341 insimullratres
1417 4267 1569 4344 Petrum
1584 4264 1888 4345 derastanbatz

471 4387 787 4496 Engolismensis,
815 4408 853 4467 et
878 4392 1085 4471 Robertum
1111 4393 1148 4469 lo
1168 4393 1390 4473 Chamaleut
1412 4396 1709 4486 Aurelianensis,
1739 4413 1781 4472 ut
1808 4422 1887 4470 cre·
1925 4424 1929 4431 ¹

472 4516 545 4605 dit,
566 4519 789 4610 diocesium,
810 4521 1012 4598 servientes
1027 4522 1251 4612 dellunctos,
1268 4525 1307 4601 in
1327 4527 1467 4632 capella
1488 4527 1626 4604 domus
1645 4525 1693 4600 de
1712 4523 1887 4625 Espaucis

471 4644 692 4725 Pictavensis
712 4650 888 4741 diocesis,
908 4677 978 4755 per
998 4648 1148 4726 fratrem
1170 4655 1322 4732 Petrum
1344 4655 1392 4731 de
1414 4653 1561 4732 Madico
1584 4653 1743 4730 militem
1765 4676 1887 4755 quon-

473 4773 576 4863 dam,
606 4794 696 4853 tunc
725 4778 850 4858 locum
877 4795 1071 4857 tenentem
1096 4779 1308 4871 visitatoris,
1337 4800 1447 4860 erunt
1471 4808 1531 4861 xxr
1557 4783 1615 4860 vel
1635 4806 1709 4859 xxu
1734 4780 1821 4856 anni
1847 4781 1885 4856 in
