4230 5956
424 488 493 559 rsa
816 456 1004 551 anonas
1029 475 1123 548 nus
1148 475 1443 549 ratramnus.

418 622 605 708 eradebat,
628 633 665 693 et
685 616 791 722 quod
810 641 941 694 eomm
958 615 1169 693 sacerdotes
1190 614 1317 693 debite
1336 614 1579 694 celebrarent.
1606 618 1741 707 Statim
1762 645 1832 727 pro

309 832 316 845 ‚
418 747 592 859 professis
617 742 865 834 habebantur,
895 762 933 821 et
957 744 1078 822 credit
1101 744 1206 852 quod
1226 745 1593 852 jurarencordinem
1617 775 1697 825 non
1717 747 1829 826 exire.

416 872 655 956 Clandestina
676 871 964 979 recipiebantur,
992 873 1108 952 nullis
1129 873 1369 979 presentibus
1388 873 1460 951 nisi
1479 874 1830 956 fratribus‘ordinis.

415 1003 590 1085 Cordulis
615 1004 717 1080 unde
735 1004 911 1081 volebant
933 1004 1134 1109 assumptis
1156 1004 1401 1112 cingebantur
1419 1031 1531 1111 super
1553 1007 1722 1084 camisias
1746 1037 1832 1084 cum

415 1133 555 1243 quibus
576 1135 761 1244 jacebant.
791 1136 1062 1245 lnjungebatur
1085 1135 1140 1212 eis
1158 1162 1226 1241 per
1244 1153 1518 1214 sacramentum
1539 1135 1645 1243 quod
1665 1164 1714 1215 ne
1731 1164 1834 1216 reve-

415 1266 537 1344 larent
565 1283 704 1343 secreta
735 1265 999 1373 capituliorum
1026 1293 1096 1342 nec
1124 1266 1282 1342 modum
1314 1265 1545 1372 reoepcionis
1575 1293 1656 1343 sue.
1689 1269 1835 1347 Fratres

415 1395 575 1474 scientes
599 1425 745 1475 errones
768 1396 999 1504 negligentes
1023 1395 1195 1484 fuerunt,
1218 1397 1402 1502 quianon
1421 1413 1662 1474 corrererunt
1681 1424 1745 1475 eos
1762 1424 1834 1475 nec

416 1528 736 1606 denunciaverunt
761 1526 937 1604 Ecclesia.
966 1525 1198 1604 Elemosinas
1222 1542 1260 1603 et
1278 1525 1680 1632 hospitalitatem-vidit
1696 1554 1836 1607 conve·

416 1660 564 1738 uianter
582 1658 663 1736 lieri
684 1676 722 1737 et
741 1659 875 1736 servari
895 1658 934 1734 in
951 1656 1130 1736 domibus
1143 1656 1287 1734 ordinis
1304 1657 1343 1733 in
1359 1656 1502 1764 quibus
1517 1657 1831 1737 exstititoommo·

416 1807 529 1868 ratus.
551 1791 693 1866 Eorum
712 1787 887 1896 capitulio
905 1787 1000 1864 clam
1017 1786 1256 1877 tenebantur,
1277 1785 1394 1865 nullis
1408 1786 1650 1894 presentibus
1666 1787 1738 1866 nisi
1758 1787 1831 1867 lra-

415 1919 537 1998 tribus
555 1919 719 2008 ordinis,
737 1919 779 1995 ⁴iu
799 1946 875 2025 quo
895 1934 1081 1996 servatum
1101 1913 1233 1994 fuisset
1253 1915 1536 2024 quodmagnns
1554 1916 1728 2024 Magister
1745 1946 1830 1996 cnm

417 2067 601 2129 conuentu
621 2048 820 2128 statuisset.
842 2049 949 2126 Nunc
963 2045 1117 2154 grandia
1131 2045 1320 2137 scandale,
1342 2046 1505 2154 suspicio
1525 2063 1569 2123 et·
1580 2045 1730 2123 infamia
1744 2066 1833 2126 sunt

417 2194 542 2258 exorta
551 2197 678 2256 contra
689 2179 833 2256 dictum
846 2178 1038 2266 ordinem,
1056 2194 1185 2254 contra
1197 2202 1312 2284 quem
1324 2175 1448 2255 dictus
1457 2176 1632 2284 Magister
1649 2193 1687 2256 et
1700 2176 1764 2255 alii
1777 2177 1835 2254 di·
1884 2209 1889 2220 ·

416 2324 552 2386 cuntur
566 2308 689 2414 aliqua
707 2305 1018 2397 luisseconfessi3
1041 2306 1089 2383 ad
1108 2307 1215 2415 cujus
1233 2304 1378 2385 ordinis
1396 2307 1668 2386 deffensionem
1692 2335 1732 2385 sa
1755 2335 1831 2387 non

417 2436 621 2516 obtulerat:
638 2454 676 2513 et
689 2452 911 2542 protestatus
925 2434 1013 2526 luit,
1029 2436 1124 2513 circa
1132 2437 1361 2543 principium
1374 2435 1625 2544 deposicionis
1635 2438 1830 2545 sue,quod

416 2595 494 2646 non
512 2565 734 2644 intendebat
752 2566 976 2644 recederes
1000 2565 1239 2671 deposicione
1264 2594 1332 2673 per
1355 2592 1444 2644 eum
1468 2566 1703 2647 factaooram
1730 2569 1831 2646 dicto

416 2697 572 2777 domino
592 2696 868 2804 archiepiscopo
888 2696 1112 2776 Turonensi.

471 2830 685 2938 Requisitus
703 2828 734 2906 si
750 2828 1036 2934 sicdeposuerat
1051 2854 1177 2934 prece,
1189 2843 1379 2936 precepto,
1394 2825 1546 2920 timore,
1563 2856 1707 2916 amore,
1723 2829 1829 2919 odio,

417 2960 474 3037 vel
492 2959 691 3066 temporali
712 2960 873 3037 comodo
893 2958 1023 3036 habito
1041 2957 1100 3035 vel
1119 2957 1308 3045 habendo,
1324 2957 1518 3065 respondit
1530 2957 1633 3065 quod
1651 2985 1747 3049 non,
1765 2959 1832 3036 sad

415 3116 486 3196 pro
511 3091 664 3167 veritate
690 3089 866 3178 dicenda3
888 3090 947 3166 cui
972 3088 1044 3181 fuit
1071 3087 1417 3197 injunctum'quod
1439 3115 1517 3167 non
1538 3087 1718 3167 revelaret
1736 3089 1832 3166 hanc

417 3247 524 3296 suam
543 3218 841 3325 deposicionem,
862 3246 1062 3326 quousque
1082 3219 1345 3298 attestaciones
1361 3218 1503 3297 hierint
1519 3217 1719 3326 publicata.

472 3479 600 3557 Frater
627 3477 856 3558 Guillelmus
877 3478 1092 3588 Talheboys
1111 3479 1292 3569 serviens,
1313 3480 1562 3558 Xantonensis
1579 3480 1756 3572 diocesis,
1777 3498 1833 3559 te·

416 3611 483 3688 stis
500 3615 612 3715 supra
620 3609 786 3715 juratus,
808 3608 872 3716 qui
889 3610 1111 3687 mantellum
1138 3609 1331 3690 dimiserat
1349 3626 1531 3688 vetustate
1549 3627 1830 3718 consumptum,

416 3756 454 3817 et
471 3738 626 3818 barbam
654 3739 790 3817 fecerat
818 3738 890 3817 sibi
916 3740 1014 3830 radi,
1041 3739 1237 3819 absolutus
1261 3757 1300 3818 et
1327 3740 1590 3819 reconciliatus
1617 3739 1737 3819 luerat
1767 3769 1835 3847 per

416 3867 559 3965 dictum
582 3868 901 3975 archiepiscopum
921 3871 1199 3963 Turonensem,
1223 3870 1290 3977 qui
1308 3870 1549 3977 inquisiverat
1565 3898 1652 3948 cum
1678 3868 1829 3958 eodem,

415 3997 658 4106 quadraginta
672 3999 839 4106 quinque
852 4027 1037 4078 annorum
1049 3999 1108 4077 vel
1122 4000 1233 4092 circa,
1248 3999 1521 4106 protestacione
1534 3999 1710 4107 premissa
1725 3998 1833 4107 quod

416 4127 676 4206 non-intendit
695 4130 872 4209 recedere
892 4159 912 4207 a
930 4130 1170 4238 deposicione
1191 4158 1260 4236 per
1284 4139 1373 4208 eum
1388 4129 1482 4207 facta
1501 4158 1625 4208 corum
1647 4130 1749 4208 dicto
1761 4130 1834 4210 'do-

297 4333 299 4336 ,
416 4255 521 4334 mino
544 4257 840 4368 archiepiscopo,
864 4261 970 4341 lectis
996 4278 1034 4338 et
1061 4260 1264 4371 diligenter
1290 4260 1467 4368 expositis
1498 4260 1568 4339 sibi
1589 4261 1770 4339 omnibus
1797 4278 1834 4339 et

414 4387 570 4498 singuiis
590 4391 769 4480 articulis,
790 4394 984 4499 respondit
998 4393 1104 4499 'quod
1119 4392 1269 4471 nullum
1284 4391 1401 4470 alium
1418 4392 1563 4471 viderat
1581 4393 1697 4500 recipi
1714 4394 1754 4469 in
1775 4421 1835 4470 or·

415 4517 519 4608 dine,
541 4520 643 4597 unde
658 4519 866 4607 nesciebat,
888 4548 957 4598 nce
974 4521 1165 4615 credebat,
1184 4549 1255 4601 nec
1273 4522 1465 4601 audiverat
1487 4523 1560 4600 dici
1581 4522 1630 4600 de
1650 4523 1834 4602 contentis

414 4649 452 4724 in
478 4647 587 4727 dictis
607 4650 771 4728 articulis
788 4649 859 4726 nisi
880 4650 984 4755 quod
1006 4651 1176 4756 sequitur
1199 4683 1207 4728 ε
1228 4652 1331 4731 Dixit
1357 4679 1520 4759 namque
1541 4680 1581 4730 se
1600 4651 1713 4730 briaae
1731 4677 1833 4727 rece-
1922 4662 1926 4669 '

417 4791 523 4881 ptum
544 4779 583 4854 in
597 4779 737 4885 capella
755 4780 892 4858 domus
905 4777 1055 4884 Templi
1069 4780 1115 4857 de
1132 4778 1238 4859 Bello
1249 4781 1386 4860 Videre
1399 4758 1641 4879 Bituriceusis
1655 4779 1830 4867 diocesis,
