4268 5946
472 491 539 560 res
852 469 1045 560 rnocts
1072 487 1166 560 oss
1192 488 1493 561 renarrans.
1523 530 1531 539 -

467 629 648 706 modum:
671 654 757 701 nam
778 625 903 732 petitis
922 654 1017 733 pane
1041 646 1079 705 et
1097 656 1192 734 aqua
1219 628 1368 705 ordinis·
1387 647 1425 706 et
1444 629 1513 706 sibi
1535 633 1736 721 concessis,
1759 634 1882 716 dictus

464 774 635 864 receptor
653 754 740 832 iecit
761 783 849 832 enm
872 784 1006 834 vovere
1026 775 1063 834 et
1078 758 1205 863 jurare
1218 758 1441 848 castitatem,
1461 758 1740 855 obedienciam,
1761 767 1881 847 virere

354 922 360 932 ·
464 891 543 966 sine
565 887 736 995 proprio,
759 903 796 962 et
812 887 988 992 imposito
1008 888 1078 965 sibi
1096 886 1291 977 mantello,
1313 876 1393 992 ipse
1417 905 1590 994 receptor
1609 908 1647 967 et
1667 891 1729 968 alii
1750 894 1880 976 fratres

464 1034 623 1096 astantes
655 1015 811 1094 luerunt
843 1045 931 1094 eum
967 1017 1122 1095 osculati
1154 1018 1193 1093 in
1226 1045 1302 1094 ore.
1343 1019 1491 1096 Deinde
1522 1018 1631 1096 allata
1662 1026 1781 1103 nescit
1815 1058 1881 1135 per

465 1178 577 1256 quem
612 1149 772 1255 quadam
793 1178 901 1226 cruce
925 1147 1118 1225 metallina
1143 1148 1182 1223 in
1212 1176 1285 1254 qua
1317 1166 1396 1226 erat
1423 1177 1557 1257 ymago
1590 1153 1784 1246 Crucifixi,
1805 1187 1878 1265 que

467 1296 544 1356 erat
563 1279 740 1355 collocata
765 1307 880 1385 prope
908 1279 1040 1370 altare,
1067 1277 1232 1386 precepit
1258 1279 1291 1354 ei
1320 1278 1359 1353 in
1377 1280 1567 1385 presencia
1593 1280 1751 1360 aliorum
1773 1291 1877 1393 quod

464 1411 663 1516 abnegaret
680 1406 925 1498 Crucifixum,
949 1425 985 1484 et
1005 1410 1110 1514 quod
1134 1423 1286 1514 spueret
1305 1435 1418 1513 super
1441 1409 1581 1515 ipsum,
1601 1412 1778 1516 quiahoc
1799 1437 1878 1495 erat

465 1542 502 1615 in
531 1537 662 1614 ordine
695 1536 775 1612 fieri
809 1553 1052 1624 consuetum,
1088 1553 1125 1613 et
1149 1553 1239 1613 tunc
1271 1537 1348 1640 ipse
1377 1538 1483 1614 testis
1513 1538 1706 1647 abnegavit
1733 1543 1876 1623 dictum

464 1667 714 1753 Crucifixum,
749 1684 787 1744 et
804 1666 905 1772 spuit
929 1695 1006 1744 non
1030 1694 1140 1772 supra
1172 1668 1238 1743 sed
1261 1666 1366 1772 juxta
1387 1667 1521 1774 ipsam,
1543 1670 1708 1775 predicta
1741 1672 1877 1756 iaciens

464 1830 528 1877 ore
549 1827 624 1875 non
659 1797 789 1887 corde,
810 1813 855 1874 ut
873 1797 974 1874 dixit.
997 1798 1098 1874 Dixit
1117 1797 1271 1902 insuper
1294 1797 1328 1871 ei
1349 1797 1388 1873 in
1407 1801 1598 1903 presencia
1617 1802 1874 1908 predictorum

463 1933 586 2037 quod,
615 1927 822 2006 secundum
845 1926 982 2003 dictam
1003 1926 1315 2004 consuetudinem
1342 1928 1503 2021 ordinis,
1525 1947 1671 2035 poterat
1699 1932 1779 2010 aliis
1803 1935 1875 2011 fra-

462 2061 583 2136 tribus
608 2056 751 2136 ordinis
779 2056 896 2163 ipsius
923 2055 1119 2134 carnaliter
1156 2055 1388 2132 commisceri
1417 2074 1455 2134 et
1482 2058 1553 2164 ipsi
1586 2088 1672 2137 cnm
1704 2089 1773 2151 θος
1802 2065 1875 2159 boc

461 2207 587 2264 tamen
612 2216 687 2263 non
712 2187 799 2263 lecit
818 2214 886 2263 nec
916 2187 1035 2264 credit
1061 2184 1165 2293 quod
1195 2185 1233 2260 in
1259 2185 1392 2263 ordine
1421 2187 1545 2278 lieret3
1569 2189 1777 2297 dequibus
1803 2194 1873 2272 fuit

463 2317 557 2394 infra
575 2336 650 2393 tres
674 2317 898 2421 septimanas
927 2317 1118 2393 confessus
1135 2317 1236 2422 apud
1261 2317 1439 2393 Sanctum
1454 2317 1630 2409 Florum,
1652 2322 1691 2397 in
1711 2324 1871 2429 quadam

463 2449 576 2525 domo
597 2448 636 2522 in
655 2445 729 2552 qria
754 2445 1022 2551 hospitabatur,
1051 2445 1200 2521 cuidam
1231 2445 1334 2522 fratri
1363 2446 1499 2526 Minori
1526 2448 1634 2557 cujus
1666 2478 1805 2528 nomen
1835 2471 1873 2529 et

453 2572 669 2687 'cognomen
705 2576 869 2684 ignorat,
906 2604 925 2651 a
959 2603 1035 2681 quo
1067 2575 1262 2652 absolutus
1292 2576 1448 2664 exstitit,
1480 2594 1518 2654 et
1543 2578 1726 2686 jejunavit
1753 2601 1871 2661 sextas

461 2709 569 2786 lorias
593 2736 660 2815 per
686 2734 843 2791 annum,
866 2704 962 2782 sicut
990 2706 1170 2811 imposuit
1193 2705 1250 2796 ei,
1273 2722 1312 2781 et
1340 2706 1461 2782 credit
1491 2709 1596 2814 quod
1626 2709 1724 2787 dicta
1743 2710 1869 2790 illicita

459 2839 662 2917 consessata
693 2866 762 2945 per
792 2864 881 2915 eum
914 2836 1181 2914 intervenirent
1222 2836 1475 2913 communiter
1509 2837 1548 2913 in
1584 2840 1870 2945 recepcionibus

460 2970 620 3046 aliorum
646 2966 704 3042 vel
731 2985 825 3073 post.
859 2967 939 3044 Alia
967 2966 1095 3042 illicita
1124 2992 1200 3043 non
1225 2965 1514 3042 intervenerunt
1534 2966 1573 3042 in
1602 2966 1700 3044 dicta
1728 2995 1793 3045 sua
1812 2998 1870 3046 re-

460 3099 635 3202 cepeione
655 3124 725 3172 nec
749 3113 845 3200 post.
869 3097 980 3181 Item,
1003 3094 1097 3171 dixit
1115 3121 1154 3171 se
1175 3095 1329 3173 credere
1346 3096 1450 3201 quod
1469 3094 1601 3174 fratres
1618 3097 1764 3174 ordinis
1790 3127 1868 3176 cre-

459 3226 592 3303 derent
625 3223 878 3301 ecclesiasticis
906 3224 1161 3313 sacramentis,
1193 3223 1332 3329 quibus
1359 3224 1437 3330 ipsc
1476 3224 1575 3302 beno
1607 3227 1802 3317 credebat,
1833 3248 1872 3306 et

459 3355 565 3460 quod
585 3380 719 3432 eorum
740 3354 951 3431 sacerdotes
972 3353 1099 3430 debite
1119 3352 1363 3430 celebrarent.
1385 3355 1499 3441 ltem,
1516 3354 1611 3432 dixit
1628 3382 1667 3434 se
1685 3357 1870 3436 audivisse

459 3483 531 3560 dici
551 3512 571 3559 a
590 3483 765 3561 fratribus
785 3483 945 3572 ordinis,
967 3499 1054 3559 ante
1073 3483 1288 3588 captionem
1309 3509 1460 3571 eorum,
1474 3484 1578 3589 quod
1594 3484 1677 3562 laici
1696 3503 1870 3564 tenentes

456 3614 630 3721 capitalia
660 3615 699 3691 in
728 3642 860 3693 eorum
887 3613 1157 3691 terminacione
1177 3613 1354 3691 dicebant
1384 3613 1424 3688 in
1453 3613 1589 3692 effectu
1619 3616 1709 3693 talia
1729 3606 1866 3695 verba:

458 3748 538 3823 «De
560 3747 632 3823 hiis
652 3772 727 3853 que
747 3745 950 3823 obmisistis
969 3743 1093 3820 dicere
1114 3760 1268 3850 propter
1288 3746 1464 3822 timorem
1491 3744 1690 3850 discipline
1710 3747 1864 3833 ordinis,

456 3904 524 3954 nos
543 3873 769 3954 absolvimus
789 3904 854 3952 vos
872 3903 917 3951 ex
934 3874 998 3950 tali
1018 3888 1203 3980 potestate
1222 3873 1373 3981 qualem
1395 3873 1589 3952 habemus.
1607 3910 1620 3941 ι
1640 3874 1722 3951 Non
1740 3891 1865 3951 tamen

453 4008 585 4084 recolit
608 4036 629 4082 a
653 4007 792 4115 quibus
828 4004 985 4092 audivit,
1013 4030 1083 4080 nec
1108 4002 1227 4079 credit
1255 4002 1361 4109 qnod
1389 4020 1543 4109 propter
1568 4004 1640 4082 boc
1670 4002 1866 4081 crederent

454 4136 584 4212 fratres
601 4137 744 4214 ordinis
759 4134 921 4214 absoluti
944 4162 1024 4214 esse
1045 4132 1250 4241 npeccatis.
1270 4133 1452 4210 durabant
1466 4134 1637 4210 ordinem
1657 4158 1737 4210 non
1750 4133 1862 4211 exire.

453 4265 584 4342 Statim
605 4294 674 4372 pro
697 4267 871 4373 professis
897 4267 1144 4345 habebantur.
1166 4264 1406 4341 Clandestine
1433 4263 1720 4371 recipiebantur,
1750 4264 1865 4343 nullis

450 4397 687 4503 presentibus
706 4397 775 4476 nisi
787 4396 962 4474 iratribus
983 4396 1141 4486 ordinis,
1169 4424 1214 4473 ex
1233 4422 1311 4501 quo
1331 4392 1451 4471 credit
1463 4395 1567 4502 quod
1588 4412 1686 4474 esset
1702 4395 1863 4500 suspicio

451 4546 575 4606 contra
608 4557 683 4604 eos.
709 4525 887 4605 Cordulis
910 4525 1013 4600 unde
1043 4524 1223 4601 volebant
1242 4525 1445 4630 assumptis
1476 4523 1724 4632 cingebantur
1751 4548 1865 4625 super

451 4657 617 4733 camisias
631 4685 718 4734 cnm
738 4655 877 4762 quibua
895 4651 1080 4758 jacebant.
1102 4653 1254 4730 Auditis
1277 4653 1351 4731 dici
1379 4682 1401 4729 a
1427 4651 1606 4730 frutribus
1624 4648 1784 4734 ordinis,
1814 4649 1862 4724 de

450 4781 588 4886 quibus
608 4812 683 4859 non
705 4783 819 4860 habet
842 4781 1078 4872 memoriam,
1106 4781 1212 4885 quod
1240 4786 1455 4859 recusantes
1483 4778 1605 4857 facere
1631 4776 1760 4853 illicita
1777 4804 1862 4854 con·
