4230 5956
705 461 899 553 rnooss
925 480 1022 550 uss
1048 476 1349 549 rnurxrsns.
1661 474 1729 548 su

319 624 427 701 leone
451 635 707 726 preceptorem
732 620 877 697 ballivie
895 620 942 695 de
968 620 1142 706 Pontivo,
1170 618 1406 724 presentibus
1432 616 1541 693 fratre
1568 618 1735 696 huberto

300 734 303 741 ¹
319 751 505 856 capellano
521 749 620 826 dicte
641 750 795 839 domus,
811 750 1093 855 preceptoribus
1109 750 1154 825 de
1177 750 1369 841 Quesneto
1391 763 1429 822 et
1451 748 1497 822 de
1515 746 1645 837 Garot,
1666 750 1737 826 ha-

317 899 373 958 tre
382 881 587 959 Guillelmo
602 880 650 957 de
658 880 902 958 PlateaDixit
916 882 1033 957 eciam
1048 908 1114 984 per
1122 880 1378 983 juramentum
1394 906 1505 953 suurn
1518 878 1638 982 quod,
1654 898 1737 984 post

318 1012 454 1089 multas
473 1010 741 1117 promissiones
756 1011 804 1088 de
819 1012 1057 1089 observandis
1075 1012 1222 1087 statutis
1238 1028 1275 1087 et
1291 1007 1628 1086 consuetudinibus
1647 1009 1736 1086 dicti

319 1142 464 1218 ordinis
477 1141 606 1229 lactas,
628 1140 750 1217 dictus
769 1142 953 1246 recipiens
973 1141 1138 1217 ostendit
1159 1140 1231 1215 sibi
1247 1168 1395 1215 crucem
1412 1139 1449 1213 in
1469 1137 1633 1243 quodam
1648 1140 1737 1215 mis-

319 1272 384 1347 sali
405 1272 443 1347 in
459 1300 532 1378 qua
552 1287 630 1346 erat
643 1299 776 1377 ymago
794 1272 910 1348 Jbesu
928 1272 1083 1358 Christi,
1102 1289 1138 1347 et
1151 1271 1316 1375 precepit
1336 1269 1406 1346 sibi
1420 1267 1523 1375 quod
1539 1270 1740 1375 abnegaret
1839 1302 1843 1311 ·

318 1402 473 1478 lhesum
482 1400 690 1489 Christum,
709 1419 747 1478 et
760 1420 911 1508 spueret
927 1430 1038 1507 supra
1054 1429 1218 1489 erucem,
1237 1417 1274 1476 et
1288 1402 1382 1506 ipse,
1400 1400 1448 1476 de
1462 1400 1637 1476 mandato
1651 1429 1735 1490 suo,

319 1530 435 1607 semel
456 1531 649 1636 abnegavit
668 1531 824 1608 lhesum
843 1532 1052 1619 Christum,
1076 1550 1112 1607 et
1132 1531 1248 1607 semel
1267 1532 1367 1636 spuit
1386 1558 1496 1635 supra
1517 1558 1678 1607 crucem.

372 1662 623 1767 Interrogatus
646 1660 694 1736 de
720 1660 866 1750 osculO,
890 1662 981 1737 dixit
1005 1689 1072 1766 per
1087 1661 1341 1765 juramentum
1367 1688 1477 1737 suum
1502 1660 1606 1763 quod
1630 1688 1738 1737 oseu-

317 1793 413 1867 latus
432 1791 505 1866 fuit
524 1791 563 1866 in
583 1790 697 1867 latere
719 1809 755 1868 et
775 1791 814 1867 in
835 1819 911 1869 ore.

374 1923 620 2026 Interrogatus
640 1919 688 1997 de
708 1938 793 1997 roto
814 1922 1003 2007 castitatis,
1022 1920 1114 1995 dixit
1133 1921 1236 2025 quod
1257 1921 1356 1995 idem
1374 1921 1558 2023 recipiens
1573 1919 1740 2024 precepit

318 2049 388 2125 sibi
409 2048 512 2154 quod
533 2051 686 2125 omnino
702 2047 904 2124 abstineret
923 2076 942 2124 a
963 2047 1202 2137 mulieribus,
1225 2066 1262 2126 et
1277 2049 1537 2125 commisceret
1556 2075 1595 2125 se
1612 2076 1738 2125 carna·

319 2178 403 2254 liter
418 2205 502 2253 eum
523 2176 605 2253 aliis
625 2175 801 2254 fratribus
820 2177 909 2253 dicti
924 2178 1078 2253 ordinis.
1493 2151 1500 2163 ⁹

373 2307 586 2413 Requisitus
598 2323 725 2382 utrum
737 2305 831 2382 vidit
846 2306 961 2411 recipi
977 2306 1121 2411 aliquos
1135 2304 1281 2393 fratres,
1301 2310 1391 2386 dixit
1406 2336 1474 2414 per
1484 2310 1737 2414 juramentum

318 2464 429 2513 suum
448 2435 552 2541 quod
567 2436 619 2513 sie
639 2435 751 2524 duos,
774 2463 936 2541 quorum
955 2463 1052 2513 unus
1067 2437 1264 2514 vocabatur
1282 2439 1496 2525 Anselmus,
1519 2438 1566 2514 de
1585 2440 1737 2515 nomine

319 2566 470 2643 alterius
489 2594 565 2642 non
576 2565 722 2656 recolit;
745 2584 782 2642 et
801 2563 953 2642 fuerunt
965 2568 1101 2672 recepti
1116 2596 1184 2672 per
1198 2569 1338 2645 dictum
1352 2569 1505 2645 fratrem
1517 2568 1735 2645 Robertum.

373 2696 586 2802 Requisitus
604 2714 731 2772 utrum
749 2726 817 2801 per
836 2698 942 2775 illum
961 2698 1117 2774 modum
1139 2698 1291 2775 luerunt
1308 2701 1463 2803 recepti,
1483 2697 1576 2773 dixit
1593 2727 1662 2802 per
1674 2700 1737 2803 ju-

318 2844 526 2902 ramentum
541 2827 647 2931 quod
660 2828 728 2915 sic,
750 2844 788 2903 et
801 2829 906 2933 quod
926 2828 998 2904 boe
1016 2828 1118 2905 vidit.

375 2957 586 3061 Requisitus
606 2974 732 3033 utrum
754 2984 884 3035 omnes
908 2957 968 3033 alii
990 2958 1182 3063 perillum
1209 2960 1362 3035 modum
1387 2960 1621 3064 recipiantur,
1643 2958 1737 3034 dix-it

319 3086 421 3190 quod
441 3088 508 3176 sic,
527 3104 568 3162 ut
587 3088 716 3163 credit.

374 3215 587 3321 Requisitus
601 3233 728 3293 utrum
736 3218 787 3305 vi,
799 3217 857 3292 vel
870 3237 974 3295 metu
988 3220 1142 3295 carceris
1150 3220 1206 3294 vel
1220 3236 1508 3307 tormentorum,
1522 3218 1655 3295 dixerit
1669 3218 1736 3293 ali-

319 3374 432 3452 quam
451 3344 663 3436 falsitatem,
683 3364 748 3423 aut
767 3349 956 3424 veritatem
971 3350 1143 3427 tacuisset
1162 3350 1200 3424 in
1216 3377 1280 3425 sua
1291 3351 1547 3457 deposicione,
1561 3347 1653 3423 dixit
1668 3376 1736 3452 per

314 3477 567 3580 juramentum
586 3506 696 3554 suum
716 3478 819 3584 quod
834 3506 928 3567 nom
944 3480 1059 3556 immo
1077 3480 1267 3557 veritatem
1286 3482 1385 3558 dixit.

375 3737 467 3811 ltem
491 3733 602 3815 frater
625 3735 809 3814 Robertus
833 3739 881 3813 de
907 3738 1116 3823 Momboin,
1140 3741 1246 3815 etatis
1267 3741 1510 3846 quadraginta
1534 3770 1735 3831 annorum,

315 3863 461 3966 juratus
485 3864 619 3940 eodem
644 3864 760 3941 modo
781 3865 827 3942 de
853 3894 891 3941 se
913 3885 950 3941 et
973 3866 1055 3943 aliis
1075 3869 1113 3942 in
1130 3897 1237 3944 causa
1254 3868 1341 3944 hdei
1362 3869 1526 3974 plenam,
1549 3899 1683 3975 puram
1701 3889 1738 3947 et

322 3992 499 4095 integram
525 3993 647 4070 dicere
674 3995 880 4083 veritatem,
908 4014 945 4073 et
970 3998 1168 4103 requisitus
1194 3999 1240 4085 de
1265 4016 1432 4103 tempore
1463 4018 1499 4076 et
1525 4001 1640 4078 modo
1669 4030 1737 4079 sue

320 4124 564 4227 recepcionis,
585 4124 677 4202 dixit
689 4153 756 4231 per
764 4127 1017 4232 juramentum
1036 4157 1146 4204 suum
1168 4129 1272 4233 quod
1291 4129 1362 4205 fuit
1375 4149 1546 4236 receptus
1565 4133 1605 4207 in
1622 4132 1737 4211 domo

322 4251 368 4325 de
388 4251 542 4328 Themis
566 4254 605 4329 in
629 4252 776 4331 ballivia
797 4255 845 4331 de
870 4258 1026 4364 Prunay,
1049 4285 1116 4363 per
1134 4257 1284 4333 fratrem
1307 4261 1507 4365 Symonem
1530 4262 1576 4338 de
1598 4263 1736 4356 Quinci

320 4400 575 4486 preceptorem
595 4382 693 4460 dicte
707 4384 868 4472 ballivie,
890 4386 1075 4463 sexdecim
1097 4389 1183 4463 anni
1200 4405 1285 4464 sunt
1305 4388 1419 4494 elapsi
1441 4390 1499 4467 rel
1518 4393 1629 4480 circa,
1652 4420 1738 4499 pre-

321 4512 490 4588 sentibus
508 4510 682 4590 fratribus
703 4512 905 4592 Guillelmo
926 4516 974 4592 de
993 4518 1100 4594 brais
1123 4536 1160 4594 et
1184 4517 1293 4595 fratre
1313 4519 1447 4626 Egidio
1467 4522 1640 4599 Monacbi
1668 4523 1739 4599 mi-

321 4640 411 4729 litis,
431 4660 468 4717 et
482 4642 705 4748 quibusdam
725 4644 805 4721 aliis
826 4645 998 4725 frutribus
1015 4648 1061 4724 de
1082 4676 1245 4754 quorum
1266 4651 1483 4729 nominibus
1500 4680 1575 4729 non
1594 4651 1735 4732 recolit.

320 4771 420 4848 Dixit
443 4791 568 4850 tamen
584 4802 652 4880 per
670 4775 923 4880 juramentum
948 4807 1056 4856 suum
1082 4781 1201 4885 quod,
1221 4798 1305 4885 post
1324 4783 1459 4861 multas
1472 4785 1736 4890 promissiones
