4230 5956
484 481 553 550 rou
870 457 1067 549 anocts
1093 476 1186 548 uns
1213 470 1511 547 rnnrnrnns
1645 427 1657 441 ⁸

479 648 547 695 nec
570 618 743 724 capitulis
765 646 909 697 eorum.
939 619 1064 695 Lectis
1089 635 1126 694 et
1145 615 1346 722 diligenter
1373 615 1551 722 expositis
1570 610 1839 697 sibiomnibus
1864 642 1901 698 et

476 748 633 857 singulis
654 747 838 837 articulis,
866 746 1062 853 respondit
1083 776 1122 824 se
1143 744 1305 832 nescire,
1334 770 1404 822 nec
1424 745 1596 835 credere,
1624 772 1693 825 nec
1716 749 1899 829 audivisse

477 879 549 955 dici
570 878 617 955 de
633 879 817 955 contentis
840 878 878 954 in
895 878 949 955 eis
962 878 1035 954 nisi
1052 877 1155 984 qrrod
1178 876 1360 982 sequitur.
1387 872 1573 955 Videlicet
1592 876 1699 983 quod
1720 878 1760 954 in
1773 906 1900 988 recep

479 1011 585 1085 cione
602 1035 687 1096 sua,
713 1037 800 1086 cum
827 1006 1080 1115 requisivisset
1093 1032 1230 1114 panem
1253 1023 1291 1082 et
1314 1022 1449 1112 aqtrarn
1466 1005 1628 1096 ordinis,
1660 1022 1698 1083 et
1719 1006 1789 1085 sibi
1815 1040 1901 1090 con-

480 1166 577 1213 cessa
602 1137 774 1225 ficissent,
798 1153 835 1214 et
854 1137 1086 1244 prescivisset
1106 1160 1175 1243 per
1188 1132 1448 1243 juramentum
1467 1133 1515 1213 ab
1537 1162 1583 1211 en
1601 1135 1709 1242 quod
1728 1164 1804 1257 pon
1824 1157 1904 1216 erat

481 1277 839 1358 excommunicatus,
864 1268 1124 1357 matrimonio,
1147 1265 1253 1344 alteri
1276 1264 1472 1373 religioni,
1488 1262 1547 1341 rel
1562 1262 1702 1343 dabitis
1727 1294 1803 1374 que
1826 1296 1902 1346 non

481 1415 607 1502 posset
620 1397 763 1474 solvere
776 1398 978 1506 obligatus,
996 1415 1034 1474 et
1046 1396 1151 1504 quod
1167 1422 1245 1473 non
1256 1392 1417 1473 habebat
1431 1393 1689 1473 infirmitatem
1708 1395 1899 1487 latentem,

482 1527 569 1602 lecit
589 1556 676 1604 eum
699 1529 822 1604 dictus
841 1542 1011 1634 receptor
1031 1548 1163 1604 vovere
1179 1543 1216 1603 et
1228 1526 1355 1635 jurare
1378 1523 1600 1614 castitatem,
1623 1523 1900 1614 obedienciam,

483 1675 520 1734 et
534 1659 656 1734 vivere
670 1659 749 1735 sine
769 1660 936 1765 proprio,
955 1676 992 1735 et
1003 1656 1193 1735 associavit
1207 1682 1296 1733 eum
1310 1654 1679 1744 beneficiisordinis‚
1693 1657 1903 1764 precipiens

483 1788 586 1894 quod
601 1808 763 1866 servaret
782 1791 902 1868 bonos
924 1816 1016 1867 usus
1031 1805 1068 1866 et
1085 1788 1206 1865 bonas
1225 1785 1522 1864 consuetudines
1541 1780 1705 1876 ordinis3
1729 1805 1768 1864 et
1782 1788 1903 1895 impo

484 1919 553 1995 sito
569 1921 638 1999 sibi
661 1919 857 2009 mantello,
882 1901 1003 1997 dictus
1018 1935 1190 2025 receptor
1210 1935 1248 1994 et
1268 1917 1454 2022 presbiter
1471 1915 1624 1994 osculati
1639 1915 1793 1994 luerunt
1812 1946 1900 1995 eum

485 2050 523 2124 in
532 2078 609 2126 ore.
623 2048 817 2143 Quofacto
829 2048 1148 2157 precepiteiquod
1160 2062 1312 2157 spueret
1322 2062 1438 2155 super
1446 2047 1650 2154 qnanrdarn
1667 2072 1813 2124 crucem
1830 2077 1903 2125 me·
1981 2073 1986 2081 ·

484 2180 668 2266 tallinarn,
694 2181 732 2254 in
754 2209 827 2286 qua
850 2198 928 2258 erat
944 2206 1076 2287 ymago
1096 2179 1292 2268 Crucifixi,
1311 2196 1348 2256 ct
1363 2176 1485 2257 stabat
1497 2178 1604 2285 juxta
1618 2176 1752 2269 altare,
1774 2180 1902 2285 etipse

485 2309 590 2383 testis
616 2309 716 2413 spuit
737 2335 814 2384 non
834 2333 945 2415 supra
966 2310 1033 2387 sed
1051 2310 1156 2417 justa
1181 2332 1276 2387 eam.
1303 2308 1405 2386 Dixit
1431 2308 1549 2384 eciam
1572 2306 1607 2384 ei
1632 2308 1736 2414 quod
1758 2325 1903 2415 poterat

486 2436 661 2514 fratribus
683 2437 826 2514 ordinis
853 2437 1050 2515 carnaliter
1069 2438 1302 2515 commisceri
1325 2454 1363 2514 et
1383 2430 1452 2543 ipsi
1474 2460 1561 2514 cnm
1585 2462 1644 2514 eo.
1673 2434 1754 2514 Alia
1775 2437 1902 2514 illicita

486 2594 563 2643 non
584 2568 866 2644 intervenerunt
886 2568 926 2643 in
949 2567 1044 2644 dicta
1068 2589 1133 2645 sua
1150 2567 1368 2674 recepcione
1394 2589 1464 2644 nec
1482 2574 1584 2673 post,
1609 2590 1680 2643 nec
1702 2565 1810 2655 vidit,
1834 2590 1903 2644 nec

486 2699 604 2785 scivit,
630 2727 698 2774 nec
718 2697 860 2775 audivit
881 2698 955 2773 dici
977 2699 1082 2804 quod
1105 2699 1388 2775 intervenerunt
1414 2696 1580 2803 predicta
1604 2695 1734 2773 illicita
1758 2695 1815 2774 vel
1833 2696 1902 2773 alia

487 2829 524 2902 in
540 2829 757 2933 recepcione
780 2827 869 2903 dicti
891 2828 1051 2904 Deodati
1067 2827 1125 2903 vel
1141 2826 1304 2905 aliorum
1322 2825 1381 2903 vel
1399 2843 1503 2932 post3
1524 2824 1643 2902 credit
1656 2840 1786 2901 tamen
1800 2827 1902 2932 qnod

488 2943 726 3036 uniformiter
744 2958 1000 3064 reciperentur
1023 2956 1165 3064 ubique
1184 2974 1222 3034 et
1237 2957 1445 3035 secundnm
1471 2953 1628 3033 medum
1648 2976 1763 3060 quem
1787 2955 1903 3061 depo

487 3104 612 3163 suerat
627 3113 666 3163 se
682 3085 795 3163 fuisse
810 3104 1020 3193 receptum,
1044 3104 1083 3164 et
1098 3088 1185 3165 ideo
1200 3087 1321 3165 credit
1341 3085 1447 3193 qrmd
1470 3086 1522 3163 ita
1542 3084 1617 3163 luit
1636 3083 1775 3162 famum
1793 3085 1832 3160 in
1847 3112 1904 3160 re·

488 3217 663 3322 cepcione
675 3245 751 3293 sua.
762 3217 868 3304 Item,
881 3217 973 3294 dixit
985 3219 1089 3324 quod
1104 3217 1183 3325 ipse
1191 3217 1369 3322 credebat
1379 3215 1634 3295 ecclesiasticis
1645 3217 1900 3302 sacramentis,

488 3346 642 3423 credens
663 3348 766 3452 quod
788 3346 849 3422 alii
874 3348 1005 3424 fratres
1033 3347 1179 3424 ordinis
1200 3349 1336 3425 eodem
1360 3349 1477 3425 modo
1500 3346 1714 3434 crederent,
1739 3361 1778 3421 et
1797 3347 1902 3451 quod

487 3505 617 3553 sorum
629 3476 838 3554 sacerdotes
854 3475 980 3554 debite
991 3477 1233 3555 celebrarent.
1245 3481 1467 3555 duraverunt
1483 3477 1561 3583 ipsc
1577 3499 1616 3553 et
1630 3476 1904 3553 dictusDeoda·

487 3626 548 3685 tus
567 3608 737 3685 ordinem
755 3635 831 3683 non
845 3607 962 3694 exire,
981 3626 1018 3686 et
1033 3609 1152 3684 credit
1165 3609 1270 3714 quod
1284 3608 1346 3684 alii
1367 3607 1469 3684 idem
1486 3607 1669 3714 jurarent.
1688 3607 1821 3685 Statim
1838 3634 1904 3712 pro
2016 3611 2021 3618 ’

488 3738 661 3844 professis
681 3738 925 3817 habebantur.
952 3738 1193 3816 Clandestine
1216 3738 1515 3845 recipiebantur?
1532 3736 1648 3814 nullis
1667 3737 1906 3843 presentibus

490 3871 558 3945 nisi
577 3868 750 3946 fratribus
772 3867 926 3945 ordinis.
949 3869 1126 3946 Cordulis
1140 3870 1246 3946 unde
1258 3868 1433 3946 volebant
1447 3869 1646 3973 assumptis
1660 3866 1906 3975 cingebantur

488 4026 600 4104 super
614 4000 781 4078 camisias
801 4025 886 4076 rum
907 3999 1046 4106 quibus
1062 3999 1245 4107 jacebant.
1271 4001 1495 4076 duraverunt
1515 3998 1596 4104 ipse
1614 4014 1653 4074 et
1665 3994 1790 4073 dictus
1804 3996 1906 4072 Deo-

490 4129 597 4205 datus
612 4157 687 4206 non
702 4130 864 4207 revelare
879 4149 1018 4208 secreta
1033 4129 1298 4235 capitoliorum
1313 4154 1383 4205 nec
1401 4128 1555 4204 modum
1574 4153 1643 4204 sue
1659 4123 1905 4231 recepcionis,

489 4275 526 4333 et
548 4259 666 4335 credit
688 4260 792 4363 quod
816 4260 918 4337 idem
940 4261 1111 4368 jurarent
1136 4260 1208 4336 alii.
1232 4260 1308 4353 Qui
1329 4257 1554 4336 revelassent
1577 4254 1702 4362 puniti
1727 4255 1904 4346 fuissent,

489 4388 553 4463 sed
570 4391 686 4465 nescit
704 4390 876 4495 qualiter.
898 4392 1109 4498 lnjuncturn
1133 4391 1256 4468 fuitei
1278 4391 1382 4497 quod
1405 4415 1482 4466 non
1507 4384 1752 4465 confiteretur
1765 4385 1836 4463 nisi
1852 4414 1908 4463 sa·

489 4516 705 4596 cerdotibus
734 4521 893 4606 ordinis,
924 4523 1105 4625 quamdiu
1132 4539 1256 4626 posset
1286 4547 1351 4597 eos
1388 4519 1538 4597 habere.
1573 4520 1721 4595 Fratres
1749 4515 1909 4594 scientes

490 4648 617 4725 illicita
633 4650 835 4727 confessam
852 4676 920 4755 per
932 4677 1019 4725 eum
1038 4649 1192 4726 luerunt
1207 4647 1561 4760 negligentes,quia
1577 4669 1654 4726 non
1669 4662 1908 4725 correxerunt

491 4802 532 4849 ea
552 4804 620 4853 nec
640 4779 955 4856 denunciaverunt
975 4778 1157 4864 Ecclesia,
1175 4798 1212 4856 et
1233 4780 1351 4858 credit
1367 4781 1468 4885 quod
1487 4802 1620 4857 omnes
1640 4805 1682 4855 ea
1698 4776 1843 4852 scirent.
1863 4774 1906 4850 ln
