4230 5956
442 446 517 520 rao
835 421 1033 513 rnocns
1056 437 1153 510 nas
1177 434 1477 509 rnurtrsns.

434 586 600 692 juratus,
620 600 665 659 ut
684 580 898 687 principalis
917 581 966 657 de
985 580 1126 684 seipso,
1148 596 1187 655 et
1202 594 1246 655 ut
1263 577 1368 654 testis
1387 575 1436 652 de
1454 574 1554 664 eliis,
1574 601 1688 681 super
1703 576 1879 653 articrrlis

439 742 553 821 super
570 711 711 820 quibus
726 711 1017 818 interrogabitur
1035 709 1202 816 plenam,
1225 736 1367 785 meram
1386 724 1425 784 et
1444 733 1579 814 pruam
1597 704 1724 784 dicere
1736 707 1879 784 ruita-

440 862 536 933 tem‚
563 844 656 920 dirit
674 861 712 919 et
736 842 912 948 deposuit
939 858 983 918 ut
1005 842 1197 948 sequitur:

496 975 682 1080 Expositis
692 974 816 1078 primo
835 973 907 1050 sibi
923 972 1088 1048 articulis
1100 972 1140 1046 in
1152 970 1317 1077 vulgari:
1331 998 1447 1077 super
1463 970 1588 1076 primo
1603 967 1760 1046 articulo
1773 968 1877 1045 dixit

442 1124 480 1182 et
496 1105 643 1211 negavit
662 1131 766 1191 eum,
789 1119 827 1177 et
841 1102 966 1179 omnia
986 1118 1025 1177 et
1038 1100 1184 1206 singula
1198 1118 1371 1178 contenta
1388 1101 1429 1176 in
1447 1128 1507 1177 eo.

497 1236 555 1312 Ad
575 1259 722 1310 n-rnt
742 1231 919 1310 articulos
941 1231 1121 1309 inclusive
1140 1229 1388 1337 respondens,
1413 1230 1662 1336 interrogatus
1682 1257 1770 1307 cnm
1789 1229 1882 1306 dili-

440 1366 588 1471 gencia‚
604 1364 751 1470 negavit
769 1390 836 1441 eos
854 1379 892 1440 et
910 1362 1035 1439 omnia
1053 1378 1093 1437 et
1112 1359 1257 1467 singula
1274 1378 1446 1438 contenta
1464 1361 1506 1436 in
1525 1359 1593 1437 eis.

497 1494 694 1572 hdr—ru
704 1491 881 1569 articulos
891 1490 1069 1568 inclusive
1079 1490 1313 1596 respondens
1325 1491 1591 1597 interrogatus,
1601 1490 1882 1596 negaritenset

442 1626 568 1702 omnia
583 1642 621 1700 et
634 1623 777 1728 singrda
790 1637 962 1701 contenta
976 1621 1101 1708 ineis,
1122 1648 1289 1696 asserens
1303 1620 1497 1698 Christum
1512 1646 1664 1727 passum
1676 1617 1878 1727 fuissepro

442 1755 702 1862 redemptione
717 1753 869 1829 humani
886 1751 1051 1860 generis,
1064 1779 1142 1828 non
1156 1778 1227 1857 pro
1244 1749 1450 1829 sceleribus
1459 1749 1722 1857 ipsiusChristi
1737 1751 1876 1828 lheru„

496 1884 555 1963 Ad
575 1912 637 1964 vm
656 1882 855 1961 articulum
873 1881 1120 1986 respondens,
1151 1880 1299 1988 negavit
1316 1883 1442 1987 ipsum
1467 1897 1507 1960 et
1525 1880 1652 1959 omnia
1670 1898 1709 1957 et
1723 1879 1878 1988 singule

442 2032 615 2094 contenta
634 2016 673 2093 in
690 2044 749 2093 eo.

498 2146 557 2222 Ad
576 2173 730 2223 rx-xrrr
741 2144 916 2221 articulos
935 2144 1113 2221 inclusive
1133 2143 1335 2252 diligenter
1354 2142 1617 2251 interrogatus,
1636 2142 1787 2250 negarit
1805 2170 1878 2220 eos

443 2294 480 2352 et
498 2277 627 2352 omnia
647 2292 685 2351 et
705 2273 850 2380 singula
869 2291 1042 2352 contenta
1061 2273 1182 2351 ineis.

498 2402 557 2481 Ad
576 2429 779 2480 xrrn-rrr
798 2403 972 2481 articrdos
989 2401 1167 2481 inclusive
1187 2402 1390 2509 diligenter
1407 2419 1448 2481 et
1457 2401 1646 2510 srgrllatrm
1666 2403 1876 2510 interroga-

442 2552 518 2623 tus,
554 2533 700 2640 negavit
718 2559 785 2609 eos
794 2548 832 2608 et
841 2533 968 2611 omnia
984 2550 1022 2609 et
1034 2530 1180 2639 singula
1192 2549 1366 2610 contenta
1384 2535 1425 2610 in
1445 2534 1511 2611 eis.

499 2664 557 2742 Ad
582 2690 766 2743 xx-xxrx
791 2663 967 2742 articulos
986 2662 1162 2741 inclusive
1183 2663 1383 2771 diligenter
1403 2681 1443 2742 et
1461 2663 1647 2771 sigillatim
1665 2663 1876 2772 interroga-

441 2815 519 2886 tus,
540 2797 687 2904 negavit
704 2823 768 2874 eos
783 2811 821 2873 et
840 2796 967 2873 omnia
986 2812 1027 2871 et
1042 2795 1189 2902 singula
1208 2813 1381 2874 contenta
1393 2796 1433 2872 in
1451 2795 1523 2884 eis,
1543 2793 1707 2872 adiciens
1718 2795 1828 2902 qnod
1840 2797 1873 2873 si

442 2928 617 3034 Magister
631 2928 756 3035 major
779 2925 922 3004 ordinis
940 2925 1090 3033 Templi
1108 2925 1302 3005 consessus
1321 2943 1378 3004 est
1397 2925 1583 3033 predicta,
1605 2924 1703 3003 sicut
1720 2925 1764 3002 in
1781 2927 1876 3003 arti·

443 3056 536 3134 culis
564 3059 786 3147 continetur,
807 3057 912 3162 quod
936 3084 1014 3132 non
1037 3057 1157 3134 credit
1176 3057 1280 3135 idem
1306 3057 1420 3135 frater
1441 3059 1589 3147 Petrus,
1613 3057 1796 3135 mentitus
1813 3075 1874 3134 est

443 3184 546 3261 idem
568 3187 743 3289 Magister
763 3186 882 3290 major
898 3185 1049 3290 Templi
1068 3215 1136 3292 per
1153 3187 1281 3294 gulam
1300 3216 1406 3266 suam
1424 3187 1519 3266 falso
1536 3186 1665 3266 modo.

499 3314 559 3390 Ad
581 3340 819 3391 xxx—xxxin
843 3315 1018 3391 articulos
1040 3315 1218 3394 inclusive
1241 3319 1490 3424 respondens,
1517 3317 1610 3394 dixit
1634 3333 1809 3394 contenta
1828 3318 1872 3394 in

445 3446 500 3521 eis
521 3445 609 3521 salsa
629 3472 726 3535 esse,
748 3444 846 3522 salvo
866 3461 903 3520 et
922 3463 1075 3551 excepto
1096 3446 1201 3551 quod
1221 3449 1404 3554 recipiens
1423 3447 1613 3526 osculatur
1629 3445 1781 3523 fratrem
1799 3476 1872 3525 no—

443 3577 536 3654 viter
549 3594 741 3681 receptum
758 3576 797 3653 in
814 3603 878 3653 ore
897 3593 1060 3665 tantum,
1082 3578 1122 3653 in
1142 3579 1288 3686 signum
1309 3580 1410 3658 bone
1428 3580 1518 3657 fidei
1539 3598 1578 3658 et
1592 3577 1749 3657 lraterne
1768 3578 1873 3655 dile-

443 3726 586 3785 ctroms.

498 3838 556 3915 Ad
569 3865 694 3915 xxxrur
710 3839 907 3916 articulum
926 3842 1172 3946 respondens,
1193 3842 1285 3920 dixit
1301 3842 1405 3948 quod
1423 3842 1562 3946 recepti
1576 3841 1615 3916 in
1629 3839 1763 3916 fratres
1776 3837 1871 3916 dicti

443 3967 584 4044 ordinis
598 3970 728 4074 jurant
746 3987 918 4075 tempore
938 4000 1005 4047 sue
1022 3973 1254 4075 recepcionis
1272 3973 1375 4079 quod
1391 4000 1469 4049 non
1490 3972 1646 4049 exibunt
1664 3997 1734 4047 nec
1753 3969 1873 4046 relin-

442 4114 559 4203 quent
580 4098 712 4174 ordine
778 4101 1075 4207 Templariorum
1100 4105 1264 4207 proelio
1290 4103 1420 4210 majori
1439 4102 1498 4179 vel
1517 4102 1679 4193 fortiori,
1709 4099 1770 4178 vel
1798 4130 1872 4207 pro

441 4228 579 4305 minos·
595 4230 650 4304 va
672 4130 846 4308 ahsa
868 4232 1012 4310 ordine.

498 4362 750 4467 Interrogatus
776 4391 890 4468 quare
912 4364 1054 4441 dictum
1074 4384 1343 4449 sacramentum
1364 4383 1543 4471 prestant,
1565 4392 1651 4441 curu
1669 4364 1718 4439 sit
1736 4381 1868 4442 contra

443 4490 682 4567 interdictum
689 4493 800 4600 juris,
816 4493 937 4569 dantis
951 4493 1145 4572 licenciam
1163 4497 1323 4604 receptis
1340 4497 1388 4573 ad
1406 4496 1629 4603 religionem
1648 4493 1814 4601 aliquam
1825 4512 1868 4572 ut

442 4619 538 4695 intra
556 4650 713 4711 annum,
734 4623 792 4699 vel
811 4624 851 4699 in
868 4622 943 4700 fine
958 4627 1061 4715 anni,
1082 4627 1238 4732 probata
1252 4627 1448 4733 asperitate
1467 4644 1636 4732 suscepte
1653 4623 1868 4729 religionis,

443 4746 544 4823 illam
556 4752 770 4857 relinquant
778 4755 810 4829 si
822 4752 952 4845 velint,
966 4755 1059 4833 etad
1068 4756 1239 4835 seculum
1253 4774 1484 4835 revertantur
1498 4757 1592 4834 intra
1604 4784 1760 4846 mum,
1778 4773 1869 4862 post
