<?xml version="1.0" encoding="UTF-8"?>
<!DOCTYPE html PUBLIC "-//W3C//DTD XHTML 1.0 Transitional//EN"
    "http://www.w3.org/TR/xhtml1/DTD/xhtml1-transitional.dtd">
<html xmlns="http://www.w3.org/1999/xhtml" xml:lang="en" lang="en">
 <head>
  <title>
</title>
<meta http-equiv="Content-Type" content="text/html;charset=utf-8" />
  <meta name='ocr-system' content='tesseract 3.04.00' />
  <meta name='ocr-capabilities' content='ocr_page ocr_carea ocr_par ocr_line ocrx_word'/>
</head>
<body>
  <div class='ocr_page' id='page_1' title='image "./procsdestemplie01defegoog/procsdestemplie01defegoog_0517.png"; bbox 0 0 4230 5956; ppageno 0'>
   <div class='ocr_carea' id='block_1_1' title="bbox 624 448 1650 540">
    <p class='ocr_par' dir='ltr' id='par_1_1' title="bbox 624 448 1650 540">
     <span class='ocr_line' id='line_1_1' title="bbox 624 448 1650 540; baseline -0.003 -2"><span class='ocrx_word' id='word_1_1' title='bbox 624 448 821 540; x_wconf 71' lang='lat' dir='ltr'><strong>esoces</strong></span> <span class='ocrx_word' id='word_1_2' title='bbox 846 468 942 538; x_wconf 84' lang='lat' dir='ltr'><strong>oss</strong></span> <span class='ocrx_word' id='word_1_3' title='bbox 967 463 1266 537; x_wconf 81' lang='lat' dir='ltr'><strong>rsurmsns.</strong></span> <span class='ocrx_word' id='word_1_4' title='bbox 1576 461 1650 536; x_wconf 66' lang='lat' dir='ltr'><strong>⁴tor</strong></span> 
     </span>
    </p>
   </div>
   <div class='ocr_carea' id='block_1_2' title="bbox 237 600 1656 1369">
    <p class='ocr_par' dir='ltr' id='par_1_2' title="bbox 238 600 1656 1087">
     <span class='ocr_line' id='line_1_2' title="bbox 238 600 1654 715; baseline -0.003 -32"><span class='ocrx_word' id='word_1_5' title='bbox 238 607 391 713; x_wconf 87' lang='lat' dir='ltr'>Templi.</span> <span class='ocrx_word' id='word_1_6' title='bbox 404 634 473 684; x_wconf 92' lang='lat' dir='ltr'><strong>nec</strong></span> <span class='ocrx_word' id='word_1_7' title='bbox 491 607 590 711; x_wconf 86' lang='lat' dir='ltr'><strong>apud</strong></span> <span class='ocrx_word' id='word_1_8' title='bbox 609 605 739 685; x_wconf 87' lang='lat' dir='ltr'><strong>fratres</strong></span> <span class='ocrx_word' id='word_1_9' title='bbox 759 608 902 715; x_wconf 91' lang='lat' dir='ltr'><strong>aliquos</strong></span> <span class='ocrx_word' id='word_1_10' title='bbox 923 608 1018 712; x_wconf 91' lang='lat' dir='ltr'><strong>ejus,</strong></span> <span class='ocrx_word' id='word_1_11' title='bbox 1047 634 1116 682; x_wconf 90' lang='lat' dir='ltr'><strong>nec</strong></span> <span class='ocrx_word' id='word_1_12' title='bbox 1135 606 1203 682; x_wconf 92' lang='lat' dir='ltr'><strong>scit</strong></span> <span class='ocrx_word' id='word_1_13' title='bbox 1223 632 1292 679; x_wconf 93' lang='lat' dir='ltr'><strong>nec</strong></span> <span class='ocrx_word' id='word_1_14' title='bbox 1312 603 1430 678; x_wconf 85' lang='lat' dir='ltr'><strong>credit</strong></span> <span class='ocrx_word' id='word_1_15' title='bbox 1446 600 1548 708; x_wconf 94' lang='lat' dir='ltr'><strong>quod</strong></span> <span class='ocrx_word' id='word_1_16' title='bbox 1569 631 1654 679; x_wconf 91' lang='lat' dir='ltr'><strong>cnm</strong></span> 
     </span>
     <span class='ocr_line' id='line_1_3' title="bbox 238 733 1654 844; baseline -0.003 -32"><span class='ocrx_word' id='word_1_17' title='bbox 238 738 444 815; x_wconf 82' lang='lat' dir='ltr'><strong>reverencia</strong></span> <span class='ocrx_word' id='word_1_18' title='bbox 463 736 585 844; x_wconf 87' lang='lat' dir='ltr'><strong>aliqua</strong></span> <span class='ocrx_word' id='word_1_19' title='bbox 604 756 813 843; x_wconf 85' lang='lat' dir='ltr'><strong>portentur,</strong></span> <span class='ocrx_word' id='word_1_20' title='bbox 835 766 905 815; x_wconf 93' lang='lat' dir='ltr'><strong>nec</strong></span> <span class='ocrx_word' id='word_1_21' title='bbox 924 764 1111 844; x_wconf 83' lang='lat' dir='ltr'><strong>equoque</strong></span> <span class='ocrx_word' id='word_1_22' title='bbox 1132 735 1220 811; x_wconf 90' lang='lat' dir='ltr'><strong>dicti</strong></span> <span class='ocrx_word' id='word_1_23' title='bbox 1239 734 1379 811; x_wconf 86' lang='lat' dir='ltr'><strong>ordinis</strong></span> <span class='ocrx_word' id='word_1_24' title='bbox 1399 733 1654 810; x_wconf 84' lang='lat' dir='ltr'><strong>custodiantur</strong></span> 
     </span>
     <span class='ocr_line' id='line_1_4' title="bbox 239 862 1656 974; baseline -0.004 -31"><span class='ocrx_word' id='word_1_25' title='bbox 239 867 294 944; x_wconf 91' lang='lat' dir='ltr'><strong>vel</strong></span> <span class='ocrx_word' id='word_1_26' title='bbox 313 867 535 958; x_wconf 80' lang='lat' dir='ltr'><strong>habeantur3</strong></span> <span class='ocrx_word' id='word_1_27' title='bbox 560 869 628 946; x_wconf 87' lang='lat' dir='ltr'><strong>sed</strong></span> <span class='ocrx_word' id='word_1_28' title='bbox 646 887 750 974; x_wconf 83' lang='lat' dir='ltr'><strong>putat</strong></span> <span class='ocrx_word' id='word_1_29' title='bbox 769 869 904 946; x_wconf 83' lang='lat' dir='ltr'><strong>falsum</strong></span> <span class='ocrx_word' id='word_1_30' title='bbox 923 867 1027 974; x_wconf 91' lang='lat' dir='ltr'><strong>quod</strong></span> <span class='ocrx_word' id='word_1_31' title='bbox 1047 868 1094 943; x_wconf 91' lang='lat' dir='ltr'><strong>de</strong></span> <span class='ocrx_word' id='word_1_32' title='bbox 1116 866 1238 972; x_wconf 79' lang='lat' dir='ltr'><strong>ydolis</strong></span> <span class='ocrx_word' id='word_1_33' title='bbox 1258 881 1296 940; x_wconf 89' lang='lat' dir='ltr'><strong>et</strong></span> <span class='ocrx_word' id='word_1_34' title='bbox 1318 862 1499 968; x_wconf 82' lang='lat' dir='ltr'><strong>capitibus</strong></span> <span class='ocrx_word' id='word_1_35' title='bbox 1518 863 1656 940; x_wconf 89' lang='lat' dir='ltr'><strong>dieitur</strong></span> 
     </span>
     <span class='ocr_line' id='line_1_5' title="bbox 238 999 915 1087; baseline 0.003 -14"><span class='ocrx_word' id='word_1_36' title='bbox 238 999 442 1077; x_wconf 81' lang='lat' dir='ltr'><strong>antedictis.</strong></span> <span class='ocrx_word' id='word_1_37' title='bbox 700 1076 703 1087; x_wconf 81' lang='grc'>,</span> <span class='ocrx_word' id='word_1_38' title='bbox 912 1032 915 1037; x_wconf 75' lang='grc'>’</span> 
     </span>
    </p>

    <p class='ocr_par' dir='ltr' id='par_1_3' title="bbox 237 1124 1654 1369">
     <span class='ocr_line' id='line_1_6' title="bbox 292 1124 1654 1237; baseline -0.005 -33"><span class='ocrx_word' id='word_1_39' title='bbox 292 1130 539 1236; x_wconf 83' lang='lat' dir='ltr'><strong>Interrogatus</strong></span> <span class='ocrx_word' id='word_1_40' title='bbox 572 1131 601 1205; x_wconf 89' lang='lat' dir='ltr'><strong>si</strong></span> <span class='ocrx_word' id='word_1_41' title='bbox 624 1132 664 1206; x_wconf 90' lang='lat' dir='ltr'><strong>in</strong></span> <span class='ocrx_word' id='word_1_42' title='bbox 693 1130 817 1237; x_wconf 83' lang='lat' dir='ltr'><strong>aliquo</strong></span> <span class='ocrx_word' id='word_1_43' title='bbox 847 1129 923 1206; x_wconf 91' lang='lat' dir='ltr'><strong>vult</strong></span> <span class='ocrx_word' id='word_1_44' title='bbox 951 1127 1120 1205; x_wconf 86' lang='lat' dir='ltr'><strong>confiteri</strong></span> <span class='ocrx_word' id='word_1_45' title='bbox 1151 1128 1359 1203; x_wconf 89' lang='lat' dir='ltr'><strong>secundum</strong></span> <span class='ocrx_word' id='word_1_46' title='bbox 1396 1124 1587 1201; x_wconf 88' lang='lat' dir='ltr'><strong>veritatem</strong></span> <span class='ocrx_word' id='word_1_47' title='bbox 1617 1141 1654 1198; x_wconf 88' lang='lat' dir='ltr'><strong>et</strong></span> 
     </span>
     <span class='ocr_line' id='line_1_7' title="bbox 237 1253 1654 1369; baseline -0.006 -35"><span class='ocrx_word' id='word_1_48' title='bbox 237 1259 361 1335; x_wconf 90' lang='lat' dir='ltr'><strong>dicere</strong></span> <span class='ocrx_word' id='word_1_49' title='bbox 382 1288 510 1336; x_wconf 87' lang='lat' dir='ltr'><strong>verum</strong></span> <span class='ocrx_word' id='word_1_50' title='bbox 531 1288 610 1336; x_wconf 90' lang='lat' dir='ltr'><strong>esse</strong></span> <span class='ocrx_word' id='word_1_51' title='bbox 628 1262 731 1369; x_wconf 90' lang='lat' dir='ltr'><strong>quod</strong></span> <span class='ocrx_word' id='word_1_52' title='bbox 748 1260 843 1338; x_wconf 86' lang='lat' dir='ltr'><strong>forte</strong></span> <span class='ocrx_word' id='word_1_53' title='bbox 859 1260 1019 1366; x_wconf 86' lang='lat' dir='ltr'><strong>negavit,</strong></span> <span class='ocrx_word' id='word_1_54' title='bbox 1042 1258 1244 1364; x_wconf 86' lang='lat' dir='ltr'><strong>respondet</strong></span> <span class='ocrx_word' id='word_1_55' title='bbox 1261 1257 1390 1333; x_wconf 89' lang='lat' dir='ltr'><strong>dicens</strong></span> <span class='ocrx_word' id='word_1_56' title='bbox 1408 1253 1654 1332; x_wconf 84' lang='lat' dir='ltr'><strong>severitatem</strong></span> 
     </span>
    </p>
   </div>
   <div class='ocr_carea' id='block_1_3' title="bbox 237 1383 1756 2014">
    <p class='ocr_par' dir='ltr' id='par_1_4' title="bbox 237 1383 1659 1750">
     <span class='ocr_line' id='line_1_8' title="bbox 238 1383 1658 1496; baseline -0.004 -32"><span class='ocrx_word' id='word_1_57' title='bbox 238 1417 368 1492; x_wconf 86' lang='lat' dir='ltr'><strong>puram</strong></span> <span class='ocrx_word' id='word_1_58' title='bbox 395 1390 527 1467; x_wconf 78' lang='lat' dir='ltr'><strong>dixisse</strong></span> <span class='ocrx_word' id='word_1_59' title='bbox 555 1406 594 1467; x_wconf 86' lang='lat' dir='ltr'><strong>et</strong></span> <span class='ocrx_word' id='word_1_60' title='bbox 618 1392 656 1466; x_wconf 93' lang='lat' dir='ltr'><strong>in</strong></span> <span class='ocrx_word' id='word_1_61' title='bbox 681 1391 866 1496; x_wconf 85' lang='lat' dir='ltr'><strong>responsis</strong></span> <span class='ocrx_word' id='word_1_62' title='bbox 890 1420 909 1466; x_wconf 88' lang='lat' dir='ltr'><strong>a</strong></span> <span class='ocrx_word' id='word_1_63' title='bbox 937 1420 976 1465; x_wconf 90' lang='lat' dir='ltr'><strong>se</strong></span> <span class='ocrx_word' id='word_1_64' title='bbox 1001 1389 1096 1464; x_wconf 92' lang='lat' dir='ltr'><strong>velle</strong></span> <span class='ocrx_word' id='word_1_65' title='bbox 1120 1389 1333 1493; x_wconf 83' lang='lat' dir='ltr'><strong>persistere,</strong></span> <span class='ocrx_word' id='word_1_66' title='bbox 1361 1412 1448 1463; x_wconf 88' lang='lat' dir='ltr'><strong>cum</strong></span> <span class='ocrx_word' id='word_1_67' title='bbox 1472 1383 1597 1462; x_wconf 88' lang='lat' dir='ltr'><strong>omnia</strong></span> <span class='ocrx_word' id='word_1_68' title='bbox 1621 1402 1658 1460; x_wconf 90' lang='lat' dir='ltr'><strong>et</strong></span> 
     </span>
     <span class='ocr_line' id='line_1_9' title="bbox 238 1515 1659 1626; baseline -0.001 -34"><span class='ocrx_word' id='word_1_69' title='bbox 238 1517 381 1623; x_wconf 88' lang='lat' dir='ltr'><strong>singula</strong></span> <span class='ocrx_word' id='word_1_70' title='bbox 404 1517 490 1594; x_wconf 79' lang='lat' dir='ltr'><strong>falsa</strong></span> <span class='ocrx_word' id='word_1_71' title='bbox 516 1547 594 1596; x_wconf 89' lang='lat' dir='ltr'><strong>esse</strong></span> <span class='ocrx_word' id='word_1_72' title='bbox 619 1521 744 1597; x_wconf 88' lang='lat' dir='ltr'><strong>credat</strong></span> <span class='ocrx_word' id='word_1_73' title='bbox 764 1548 839 1626; x_wconf 91' lang='lat' dir='ltr'><strong>que</strong></span> <span class='ocrx_word' id='word_1_74' title='bbox 863 1520 901 1596; x_wconf 91' lang='lat' dir='ltr'><strong>in</strong></span> <span class='ocrx_word' id='word_1_75' title='bbox 921 1519 1029 1595; x_wconf 87' lang='lat' dir='ltr'><strong>dictis</strong></span> <span class='ocrx_word' id='word_1_76' title='bbox 1049 1518 1240 1595; x_wconf 88' lang='lat' dir='ltr'><strong>erroribus</strong></span> <span class='ocrx_word' id='word_1_77' title='bbox 1260 1535 1299 1594; x_wconf 90' lang='lat' dir='ltr'><strong>et</strong></span> <span class='ocrx_word' id='word_1_78' title='bbox 1321 1515 1485 1593; x_wconf 77' lang='lat' dir='ltr'><strong>articulis</strong></span> <span class='ocrx_word' id='word_1_79' title='bbox 1504 1517 1579 1593; x_wconf 91' lang='lat' dir='ltr'><strong>sint</strong></span> <span class='ocrx_word' id='word_1_80' title='bbox 1599 1544 1659 1591; x_wconf 86' lang='lat' dir='ltr'><strong>ex-</strong></span> 
     </span>
     <span class='ocr_line' id='line_1_10' title="bbox 237 1675 374 1750; baseline 0.007 -29"><span class='ocrx_word' id='word_1_81' title='bbox 237 1675 374 1750; x_wconf 88' lang='lat' dir='ltr'><strong>pressa.</strong></span> 
     </span>
    </p>

    <p class='ocr_par' dir='ltr' id='par_1_5' title="bbox 238 1773 1756 2014">
     <span class='ocr_line' id='line_1_11' title="bbox 293 1773 1756 1881; baseline -0.003 -29"><span class='ocrx_word' id='word_1_82' title='bbox 293 1777 415 1881; x_wconf 87' lang='lat' dir='ltr'><strong>Super</strong></span> <span class='ocrx_word' id='word_1_83' title='bbox 430 1777 510 1854; x_wconf 89' lang='lat' dir='ltr'><strong>aliis</strong></span> <span class='ocrx_word' id='word_1_84' title='bbox 527 1807 614 1856; x_wconf 82' lang='lat' dir='ltr'><strong>vero</strong></span> <span class='ocrx_word' id='word_1_85' title='bbox 629 1780 813 1856; x_wconf 89' lang='lat' dir='ltr'><strong>contentis</strong></span> <span class='ocrx_word' id='word_1_86' title='bbox 828 1780 867 1855; x_wconf 89' lang='lat' dir='ltr'><strong>in</strong></span> <span class='ocrx_word' id='word_1_87' title='bbox 884 1779 991 1856; x_wconf 90' lang='lat' dir='ltr'><strong>dictis</strong></span> <span class='ocrx_word' id='word_1_88' title='bbox 1008 1775 1188 1866; x_wconf 75' lang='lat' dir='ltr'><strong>articulis,</strong></span> <span class='ocrx_word' id='word_1_89' title='bbox 1207 1778 1299 1855; x_wconf 82' lang='lat' dir='ltr'><strong>dixit</strong></span> <span class='ocrx_word' id='word_1_90' title='bbox 1315 1805 1353 1852; x_wconf 89' lang='lat' dir='ltr'><strong>se</strong></span> <span class='ocrx_word' id='word_1_91' title='bbox 1369 1773 1484 1851; x_wconf 87' lang='lat' dir='ltr'><strong>nichil</strong></span> <span class='ocrx_word' id='word_1_92' title='bbox 1500 1774 1657 1880; x_wconf 88' lang='lat' dir='ltr'><strong>amplius</strong></span> <span class='ocrx_word' id='word_1_93' title='bbox 1753 1812 1756 1819; x_wconf 96' lang='lat'>·</span> 
     </span>
     <span class='ocr_line' id='line_1_12' title="bbox 238 1907 1179 2014; baseline 0.003 -34"><span class='ocrx_word' id='word_1_94' title='bbox 238 1907 348 1992; x_wconf 87' lang='lat' dir='ltr'><strong>seire,</strong></span> <span class='ocrx_word' id='word_1_95' title='bbox 366 1908 436 1982; x_wconf 89' lang='lat' dir='ltr'><strong>nisi</strong></span> <span class='ocrx_word' id='word_1_96' title='bbox 451 1924 576 1984; x_wconf 88' lang='lat' dir='ltr'><strong>tamen</strong></span> <span class='ocrx_word' id='word_1_97' title='bbox 592 1937 633 1984; x_wconf 86' lang='lat' dir='ltr'><strong>ea</strong></span> <span class='ocrx_word' id='word_1_98' title='bbox 654 1937 728 2014; x_wconf 91' lang='lat' dir='ltr'><strong>que</strong></span> <span class='ocrx_word' id='word_1_99' title='bbox 745 1936 856 2013; x_wconf 89' lang='lat' dir='ltr'><strong>supra</strong></span> <span class='ocrx_word' id='word_1_100' title='bbox 874 1908 1093 1985; x_wconf 80' lang='lat' dir='ltr'><strong>testificatus</strong></span> <span class='ocrx_word' id='word_1_101' title='bbox 1114 1925 1179 1983; x_wconf 88' lang='lat' dir='ltr'><strong>est.</strong></span> 
     </span>
    </p>
   </div>
   <div class='ocr_carea' id='block_1_4' title="bbox 238 2167 1768 4873">
    <p class='ocr_par' dir='ltr' id='par_1_6' title="bbox 295 2167 1455 2272">
     <span class='ocr_line' id='line_1_13' title="bbox 295 2167 1455 2272; baseline 0 -29"><span class='ocrx_word' id='word_1_102' title='bbox 295 2169 402 2243; x_wconf 84' lang='lat' dir='ltr'><strong>Anno</strong></span> <span class='ocrx_word' id='word_1_103' title='bbox 423 2183 460 2243; x_wconf 87' lang='lat' dir='ltr'><strong>et</strong></span> <span class='ocrx_word' id='word_1_104' title='bbox 475 2167 536 2242; x_wconf 92' lang='lat' dir='ltr'><strong>die</strong></span> <span class='ocrx_word' id='word_1_105' title='bbox 553 2167 692 2272; x_wconf 91' lang='lat' dir='ltr'><strong>quibus</strong></span> <span class='ocrx_word' id='word_1_106' title='bbox 711 2194 832 2271; x_wconf 87' lang='lat' dir='ltr'><strong>supra.</strong></span> <span class='ocrx_word' id='word_1_107' title='bbox 1447 2210 1455 2219; x_wconf 87' lang='lat'>-</span> 
     </span>
    </p>

    <p class='ocr_par' dir='ltr' id='par_1_7' title="bbox 238 2296 1768 4205">
     <span class='ocr_line' id='line_1_14' title="bbox 294 2296 1659 2403; baseline 0.001 -30"><span class='ocrx_word' id='word_1_108' title='bbox 294 2299 418 2375; x_wconf 88' lang='lat' dir='ltr'><strong>XVlll.</strong></span> <span class='ocrx_word' id='word_1_109' title='bbox 475 2298 600 2374; x_wconf 82' lang='lat' dir='ltr'><strong>Frater</strong></span> <span class='ocrx_word' id='word_1_110' title='bbox 626 2296 809 2373; x_wconf 84' lang='lat' dir='ltr'><strong>Arnaldus</strong></span> <span class='ocrx_word' id='word_1_111' title='bbox 841 2298 941 2376; x_wconf 88' lang='lat' dir='ltr'><strong>Calis</strong></span> <span class='ocrx_word' id='word_1_112' title='bbox 977 2297 1119 2378; x_wconf 84' lang='lat' dir='ltr'><strong>ordinis</strong></span> <span class='ocrx_word' id='word_1_113' title='bbox 1151 2296 1241 2375; x_wconf 90' lang='lat' dir='ltr'><strong>dicti</strong></span> <span class='ocrx_word' id='word_1_114' title='bbox 1279 2296 1427 2403; x_wconf 88' lang='lat' dir='ltr'><strong>Templi</strong></span> <span class='ocrx_word' id='word_1_115' title='bbox 1460 2316 1498 2374; x_wconf 90' lang='lat' dir='ltr'><strong>et</strong></span> <span class='ocrx_word' id='word_1_116' title='bbox 1525 2297 1659 2375; x_wconf 88' lang='lat' dir='ltr'><strong>domus</strong></span> 
     </span>
     <span class='ocr_line' id='line_1_15' title="bbox 240 2426 1660 2534; baseline -0.001 -30"><span class='ocrx_word' id='word_1_117' title='bbox 240 2428 359 2504; x_wconf 89' lang='lat' dir='ltr'><strong>Mansi</strong></span> <span class='ocrx_word' id='word_1_118' title='bbox 382 2429 470 2515; x_wconf 90' lang='lat' dir='ltr'><strong>Dei,</strong></span> <span class='ocrx_word' id='word_1_119' title='bbox 490 2429 594 2504; x_wconf 88' lang='lat' dir='ltr'><strong>testis</strong></span> <span class='ocrx_word' id='word_1_120' title='bbox 611 2428 757 2534; x_wconf 80' lang='lat' dir='ltr'><strong>juranis</strong></span> <span class='ocrx_word' id='word_1_121' title='bbox 781 2428 830 2504; x_wconf 87' lang='lat' dir='ltr'><strong>ad</strong></span> <span class='ocrx_word' id='word_1_122' title='bbox 845 2444 968 2504; x_wconf 84' lang='lat' dir='ltr'><strong>saneta</strong></span> <span class='ocrx_word' id='word_1_123' title='bbox 989 2428 1059 2505; x_wconf 89' lang='lat' dir='ltr'><strong>Dei</strong></span> <span class='ocrx_word' id='word_1_124' title='bbox 1080 2427 1273 2533; x_wconf 85' lang='lat' dir='ltr'><strong>Evangelia</strong></span> <span class='ocrx_word' id='word_1_125' title='bbox 1299 2454 1412 2531; x_wconf 86' lang='lat' dir='ltr'><strong>super</strong></span> <span class='ocrx_word' id='word_1_126' title='bbox 1430 2426 1607 2531; x_wconf 87' lang='lat' dir='ltr'><strong>predictis</strong></span> <span class='ocrx_word' id='word_1_127' title='bbox 1623 2446 1660 2503; x_wconf 87' lang='lat' dir='ltr'><strong>et</strong></span> 
     </span>
     <span class='ocr_line' id='line_1_16' title="bbox 240 2556 1660 2677; baseline -0.001 -43"><span class='ocrx_word' id='word_1_128' title='bbox 240 2586 369 2635; x_wconf 90' lang='lat' dir='ltr'><strong>eorum</strong></span> <span class='ocrx_word' id='word_1_129' title='bbox 381 2558 551 2663; x_wconf 88' lang='lat' dir='ltr'><strong>quolibet</strong></span> <span class='ocrx_word' id='word_1_130' title='bbox 561 2557 632 2636; x_wconf 89' lang='lat' dir='ltr'><strong>sihi</strong></span> <span class='ocrx_word' id='word_1_131' title='bbox 644 2557 873 2677; x_wconf 66' lang='lat' dir='ltr'><strong>expositisrin</strong></span> <span class='ocrx_word' id='word_1_132' title='bbox 887 2557 1045 2664; x_wconf 85' lang='lat' dir='ltr'><strong>vulgari,</strong></span> <span class='ocrx_word' id='word_1_133' title='bbox 1061 2575 1104 2633; x_wconf 92' lang='lat' dir='ltr'><strong>ut</strong></span> <span class='ocrx_word' id='word_1_134' title='bbox 1112 2556 1385 2663; x_wconf 84' lang='lat' dir='ltr'><strong>principalis-de</strong></span> <span class='ocrx_word' id='word_1_135' title='bbox 1400 2557 1548 2661; x_wconf 91' lang='lat' dir='ltr'><strong>seipso,</strong></span> <span class='ocrx_word' id='word_1_136' title='bbox 1564 2576 1603 2633; x_wconf 88' lang='lat' dir='ltr'><strong>et</strong></span> <span class='ocrx_word' id='word_1_137' title='bbox 1618 2575 1660 2634; x_wconf 91' lang='lat' dir='ltr'><strong>ut</strong></span> 
     </span>
     <span class='ocr_line' id='line_1_17' title="bbox 238 2686 1661 2794; baseline -0.001 -32"><span class='ocrx_word' id='word_1_138' title='bbox 238 2687 342 2764; x_wconf 89' lang='lat' dir='ltr'><strong>testis</strong></span> <span class='ocrx_word' id='word_1_139' title='bbox 357 2687 405 2762; x_wconf 94' lang='lat' dir='ltr'><strong>de</strong></span> <span class='ocrx_word' id='word_1_140' title='bbox 419 2687 517 2775; x_wconf 88' lang='lat' dir='ltr'><strong>aliis,</strong></span> <span class='ocrx_word' id='word_1_141' title='bbox 535 2687 987 2794; x_wconf 83' lang='lat' dir='ltr'><strong>diligenteretsigillatim</strong></span> <span class='ocrx_word' id='word_1_142' title='bbox 997 2687 1266 2791; x_wconf 83' lang='lat' dir='ltr'><strong>interrogatus,</strong></span> <span class='ocrx_word' id='word_1_143' title='bbox 1285 2686 1515 2791; x_wconf 90' lang='lat' dir='ltr'><strong>respondens</strong></span> <span class='ocrx_word' id='word_1_144' title='bbox 1525 2688 1571 2761; x_wconf 87' lang='lat' dir='ltr'><strong>ad</strong></span> <span class='ocrx_word' id='word_1_145' title='bbox 1585 2687 1661 2791; x_wconf 87' lang='lat' dir='ltr'><strong>pri-</strong></span> 
     </span>
     <span class='ocr_line' id='line_1_18' title="bbox 240 2815 1660 2923; baseline 0.001 -32"><span class='ocrx_word' id='word_1_146' title='bbox 240 2845 361 2903; x_wconf 89' lang='lat' dir='ltr'><strong>mum,</strong></span> <span class='ocrx_word' id='word_1_147' title='bbox 383 2843 555 2893; x_wconf 81' lang='lat' dir='ltr'><strong>rr—xxrx</strong></span> <span class='ocrx_word' id='word_1_148' title='bbox 575 2815 751 2893; x_wconf 89' lang='lat' dir='ltr'><strong>articulos</strong></span> <span class='ocrx_word' id='word_1_149' title='bbox 764 2816 964 2903; x_wconf 89' lang='lat' dir='ltr'><strong>inclusive,</strong></span> <span class='ocrx_word' id='word_1_150' title='bbox 987 2815 1188 2919; x_wconf 86' lang='lat' dir='ltr'><strong>diligenter</strong></span> <span class='ocrx_word' id='word_1_151' title='bbox 1207 2831 1246 2891; x_wconf 88' lang='lat' dir='ltr'><strong>et</strong></span> <span class='ocrx_word' id='word_1_152' title='bbox 1256 2815 1443 2921; x_wconf 84' lang='lat' dir='ltr'><strong>sigillatim</strong></span> <span class='ocrx_word' id='word_1_153' title='bbox 1454 2816 1660 2923; x_wconf 86' lang='lat' dir='ltr'><strong>interroga-</strong></span> 
     </span>
     <span class='ocr_line' id='line_1_19' title="bbox 239 2945 1660 3051; baseline 0.001 -32"><span class='ocrx_word' id='word_1_154' title='bbox 239 2963 316 3032; x_wconf 84' lang='lat' dir='ltr'><strong>tus,</strong></span> <span class='ocrx_word' id='word_1_155' title='bbox 335 2947 480 3051; x_wconf 84' lang='lat' dir='ltr'><strong>negavit</strong></span> <span class='ocrx_word' id='word_1_156' title='bbox 494 2946 594 3051; x_wconf 87' lang='lat' dir='ltr'><strong>ipsos</strong></span> <span class='ocrx_word' id='word_1_157' title='bbox 609 2945 784 3022; x_wconf 86' lang='lat' dir='ltr'><strong>articulos</strong></span> <span class='ocrx_word' id='word_1_158' title='bbox 800 2965 838 3023; x_wconf 87' lang='lat' dir='ltr'><strong>et</strong></span> <span class='ocrx_word' id='word_1_159' title='bbox 849 2947 975 3023; x_wconf 87' lang='lat' dir='ltr'><strong>omnia</strong></span> <span class='ocrx_word' id='word_1_160' title='bbox 987 2963 1026 3021; x_wconf 87' lang='lat' dir='ltr'><strong>et</strong></span> <span class='ocrx_word' id='word_1_161' title='bbox 1038 2945 1180 3050; x_wconf 88' lang='lat' dir='ltr'><strong>singula</strong></span> <span class='ocrx_word' id='word_1_162' title='bbox 1199 2962 1366 3022; x_wconf 84' lang='lat' dir='ltr'><strong>contenta</strong></span> <span class='ocrx_word' id='word_1_163' title='bbox 1383 2946 1421 3021; x_wconf 94' lang='lat' dir='ltr'><strong>in</strong></span> <span class='ocrx_word' id='word_1_164' title='bbox 1433 2947 1502 3035; x_wconf 85' lang='lat' dir='ltr'><strong>eis;</strong></span> <span class='ocrx_word' id='word_1_165' title='bbox 1520 2947 1660 3023; x_wconf 86' lang='lat' dir='ltr'><strong>addens</strong></span> 
     </span>
     <span class='ocr_line' id='line_1_20' title="bbox 239 3075 1663 3181; baseline 0.001 -30"><span class='ocrx_word' id='word_1_166' title='bbox 239 3075 342 3178; x_wconf 93' lang='lat' dir='ltr'><strong>quod</strong></span> <span class='ocrx_word' id='word_1_167' title='bbox 362 3076 409 3152; x_wconf 90' lang='lat' dir='ltr'><strong>de</strong></span> <span class='ocrx_word' id='word_1_168' title='bbox 434 3104 539 3156; x_wconf 90' lang='lat' dir='ltr'><strong>more</strong></span> <span class='ocrx_word' id='word_1_169' title='bbox 560 3093 598 3153; x_wconf 91' lang='lat' dir='ltr'><strong>et</strong></span> <span class='ocrx_word' id='word_1_170' title='bbox 618 3076 764 3153; x_wconf 88' lang='lat' dir='ltr'><strong>statutis</strong></span> <span class='ocrx_word' id='word_1_171' title='bbox 790 3092 846 3152; x_wconf 87' lang='lat' dir='ltr'><strong>est</strong></span> <span class='ocrx_word' id='word_1_172' title='bbox 863 3076 981 3181; x_wconf 91' lang='lat' dir='ltr'><strong>ipsius</strong></span> <span class='ocrx_word' id='word_1_173' title='bbox 1004 3075 1148 3152; x_wconf 91' lang='lat' dir='ltr'><strong>ordinis</strong></span> <span class='ocrx_word' id='word_1_174' title='bbox 1171 3092 1353 3181; x_wconf 90' lang='lat' dir='ltr'><strong>perpetuo</strong></span> <span class='ocrx_word' id='word_1_175' title='bbox 1372 3075 1590 3164; x_wconf 87' lang='lat' dir='ltr'><strong>observatis,</strong></span> <span class='ocrx_word' id='word_1_176' title='bbox 1619 3095 1663 3154; x_wconf 89' lang='lat' dir='ltr'><strong>ut</strong></span> 
     </span>
     <span class='ocr_line' id='line_1_21' title="bbox 240 3204 1662 3312; baseline 0.002 -32"><span class='ocrx_word' id='word_1_177' title='bbox 240 3204 351 3290; x_wconf 81' lang='lat' dir='ltr'><strong>dixit,</strong></span> <span class='ocrx_word' id='word_1_178' title='bbox 370 3223 413 3282; x_wconf 90' lang='lat' dir='ltr'><strong>ut</strong></span> <span class='ocrx_word' id='word_1_179' title='bbox 425 3207 531 3282; x_wconf 91' lang='lat' dir='ltr'><strong>annis</strong></span> <span class='ocrx_word' id='word_1_180' title='bbox 553 3205 725 3312; x_wconf 89' lang='lat' dir='ltr'><strong>singulis,</strong></span> <span class='ocrx_word' id='word_1_181' title='bbox 745 3205 805 3282; x_wconf 93' lang='lat' dir='ltr'><strong>die</strong></span> <span class='ocrx_word' id='word_1_182' title='bbox 820 3206 975 3284; x_wconf 86' lang='lat' dir='ltr'><strong>Veneris</strong></span> <span class='ocrx_word' id='word_1_183' title='bbox 989 3223 1130 3293; x_wconf 87' lang='lat' dir='ltr'><strong>sancta,</strong></span> <span class='ocrx_word' id='word_1_184' title='bbox 1153 3205 1202 3282; x_wconf 93' lang='lat' dir='ltr'><strong>ob</strong></span> <span class='ocrx_word' id='word_1_185' title='bbox 1218 3207 1466 3282; x_wconf 87' lang='lat' dir='ltr'><strong>reverenciam</strong></span> <span class='ocrx_word' id='word_1_186' title='bbox 1479 3206 1662 3284; x_wconf 84' lang='lat' dir='ltr'><strong>Passionis</strong></span> 
     </span>
     <span class='ocr_line' id='line_1_22' title="bbox 239 3335 1661 3443; baseline 0.002 -32"><span class='ocrx_word' id='word_1_187' title='bbox 239 3335 390 3411; x_wconf 89' lang='lat' dir='ltr'><strong>Domini</strong></span> <span class='ocrx_word' id='word_1_188' title='bbox 409 3338 530 3413; x_wconf 88' lang='lat' dir='ltr'><strong>nostri</strong></span> <span class='ocrx_word' id='word_1_189' title='bbox 555 3336 671 3412; x_wconf 85' lang='lat' dir='ltr'><strong>lhesu</strong></span> <span class='ocrx_word' id='word_1_190' title='bbox 692 3336 830 3415; x_wconf 88' lang='lat' dir='ltr'><strong>Christi</strong></span> <span class='ocrx_word' id='word_1_191' title='bbox 859 3337 919 3414; x_wconf 92' lang='lat' dir='ltr'><strong>die</strong></span> <span class='ocrx_word' id='word_1_192' title='bbox 939 3336 1105 3441; x_wconf 88' lang='lat' dir='ltr'><strong>predicta</strong></span> <span class='ocrx_word' id='word_1_193' title='bbox 1124 3337 1306 3428; x_wconf 82' lang='lat' dir='ltr'><strong>crucifixi,</strong></span> <span class='ocrx_word' id='word_1_194' title='bbox 1334 3364 1484 3415; x_wconf 89' lang='lat' dir='ltr'><strong>crucem</strong></span> <span class='ocrx_word' id='word_1_195' title='bbox 1503 3339 1661 3443; x_wconf 83' lang='lat' dir='ltr'><strong>positam</strong></span> 
     </span>
     <span class='ocr_line' id='line_1_23' title="bbox 238 3465 1661 3572; baseline 0.002 -33"><span class='ocrx_word' id='word_1_196' title='bbox 238 3482 320 3540; x_wconf 88' lang='lat' dir='ltr'><strong>ante</strong></span> <span class='ocrx_word' id='word_1_197' title='bbox 345 3465 457 3542; x_wconf 87' lang='lat' dir='ltr'><strong>altare</strong></span> <span class='ocrx_word' id='word_1_198' title='bbox 482 3467 521 3543; x_wconf 90' lang='lat' dir='ltr'><strong>in</strong></span> <span class='ocrx_word' id='word_1_199' title='bbox 546 3493 642 3572; x_wconf 85' lang='lat' dir='ltr'><strong>pane</strong></span> <span class='ocrx_word' id='word_1_200' title='bbox 667 3466 810 3543; x_wconf 92' lang='lat' dir='ltr'><strong>mundo</strong></span> <span class='ocrx_word' id='word_1_201' title='bbox 835 3468 973 3556; x_wconf 80' lang='lat' dir='ltr'><strong>cetico,</strong></span> <span class='ocrx_word' id='word_1_202' title='bbox 999 3466 1160 3571; x_wconf 88' lang='lat' dir='ltr'><strong>pedibus</strong></span> <span class='ocrx_word' id='word_1_203' title='bbox 1185 3466 1400 3543; x_wconf 86' lang='lat' dir='ltr'><strong>discalciatis</strong></span> <span class='ocrx_word' id='word_1_204' title='bbox 1421 3485 1460 3544; x_wconf 89' lang='lat' dir='ltr'><strong>et</strong></span> <span class='ocrx_word' id='word_1_205' title='bbox 1482 3468 1661 3571; x_wconf 88' lang='lat' dir='ltr'><strong>depositis</strong></span> 
     </span>
     <span class='ocr_line' id='line_1_24' title="bbox 239 3584 1768 3701; baseline 0.002 -33"><span class='ocrx_word' id='word_1_206' title='bbox 239 3595 464 3671; x_wconf 86' lang='lat' dir='ltr'><strong>sotularibus</strong></span> <span class='ocrx_word' id='word_1_207' title='bbox 484 3612 522 3672; x_wconf 90' lang='lat' dir='ltr'><strong>et</strong></span> <span class='ocrx_word' id='word_1_208' title='bbox 534 3596 647 3671; x_wconf 88' lang='lat' dir='ltr'><strong>nudis</strong></span> <span class='ocrx_word' id='word_1_209' title='bbox 661 3595 838 3700; x_wconf 90' lang='lat' dir='ltr'><strong>pedibus,</strong></span> <span class='ocrx_word' id='word_1_210' title='bbox 860 3613 899 3672; x_wconf 90' lang='lat' dir='ltr'><strong>et</strong></span> <span class='ocrx_word' id='word_1_211' title='bbox 916 3595 1073 3672; x_wconf 90' lang='lat' dir='ltr'><strong>cultellis</strong></span> <span class='ocrx_word' id='word_1_212' title='bbox 1088 3622 1235 3671; x_wconf 90' lang='lat' dir='ltr'><strong>necnon</strong></span> <span class='ocrx_word' id='word_1_213' title='bbox 1249 3595 1342 3671; x_wconf 87' lang='lat' dir='ltr'><strong>colis</strong></span> <span class='ocrx_word' id='word_1_214' title='bbox 1355 3597 1534 3701; x_wconf 89' lang='lat' dir='ltr'><strong>capitum,</strong></span> <span class='ocrx_word' id='word_1_215' title='bbox 1556 3597 1660 3672; x_wconf 86' lang='lat' dir='ltr'><strong>llexis</strong></span> <span class='ocrx_word' id='word_1_216' title='bbox 1764 3584 1768 3591; x_wconf 42' lang='lat'><strong>¹</strong></span> 
     </span>
     <span class='ocr_line' id='line_1_25' title="bbox 239 3722 1663 3831; baseline 0.002 -33"><span class='ocrx_word' id='word_1_217' title='bbox 239 3723 413 3826; x_wconf 84' lang='lat' dir='ltr'><strong>genibus,</strong></span> <span class='ocrx_word' id='word_1_218' title='bbox 428 3751 515 3799; x_wconf 89' lang='lat' dir='ltr'><strong>cum</strong></span> <span class='ocrx_word' id='word_1_219' title='bbox 532 3723 729 3800; x_wconf 85' lang='lat' dir='ltr'><strong>devotione</strong></span> <span class='ocrx_word' id='word_1_220' title='bbox 742 3741 781 3799; x_wconf 88' lang='lat' dir='ltr'><strong>et</strong></span> <span class='ocrx_word' id='word_1_221' title='bbox 790 3722 1089 3828; x_wconf 77' lang='lat' dir='ltr'><strong>humilitateque</strong></span> <span class='ocrx_word' id='word_1_222' title='bbox 1104 3741 1260 3828; x_wconf 89' lang='lat' dir='ltr'><strong>possunt</strong></span> <span class='ocrx_word' id='word_1_223' title='bbox 1274 3724 1423 3831; x_wconf 87' lang='lat' dir='ltr'><strong>majori,</strong></span> <span class='ocrx_word' id='word_1_224' title='bbox 1439 3724 1575 3831; x_wconf 88' lang='lat' dir='ltr'><strong>singuli</strong></span> <span class='ocrx_word' id='word_1_225' title='bbox 1591 3726 1663 3801; x_wconf 81' lang='lat' dir='ltr'><strong>fra-</strong></span> 
     </span>
     <span class='ocr_line' id='line_1_26' title="bbox 240 3850 1663 3958; baseline 0.003 -31"><span class='ocrx_word' id='word_1_226' title='bbox 240 3869 316 3928; x_wconf 88' lang='lat' dir='ltr'><strong>tres</strong></span> <span class='ocrx_word' id='word_1_227' title='bbox 336 3850 505 3957; x_wconf 88' lang='lat' dir='ltr'><strong>ejusdem</strong></span> <span class='ocrx_word' id='word_1_228' title='bbox 522 3852 665 3929; x_wconf 87' lang='lat' dir='ltr'><strong>ordinis</strong></span> <span class='ocrx_word' id='word_1_229' title='bbox 685 3852 842 3929; x_wconf 85' lang='lat' dir='ltr'><strong>adorent</strong></span> <span class='ocrx_word' id='word_1_230' title='bbox 861 3880 1010 3942; x_wconf 84' lang='lat' dir='ltr'><strong>crucem</strong></span> <span class='ocrx_word' id='word_1_231' title='bbox 1033 3854 1257 3958; x_wconf 80' lang='lat' dir='ltr'><strong>predictam,</strong></span> <span class='ocrx_word' id='word_1_232' title='bbox 1286 3853 1470 3932; x_wconf 91' lang='lat' dir='ltr'><strong>dicendo:</strong></span> <span class='ocrx_word' id='word_1_233' title='bbox 1493 3892 1505 3921; x_wconf 82' lang='grc' dir='ltr'>ι</span> <span class='ocrx_word' id='word_1_234' title='bbox 1522 3854 1663 3932; x_wconf 81' lang='lat' dir='ltr'><strong>Adora-</strong></span> 
     </span>
     <span class='ocr_line' id='line_1_27' title="bbox 241 3979 1662 4089; baseline 0.005 -35"><span class='ocrx_word' id='word_1_235' title='bbox 241 3979 324 4057; x_wconf 89' lang='lat' dir='ltr'><strong>mus</strong></span> <span class='ocrx_word' id='word_1_236' title='bbox 344 3998 397 4069; x_wconf 90' lang='lat' dir='ltr'><strong>te,</strong></span> <span class='ocrx_word' id='word_1_237' title='bbox 421 3981 585 4070; x_wconf 90' lang='lat' dir='ltr'><strong>Christe,</strong></span> <span class='ocrx_word' id='word_1_238' title='bbox 615 4000 658 4065; x_wconf 65' lang='lat' dir='ltr'><strong>et,</strong></span> <span class='ocrx_word' id='word_1_239' title='bbox 670 3982 929 4060; x_wconf 88' lang='lat' dir='ltr'><strong>benedicimus</strong></span> <span class='ocrx_word' id='word_1_240' title='bbox 945 3984 1034 4072; x_wconf 89' lang='lat' dir='ltr'><strong>tibi,</strong></span> <span class='ocrx_word' id='word_1_241' title='bbox 1060 3984 1240 4089; x_wconf 79' lang='lat' dir='ltr'><strong>quiaper</strong></span> <span class='ocrx_word' id='word_1_242' title='bbox 1263 4011 1411 4061; x_wconf 88' lang='lat' dir='ltr'><strong>crucem</strong></span> <span class='ocrx_word' id='word_1_243' title='bbox 1431 4002 1534 4062; x_wconf 90' lang='lat' dir='ltr'><strong>tuam</strong></span> <span class='ocrx_word' id='word_1_244' title='bbox 1553 3985 1662 4061; x_wconf 85' lang='lat' dir='ltr'><strong>redc-</strong></span> 
     </span>
     <span class='ocr_line' id='line_1_28' title="bbox 240 4110 1307 4205; baseline 0.009 -20"><span class='ocrx_word' id='word_1_245' title='bbox 240 4112 341 4188; x_wconf 90' lang='lat' dir='ltr'><strong>misti</strong></span> <span class='ocrx_word' id='word_1_246' title='bbox 361 4111 588 4189; x_wconf 82' lang='lat' dir='ltr'><strong>mundum.·</strong></span> <span class='ocrx_word' id='word_1_247' title='bbox 720 4168 724 4175; x_wconf 90' lang='lat'>-</span> <span class='ocrx_word' id='word_1_248' title='bbox 796 4130 843 4155; x_wconf 88' lang='lat'><strong>&#39;··</strong></span> <span class='ocrx_word' id='word_1_249' title='bbox 1147 4110 1165 4117; x_wconf 38' lang='lat'><strong>‘¹</strong></span> <span class='ocrx_word' id='word_1_250' title='bbox 1209 4125 1213 4134; x_wconf 82' lang='lat'>&#39;</span> <span class='ocrx_word' id='word_1_251' title='bbox 1304 4190 1307 4205; x_wconf 27' lang='grc' dir='ltr'>ζ</span> 
     </span>
    </p>

    <p class='ocr_par' dir='ltr' id='par_1_8' title="bbox 239 4240 1659 4873">
     <span class='ocr_line' id='line_1_29' title="bbox 296 4240 1657 4331; baseline 0.005 -16"><span class='ocrx_word' id='word_1_252' title='bbox 296 4243 388 4317; x_wconf 88' lang='lat' dir='ltr'><strong>ltem</strong></span> <span class='ocrx_word' id='word_1_253' title='bbox 417 4240 562 4318; x_wconf 88' lang='lat' dir='ltr'><strong>duabus</strong></span> <span class='ocrx_word' id='word_1_254' title='bbox 593 4260 718 4319; x_wconf 84' lang='lat' dir='ltr'><strong>autem</strong></span> <span class='ocrx_word' id='word_1_255' title='bbox 727 4245 734 4331; x_wconf 70' lang='lat' dir='ltr'><em>J</em></span> <span class='ocrx_word' id='word_1_256' title='bbox 742 4242 1000 4321; x_wconf 81' lang='lat' dir='ltr'><strong>festivitatibus</strong></span> <span class='ocrx_word' id='word_1_257' title='bbox 1029 4245 1165 4321; x_wconf 87' lang='lat' dir='ltr'><strong>Sancte</strong></span> <span class='ocrx_word' id='word_1_258' title='bbox 1188 4244 1319 4323; x_wconf 88' lang='lat' dir='ltr'><strong>Crucis</strong></span> <span class='ocrx_word' id='word_1_259' title='bbox 1350 4247 1487 4324; x_wconf 84' lang='lat' dir='ltr'><strong>mensis</strong></span> <span class='ocrx_word' id='word_1_260' title='bbox 1507 4246 1593 4322; x_wconf 88' lang='lat' dir='ltr'><strong>maii</strong></span> <span class='ocrx_word' id='word_1_261' title='bbox 1621 4263 1657 4322; x_wconf 90' lang='lat' dir='ltr'><strong>et</strong></span> 
     </span>
     <span class='ocr_line' id='line_1_30' title="bbox 239 4370 1657 4478; baseline 0.004 -33"><span class='ocrx_word' id='word_1_262' title='bbox 239 4370 476 4475; x_wconf 87' lang='lat' dir='ltr'><strong>septembris,</strong></span> <span class='ocrx_word' id='word_1_263' title='bbox 491 4398 567 4448; x_wconf 90' lang='lat' dir='ltr'><strong>non</strong></span> <span class='ocrx_word' id='word_1_264' title='bbox 578 4373 758 4478; x_wconf 90' lang='lat' dir='ltr'><strong>depositis</strong></span> <span class='ocrx_word' id='word_1_265' title='bbox 767 4373 1007 4462; x_wconf 88' lang='lat' dir='ltr'><strong>sotularibus,</strong></span> <span class='ocrx_word' id='word_1_266' title='bbox 1024 4374 1095 4450; x_wconf 90' lang='lat' dir='ltr'><strong>nisi</strong></span> <span class='ocrx_word' id='word_1_267' title='bbox 1109 4375 1241 4465; x_wconf 87' lang='lat' dir='ltr'><strong>velint,</strong></span> <span class='ocrx_word' id='word_1_268' title='bbox 1259 4376 1326 4451; x_wconf 90' lang='lat' dir='ltr'><strong>sed</strong></span> <span class='ocrx_word' id='word_1_269' title='bbox 1340 4374 1500 4452; x_wconf 87' lang='lat' dir='ltr'><strong>cultellis</strong></span> <span class='ocrx_word' id='word_1_270' title='bbox 1513 4393 1551 4452; x_wconf 92' lang='lat' dir='ltr'><strong>et</strong></span> <span class='ocrx_word' id='word_1_271' title='bbox 1566 4375 1657 4453; x_wconf 87' lang='lat' dir='ltr'><strong>cofis</strong></span> 
     </span>
     <span class='ocr_line' id='line_1_31' title="bbox 239 4500 1658 4612; baseline 0.004 -37"><span class='ocrx_word' id='word_1_272' title='bbox 239 4501 400 4605; x_wconf 89' lang='lat' dir='ltr'><strong>capitum</strong></span> <span class='ocrx_word' id='word_1_273' title='bbox 420 4500 594 4578; x_wconf 75' lang='lat' dir='ltr'><strong>duntaxat</strong></span> <span class='ocrx_word' id='word_1_274' title='bbox 611 4504 780 4580; x_wconf 85' lang='lat' dir='ltr'><strong>extractis</strong></span> <span class='ocrx_word' id='word_1_275' title='bbox 801 4523 840 4581; x_wconf 88' lang='lat' dir='ltr'><strong>et</strong></span> <span class='ocrx_word' id='word_1_276' title='bbox 864 4505 1011 4610; x_wconf 87' lang='lat' dir='ltr'><strong>positis,</strong></span> <span class='ocrx_word' id='word_1_277' title='bbox 1037 4522 1251 4582; x_wconf 87' lang='lat' dir='ltr'><strong>reverenter</strong></span> <span class='ocrx_word' id='word_1_278' title='bbox 1279 4532 1430 4583; x_wconf 90' lang='lat' dir='ltr'><strong>crucem</strong></span> <span class='ocrx_word' id='word_1_279' title='bbox 1452 4506 1658 4612; x_wconf 85' lang='lat' dir='ltr'><strong>predictam</strong></span> 
     </span>
     <span class='ocr_line' id='line_1_32' title="bbox 239 4630 1659 4742; baseline 0.005 -38"><span class='ocrx_word' id='word_1_280' title='bbox 239 4630 404 4706; x_wconf 88' lang='lat' dir='ltr'><strong>adorant.</strong></span> <span class='ocrx_word' id='word_1_281' title='bbox 419 4633 464 4708; x_wconf 84' lang='lat' dir='ltr'><strong>Et</strong></span> <span class='ocrx_word' id='word_1_282' title='bbox 478 4650 702 4711; x_wconf 88' lang='lat' dir='ltr'><strong>sacramenta</strong></span> <span class='ocrx_word' id='word_1_283' title='bbox 721 4635 846 4710; x_wconf 92' lang='lat' dir='ltr'><strong>omnia</strong></span> <span class='ocrx_word' id='word_1_284' title='bbox 865 4651 987 4711; x_wconf 89' lang='lat' dir='ltr'><strong>sancte</strong></span> <span class='ocrx_word' id='word_1_285' title='bbox 1001 4635 1071 4712; x_wconf 91' lang='lat' dir='ltr'><strong>Dei</strong></span> <span class='ocrx_word' id='word_1_286' title='bbox 1092 4635 1271 4722; x_wconf 88' lang='lat' dir='ltr'><strong>Ecclesie,</strong></span> <span class='ocrx_word' id='word_1_287' title='bbox 1294 4637 1391 4713; x_wconf 89' lang='lat' dir='ltr'><strong>sicut</strong></span> <span class='ocrx_word' id='word_1_288' title='bbox 1404 4635 1483 4742; x_wconf 89' lang='lat' dir='ltr'><strong>ipsa</strong></span> <span class='ocrx_word' id='word_1_289' title='bbox 1499 4635 1659 4742; x_wconf 85' lang='lat' dir='ltr'><strong>precipit</strong></span> 
     </span>
     <span class='ocr_line' id='line_1_33' title="bbox 242 4761 1659 4873; baseline 0.005 -37"><span class='ocrx_word' id='word_1_290' title='bbox 242 4778 279 4836; x_wconf 92' lang='lat' dir='ltr'><strong>et</strong></span> <span class='ocrx_word' id='word_1_291' title='bbox 297 4761 483 4852; x_wconf 85' lang='lat' dir='ltr'><strong>observat,</strong></span> <span class='ocrx_word' id='word_1_292' title='bbox 505 4762 557 4840; x_wconf 89' lang='lat' dir='ltr'><strong>sic</strong></span> <span class='ocrx_word' id='word_1_293' title='bbox 576 4764 703 4869; x_wconf 80' lang='lat' dir='ltr'><strong>stipsi</strong></span> <span class='ocrx_word' id='word_1_294' title='bbox 721 4762 851 4841; x_wconf 83' lang='lat' dir='ltr'><strong>iratres</strong></span> <span class='ocrx_word' id='word_1_295' title='bbox 865 4782 904 4842; x_wconf 86' lang='lat' dir='ltr'><strong>et</strong></span> <span class='ocrx_word' id='word_1_296' title='bbox 922 4782 1024 4843; x_wconf 87' lang='lat' dir='ltr'><strong>totus</strong></span> <span class='ocrx_word' id='word_1_297' title='bbox 1038 4765 1132 4842; x_wconf 90' lang='lat' dir='ltr'><strong>ordo</strong></span> <span class='ocrx_word' id='word_1_298' title='bbox 1145 4766 1264 4842; x_wconf 87' lang='lat' dir='ltr'><strong>credit</strong></span> <span class='ocrx_word' id='word_1_299' title='bbox 1277 4786 1381 4873; x_wconf 85' lang='lat' dir='ltr'><strong>pure-</strong></span> <span class='ocrx_word' id='word_1_300' title='bbox 1392 4764 1659 4873; x_wconf 85' lang='lat' dir='ltr'><strong>etsimpliciter</strong></span> 
     </span>
    </p>
   </div>
   <div class='ocr_carea' id='block_1_5' title="bbox 1423 4912 1472 4976">
    <p class='ocr_par' dir='ltr' id='par_1_9' title="bbox 1423 4912 1472 4976">
     <span class='ocr_line' id='line_1_34' title="bbox 1423 4912 1472 4976; baseline -0.061 1"><span class='ocrx_word' id='word_1_301' title='bbox 1423 4912 1472 4976; x_wconf 78' lang='lat'><strong>62.</strong></span> 
     </span>
    </p>
   </div>
   <div class='ocr_carea' id='block_1_6' title="bbox 0 0 2123 5956">
    <p class='ocr_par' dir='ltr' id='par_1_10' title="bbox 0 0 2123 5956">
     <span class='ocr_line' id='line_1_35' title="bbox 0 0 2123 5956; baseline 0 0"><span class='ocrx_word' id='word_1_302' title='bbox 0 0 2123 5956; x_wconf 95' lang='lat' dir='ltr'><strong> </strong></span> 
     </span>
    </p>
   </div>
  </div>
 </body>
</html>
