4230 5956
338 443 411 517 aaa
584 432 588 440 '
727 421 1373 513 aaocasnasrauamaas

336 585 477 693 priore,
494 599 532 658 et
542 581 653 657 fratre
668 580 856 656 Bernardo
870 579 916 656 de
931 579 1080 656 Ardena
1090 576 1231 654 lectore
1245 575 1543 662 Predicatorum,
1556 593 1597 652 at
1608 576 1772 654 duobus

338 714 520 823 [frutribus
539 711 785 817 Minoribusll,
812 710 951 786 scilicet
976 707 1088 785 fratre
1108 706 1314 785 Guillelmo
1333 704 1486 783 amaldi
1507 705 1704 811 garaliano,
1729 727 1773 784 et

337 845 449 921 fratre
479 842 686 923 Guillelmo
713 841 887 920 Brandini
921 840 1064 919 ordinis
1092 837 1245 915 fratrum
1279 837 1471 914 Minorum
1511 855 1768 917 convenarum

340 974 432 1080 [cille
450 975 653 1076 Papiniani
658 971 709 1078 ?];
739 970 916 1047 adhibitis
945 971 1060 1047 eciam
1083 968 1194 1045 nobis
1219 966 1342 1045 tribus
1366 965 1520 1043 notariis
1541 966 1704 1073 publicis
1725 988 1767 1044 et

334 1106 484 1212 juratis,
499 1103 672 1181 videlicet
684 1103 793 1178 Petro
807 1100 1013 1209 Gayraudi,
1027 1101 1137 1176 Petro
1150 1097 1348 1205 Rayluaudi
1365 1112 1403 1175 et
1418 1097 1587 1203 Iohanne]
1605 1097 1654 1176 de
1664 1099 1769 1178 Villa

339 1236 460 1323 Clara,
487 1235 552 1341 qui
576 1251 790 1339 presentem
821 1232 1105 1339 inquisicionem
1125 1230 1343 1306 anctoritate
1370 1247 1410 1304 et
1433 1226 1607 1305 mandato
1632 1247 1770 1307 nocuo

335 1366 427 1470 jussi
447 1381 535 1440 sunt
552 1364 713 1440 scribere
734 1377 771 1438 et
790 1362 955 1440 fideliter
974 1361 1022 1468 [ia
1035 1364 1192 1466 semaam
1211 1358 1408 1465 palblicam
1427 1357 1609 1466 redigere.
1629 1359 1772 1438 Citavi-

339 1524 423 1572 mus
447 1522 515 1601 per
539 1512 683 1572 nostras
711 1510 878 1598 patentes
901 1494 1059 1579 litteras,
1085 1509 1124 1568 et
1151 1491 1254 1568 citari
1279 1490 1435 1567 lecimus
1466 1518 1537 1595 per
1558 1489 1770 1568 &smmum

343 1628 459 1703 virum
481 1624 656 1732 [Iacobum
676 1628 822 1703 Martini
844 1621 1061 1730 ‹fficiclemll
1082 1640 1253 1700 nostrum
1275 1621 1476 1698 Elnensem
1502 1648 1641 1699 omnes·
1654 1623 1773 1702 'l'em-

341 1757 476 1861 plarios
497 1757 695 1834 existentes
713 1757 752 1830 in
771 1754 870 1831 dicta
891 1756 1005 1832 domo
1019 1752 1139 1830 Menai
1160 1753 1230 1830 Dei
1253 1770 1378 1828 nostre
1398 1751 1570 1828 Elnensis
1585 1751 1768 1839 diocesis,

342 1904 527 1962 eteorum
546 1886 729 1992 singulos,
751 1915 837 1962 curn
859 1884 1000 1991 [aliusll
1028 1884 1067 1958 in
1088 1883 1184 1960 dicta
1208 1899 1333 1960 nostra
1355 1881 1497 1960 diocesi
1519 1881 1613 1959 nulli
1641 1903 1773 1959 essent

342 2044 411 2094 nec
423 2018 496 2093 sint
509 2017 639 2094 fratres
653 2017 797 2093 ordinis
812 2016 900 2093 dicti
914 2014 1249 2119 Templitquamm
1258 2013 1415 2118 quidem
1427 2012 1633 2089 litterarum
1646 2011 1773 2090 forma

343 2146 550 2224 dinoscitur
564 2174 644 2223 esse
657 2146 741 2221 talis
755 2177 764 2218 ε

400 2275 910 2380 Rayrnundussmiseraeione
932 2274 1056 2350 divina
1080 2274 1252 2350 Elnensis
1277 2275 1489 2380 episcopus,
1517 2293 1695 2353 executor
1720 2277 1773 2352 ad

344 2403 570 2509 infrascripta
590 2432 611 2478 a
630 2403 730 2480 Sede
750 2404 949 2509 apostolica
974 2404 1191 2509 deputatus,
1219 2403 1381 2482 discreto
1404 2405 1485 2481 viro
1510 2404 1648 2484 Jacobo
1669 2407 1775 2483 Mar-

344 2534 412 2609 tini
438 2532 586 2611 officiali
610 2552 738 2611 nostro
763 2533 913 2610 Elncnsi
941 2534 1098 2611 salutem
1119 2534 1158 2610 in
1182 2535 1347 2612 Domino
1366 2536 1645 2641 sempiternam.
1666 2537 1773 2615 Cam

344 2692 429 2752 nos,
446 2665 552 2772 juxta
577 2681 796 2771 preceptum
820 2662 1066 2770 apostolieum
1086 2662 1306 2742 litteratorie
1333 2664 1446 2743 nobis
1468 2665 1624 2756 lactum,
1652 2694 1776 2772 super

344 2794 508 2871 articulis
527 2795 637 2873 nobis
656 2795 779 2872 missis
804 2777 873 2900 per
893 2794 1140 2873 reverendum
1161 2795 1200 2871 in
1220 2795 1371 2873 Christo
1396 2813 1541 2900 patrem
1564 2795 1771 2872 domiuum

343 2926 536 3031 Egidium,
567 2926 690 3003 divina
713 2927 951 3031 providencia
976 2938 1101 3004 sancte
1130 2925 1379 3003 Narbonensis
1403 2926 1559 3004 ecclesie
1578 2927 1772 3032 archiepi-

345 3082 517 3158 scopum,
549 3074 675 3132 eontra
706 3057 938 3161 Templarios
966 3057 1146 3163 degentes
1172 3058 1211 3132 in
1242 3058 1356 3135 domo
1384 3059 1502 3135 Mami
1525 3059 1596 3135 Dei
1624 3058 1770 3135 milicie

344 3183 508 3287 Templi,
531 3202 656 3260 nosue
675 3185 844 3262 Elnensis
863 3188 1040 3275 diocesis,
1059 3188 1249 3292 inquirere
1268 3188 1510 3265 intendamus
1528 3189 1568 3264 ia
1582 3206 1702 3266 mauu
1716 3190 1770 3267 de

347 3309 541 3387 Trullariis
560 3314 689 3417 (quem
709 3315 865 3419 quidem
887 3315 1011 3391 locum
1029 3315 1224 3393 decentem
1246 3334 1283 3393 et
1303 3336 1534 3423 oportunum
1554 3320 1773 3423 putavimus

346 3439 391 3515 ad
412 3441 593 3546 predicta,
616 3473 701 3520 cum
719 3445 765 3519 sit
785 3446 1021 3551 propinquus
1041 3447 1110 3552 ipsi
1138 3446 1266 3524 domui
1288 3449 1406 3524 lllansi
1427 3449 1532 3551 Dei),
1554 3447 1660 3525 vobis
1680 3449 1772 3523 dici-

347 3601 430 3647 mus
447 3592 482 3648 et
502 3575 723 3651 mandamus
742 3577 918 3682 quatinus
935 3579 983 3652 ad
1003 3578 1139 3653 dictam
1157 3579 1313 3655 domum
1334 3580 1450 3656 Mansi
1470 3580 1540 3656 Dei
1560 3580 1773 3684 personali-

346 3722 402 3779 ter
430 3706 664 3793 accedentes,
697 3737 739 3783 ex
768 3725 871 3812 parte
904 3727 1047 3795 nostra,
1077 3738 1165 3814 ymo
1193 3711 1315 3786 verius
1340 3709 1558 3815 apostolica,
1585 3711 1708 3785 citetis
1729 3730 1771 3784 et

345 3838 597 3940 peremptorie
628 3865 759 3914 omnes
788 3858 826 3915 et
845 3840 1013 3946 singulos
1033 3839 1163 3917 fratres
1183 3841 1281 3916 dicte
1304 3841 1440 3917 domus
1460 3858 1497 3917 et
1523 3841 1666 3917 ordinis
1686 3870 1772 3946 pre-

347 3965 466 4050 libati,
488 3985 530 4041 ut
550 3970 644 4044 sicut
664 3969 942 4045 mandabantur
962 3999 1028 4073 per
1048 3998 1117 4047 nos
1137 3971 1362 4047 lieteratoric
1384 3972 1457 4048 sive
1479 3999 1545 4076 per
1564 3973 1767 4060 nuncium,

347 4095 480 4171 (liebus
507 4098 662 4205 singulis
683 4118 720 4175 et
738 4100 971 4204 temporibus
992 4102 1235 4206 assignandis3
1258 4103 1295 4176 in
1317 4102 1417 4178 dicto
1441 4102 1524 4178 loco
1547 4102 1593 4177 de
1612 4102 1770 4178 Tralars

346 4244 583 4332 compareant
597 4231 844 4333 personaliter
863 4260 988 4307 coram
998 4232 1125 4320 nobis,
1142 4249 1180 4307 et
1188 4233 1276 4307 viris
1291 4231 1565 4308 venerabilibus
1575 4250 1613 4307 et
1626 4233 1770 4308 discre-

345 4357 392 4432 tis
411 4357 520 4434 nobis
534 4360 638 4466 juxta
658 4361 875 4437 mandatum
895 4362 1139 4466 apostolicum
1158 4363 1362 4450 associatis,
1384 4363 1577 4441 Bernardo
1596 4363 1770 4468 Hugonis

345 4486 393 4562 de
401 4488 513 4595 Urgio
524 4489 785 4567 archidiacono
799 4490 929 4595 majori
939 4553 947 4577 ,
957 4511 994 4567 et
1004 4493 1227 4598 Raymundo
1239 4493 1435 4570 Guillelmi
1449 4494 1598 4569 sacrista
1610 4493 1769 4570 ecclesie

345 4614 532 4707 Elnensis,
548 4647 696 4696 necnon
706 4620 890 4727 religiosis
900 4619 1077 4699 fratribus
1090 4624 1279 4702 Bernardo
1288 4624 1428 4700 Marcbi
1442 4625 1567 4730 priore
1581 4641 1620 4699 et
1633 4625 1770 4700 Beren—

346 4744 448 4848 gan‘o
473 4747 521 4823 de
546 4749 693 4825 ſtrdeua
716 4751 855 4827 lectore
880 4752 1024 4828 ordinis
1049 4755 1346 4845 Predicatorum3
1376 4754 1587 4832 Guillelmo
1612 4754 1766 4831 brualdi
