4230 5956
614 487 813 580 procus
838 503 934 578 ors
959 506 1264 583 rnurmrns.
1520 480 1523 488 ’
1608 507 1652 588 17

230 663 341 722 erunt
361 676 422 724 sex
439 647 527 723 anni
538 648 606 724 vel
621 649 729 737 circa,
751 649 903 727 fratrem
919 634 1184 756 Raymundum
1202 650 1462 760 d'Angleyrola
1482 654 1654 747 mil-item,

207 870 210 874 Α
227 805 295 883 per
309 775 463 856 fratrem
478 781 765 888 berrengarium
783 781 831 858 de
847 781 1019 860 Cardona
1037 782 1199 860 militem
1214 784 1420 891 quondam,
1438 787 1656 893 magistrum

227 923 320 985 tunc
337 909 533 1019 Aragonie,
555 911 796 1018 presentibus
816 911 991 990 fratribus
1011 913 1199 1020 Symeone
1224 914 1272 991 de
1293 914 1428 992 Lerida
1449 944 1551 994 nunc
1571 947 1658 1024 pre-

229 1057 379 1146 ceptore
393 1043 609 1150 dragonis,
636 1043 879 1152 Berrengario
895 1044 952 1119 -de
984 1043 1091 1121 Bello
1119 1045 1212 1123 Visu
1241 1046 1443 1124 castellano
1473 1049 1581 1126 castri
1610 1051 1657 1126 de

230 1171 395 1263 Moosso,
406 1171 598 1251 Dalmacio
613 1173 661 1251 de
672 1177 783 1252 Tuuo
800 1191 1020 1282 preceptore
1031 1175 1079 1251 de
1093 1176 1292 1284 Berbeyra,
1310 1164 1507 1269 militibus,
1525 1179 1658 1257 etaliis

230 1303 379 1379 circiter.
394 1308 565 1395 centum-3
584 1322 622 1381 et
642 1305 784 1382 eisdem
807 1306 916 1393 hora,
936 1304 1037 1397 locu,
1058 1306 1310 1413 presentibus,
1333 1324 1372 1386 et
1385 1336 1454 1416 per
1475 1311 1655 1388 eumdem
1688 1388 1692 1392 ,

229 1450 268 1510 et
286 1421 423 1512 eodein
442 1437 560 1514 modo
579 1436 733 1515 fuerunt
753 1439 891 1543 recepti
905 1436 1045 1516 ¹fratres
1065 1441 1199 1517 Petrus
1219 1440 1374 1530 Sanchi,
1396 1442 1538 1550 Symon
1557 1442 1657 1519 Petri

87 1593 96 1606 ·
230 1582 267 1642 et
278 1566 452 1643 Remirus
466 1567 566 1645 Petri
583 1568 631 1644 de
647 1551 802 1646 Navarra
815 1567 969 1661 milites,
990 1569 1084 1647 vidit
1098 1572 1235 1658 eciam,
1251 1573 1291 1648 in
1303 1573 1385 1651 aliis
1404 1573 1576 1680 capitulis
1592 1602 1658 1680 ge-

230 1695 419 1774 neralibus
439 1697 640 1777 celebratis
655 1701 694 1777 in
715 1701 816 1778 dicto
835 1716 953 1778 castro
979 1701 1026 1777 de
1053 1703 1224 1791 Monsso,
1250 1705 1366 1810 recipi
1394 1700 1536 1780 multos
1551 1703 1656 1794 alios,

229 1854 391 1934 quorum
413 1829 568 1907 nomina
588 1848 633 1918 et,
646 1832 872 1939 cognomina
887 1832 981 1910 dixit
997 1860 1037 1910 se
1057 1832 1097 1907 in
1118 1835 1303 1912 memoria
1318 1863 1398 1912 non
1418 1834 1571 1925 habere,
1589 1862 1659 1910 nec

229 1959 332 2050 vidit,
348 1989 418 2038 nec
431 1962 547 2051 scivit,
567 1972 639 2041 neo
654 1964 784 2054 credit,
802 1992 872 2039 nec
887 1964 1028 2040 audivit
1044 1964 1117 2039 dici
1135 1966 1241 2070 quod
1256 1965 1382 2070 aliqua
1398 1964 1525 2039 illicita
1542 1964 1659 2040 inter-

230 2107 414 2167 venerunt
432 2092 473 2167 in
486 2093 595 2169 dictis
615 2093 899 2197 recepcionibus
915 2093 974 2169 vel
993 2109 1091 2197 post.
1109 2089 1216 2182 Item,
1234 2092 1328 2168 dixit
1346 2093 1450 2199 quod
1464 2093 1543 2198 ipse
1557 2094 1656 2171 bene

231 2219 408 2297 credebat
419 2221 676 2298 ecclesiasticis
695 2221 945 2311 sacramentis,
966 2220 1139 2297 et-credit
1154 2222 1257 2326 quod
1280 2222 1342 2298 alii
1362 2221 1494 2298 fratres
1514 2223 1658 2300 ordinis

229 2351 328 2428 bene
347 2352 544 2427 crederent
563 2366 601 2427 et
619 2352 723 2458 quod
744 2379 878 2460 eorum
899 2350 1109 2428 sacerdotes
1132 2350 1260 2428 debite
1280 2351 1526 2431 celebrarent.
1541 2355 1655 2443 Item,

231 2481 324 2560 dixit
336 2483 453 2589 quod,
473 2483 590 2560 finitis
600 2483 772 2590 capitulis
785 2510 919 2560 eorum
936 2499 975 2564 et
986 2481 1091 2560 factis
1106 2483 1283 2588 precibus
1297 2484 1547 2594 generalibus,
1563 2486 1661 2562 dice·

229 2615 306 2703 bat,
331 2632 375 2690 ut
395 2613 465 2690 sibi
491 2615 651 2703 videtur,
672 2615 788 2692 frater
815 2615 932 2693 laicus
959 2616 1024 2722 qui
1044 2614 1199 2692 tenebat
1219 2616 1425 2722 capitulum
1449 2618 1553 2723 quod
1579 2618 1658 2722 ipse

232 2742 447 2822 absolvebat
468 2773 543 2834 eos,
573 2776 617 2824 ex
635 2762 820 2853 potestate
841 2746 912 2823 sibi
933 2746 1069 2822 tradita
1089 2747 1221 2838 aDeo,
1242 2745 1288 2821 de
1308 2746 1383 2822 hiis
1404 2775 1478 2851 que
1499 2746 1659 2823 obmise-

231 2892 314 2952 rant
334 2876 459 2953 dicere
481 2894 637 2984 propter
660 2877 924 2953 verecundiam
953 2875 1073 2951 carnis
1088 2874 1156 2955 ¹vel
1171 2872 1331 2982 'propter
1353 2875 1531 2952 timorem
1550 2874 1660 2952 disci-

229 3005 332 3113 pline
353 3006 507 3094 ordinis,
530 3021 569 3083 et
583 2996 730 3110 dicebat
743 3008 848 3114 quod
861 3007 1055 3083 flecterent
1068 3010 1191 3113 =genua
1208 3022 1246 3082 et
1263 3004 1368 3114 quod
1386 3006 1573 3113 presbiter
1591 3010 1657 3112 qui

232 3154 311 3215 crat
322 3137 374 3217 ibi
389 3137 602 3216 absolveret
614 3166 679 3217 eos
695 3155 733 3216 et
747 3139 916 3216 dicerent
928 3139 1172 3216 Paternoster.
1189 3136 1450 3242 Requisitus
1423 3166 1453 3214 sr
1470 3165 1538 3244 per
1551 3137 1660 3214 abso—

231 3268 423 3348 lucionem
437 3298 550 3376 quam
566 3269 730 3347 faciebat
740 3269 861 3346 dictus
879 3268 1025 3385 laicus
1017 3296 1097 3374 rpse
1115 3269 1222 3346 testis
1236 3268 1295 3345 vel
1313 3267 1408 3345 alius
1427 3266 1541 3344 frater
1556 3268 1660 3345 ordi-

232 3400 289 3478 nis
310 3400 515 3488 credebant
533 3429 612 3479 esse
629 3400 792 3480 absoluti
809 3429 829 3477 a
848 3378 1008 3506 peccatis
1020 3373 1229 3475 venialibus
1242 3398 1302 3477 vel
1321 3397 1560 3488 mortalibus,
1583 3424 1661 3476 res·-

232 3531 367 3636 pondit
386 3531 433 3608 de
454 3532 595 3638 seipso
617 3533 723 3640 quod
745 3559 838 3621 non,
860 3533 931 3608 nist
922 3530 1081 3608 suisset
1101 3559 1143 3606 ea
1164 3529 1357 3608 consessus
1371 3529 1600 3636 presbitero,
1622 3548 1660 3607 et

233 3663 352 3739 credit
372 3663 477 3770 quod
494 3662 557 3753 alii
576 3662 708 3742 fratres
728 3664 925 3740 crederent
944 3662 1060 3739 idem.
1080 3661 1296 3769 Requisitus
1311 3661 1403 3767 quid
1423 3660 1660 3769 intelligebat
1791 3768 1794 3773 ³

233 3822 300 3898 per
315 3793 378 3870 illa
393 3794 515 3883 verba,
532 3795 583 3872 ob
600 3795 850 3872 reverenciam
867 3794 987 3871 carnis
1005 3791 1263 3870 vel‘timorem
1283 3792 1479 3899 discipline
1501 3792 1656 3879 ordinis,

233 3925 326 4001 dixit
345 3926 450 4032 quod
467 3954 602 4003 novem
622 3955 728 4003 casus
748 3942 854 4003 erant
873 3926 912 4003 in
935 3924 1069 4004 ordine
1087 3940 1242 4030 propter
1259 3952 1354 4031 quos
1371 3922 1582 4030 perdebant
1597 3948 1660 3997 or·

233 4054 378 4147 dinem,
407 4059 507 4135 inter
531 4086 628 4166 quos
653 4076 732 4135 erat
751 4087 849 4145 unus
870 4085 973 4134 casus
994 4058 1024 4134 si
1045 4055 1180 4161 aliquis
1199 4054 1481 4130 convinceretur
1504 4053 1661 4137 commi-

234 4187 323 4262 sisse
356 4187 819 4276 crimensodomiticum3
846 4206 884 4265 et
914 4204 1020 4262 erant
1040 4183 1154 4287 aliqui
1185 4210 1290 4259 casus
1319 4183 1471 4291 triginta
1501 4200 1540 4260 et
1559 4213 1660 4262 unus

234 4332 387 4423 propter
407 4344 502 4422 quos
524 4317 736 4423 perdebant
751 4317 989 4405 ¹mantellum,
1004 4314 1063 4389 vel
1088 4314 1428 4407 incarcerabantur,
1449 4317 1548 4393 inter
1566 4345 1661 4424 quos

234 4465 313 4525 erat
330 4475 430 4525 unus
454 4449 484 4523 si
509 4446 669 4526 fuissent
688 4447 844 4524 convicti
867 4446 915 4524 ad
932 4445 1222 4524 fornicacionem
1238 4446 1297 4523 vel
1319 4446 1394 4524 alio
1411 4462 1562 4554 peccato
1582 4475 1661 4524 car·

234 4579 321 4670 nali,
339 4579 441 4657 unde
455 4581 576 4658 credit
589 4580 695 4727 quod
714 4579 812 4657 dicta
826 4579 890 4656 illa
906 4579 1121 4656 dicerentur
1134 4606 1203 4684 per
1207 4577 1360 4686 dictum
1377 4579 1513 4656 laicum
1529 4595 1662 4656 tenen-

233 4729 310 4789 tem
342 4712 566 4818 capitulum,
596 4730 640 4790 ut
664 4713 695 4789 si
725 4710 860 4818 aliquis
890 4684 1110 4789 obmitteret
1140 4708 1271 4788 dicere
1290 4709 1455 4818 aliquem
1481 4739 1525 4788 ex
1552 4711 1662 4788 dictis

235 4868 279 4918 xx
305 4842 455 4921 casibus
471 4844 531 4921 vel
552 4845 633 4921 aliis
658 4845 708 4921 ob
733 4842 996 4921 verecundiam
1022 4841 1141 4918 carnis
1166 4841 1224 4919 vel
1247 4840 1425 4921 timorem
1445 4841 1659 4948 discipline,

323 4977 429 5042 mods
449 5001 502 5043 nas
523 5001 783 5043 nauantem—u.
1493 4979 1511 5039 3
1589 5044 1600 5065 ·
