4230 5956
356 501 401 573 ii
741 478 938 570 eneces
962 495 1059 567 urs
1084 494 1387 567 ieiieiims

348 641 537 751 predictas
566 640 804 746 spuitionem
831 658 870 716 et
897 638 1190 744 abnegationem
1224 656 1421 745 negarent
1451 665 1579 713 coram
1605 666 1653 713 en
1682 639 1781 714 sicut

350 792 464 882 negat
484 801 599 848 nunc.
620 773 838 879 Requisitus
847 771 881 847 si
897 772 979 857 scit,
1000 769 1120 845 credit
1136 770 1197 846 rel
1210 770 1355 846 audivit
1373 769 1449 845 dici
1463 769 1569 876 qnod
1589 770 1629 845 in
1648 800 1782 877 recep-

348 904 526 981 cionibns
548 903 711 979 aliorum
737 904 1020 979 intervenerunt
1038 901 1165 1008 aliqua
1185 932 1229 978 er
1252 902 1394 978 illicitis
1413 931 1491 1008 que
1510 931 1614 995 nnnc
1631 905 1781 1008 negarit

350 1038 592 1113 intervenisse
610 1037 649 1110 in
665 1064 745 1121 sua,
760 1035 957 1142 respondit
972 1033 1078 1140 qnod
1091 1062 1183 1109 non.
1200 1034 1290 1139 quia
1302 1033 1396 1109 vidit
1407 1035 1523 1140 recipi
1537 1035 1633 1110 cirea
1644 1036 1777 1112 decem

350 1168 407 1244 rel
425 1194 470 1244 rs
484 1168 524 1242 in
534 1166 685 1243 ordine.
704 1168 919 1272 inquorum
932 1164 1219 1271 receptionibus
1233 1194 1312 1240 non
1327 1165 1419 1240 sidit
1435 1165 1518 1240 lieri
1540 1165 1686 1273 aliquid
1703 1168 1779 1243 illi-
1878 1250 1885 1260 ¹

347 1300 466 1376 citum
479 1328 551 1376 nec
562 1298 706 1374 audivit
723 1297 797 1374 dici
811 1297 919 1404 quod
932 1313 1019 1402 post
1033 1296 1154 1373 lieret
1172 1296 1390 1402 Piequisitus
1399 1296 1448 1372 de
1459 1297 1682 1375 nominibus
1690 1297 1778 1375 illo-

350 1460 436 1508 rum
450 1428 790 1537 quosriditrecipi
803 1426 1001 1534 respondit
1011 1426 1128 1532 quod,
1146 1425 1243 1503 infra
1255 1429 1775 1534 mensemarecepcionesua.

348 1564 441 1639 sidit
467 1563 507 1638 in
524 1561 666 1669 capella
687 1560 857 1667 predicta
878 1560 994 1665 recipi
1013 1558 1172 1635 insimul
1191 1558 1325 1635 lntres
1345 1560 1543 1635 ‚llatbeum
1562 1559 1715 1638 Golas-at
1738 1580 1777 1638 et

344 1695 557 1772 Iohannem
578 1692 708 1769 borrel
733 1691 891 1771 milites
912 1689 1146 1777 dellunctos‚
1168 1719 1237 1796 per
1262 1689 1418 1767 lratrem
1437 1692 1632 1767 ‚llatbeum
1652 1692 1776 1769 llardo

346 1824 509 1902 militem
528 1826 743 1931 quondam,
764 1824 875 1902 dictis
893 1840 1115 1930 preceptore
1135 1823 1235 1898 dicte
1256 1823 1397 1899 domus
1415 1841 1454 1900 et
1472 1823 1556 1929 ejus
1577 1821 1706 1911 fiatie,
1737 1843 1775 1900 et

344 1955 517 2032 lobanne
533 1957 691 2032 lliuseti
710 1955 964 2061 presentibus.
985 1954 1090 2031 l'idit
1109 1955 1228 2030 eciam
1245 1955 1380 2060 recipi,
1408 1957 1449 2030 in
1466 1954 1609 2061 capella
1636 1955 1776 2032 domus

342 2083 494 2190 Templi
506 2085 556 2161 de
568 2082 738 2162 lamabn
756 2085 1009 2163 xantonensis
1027 2085 1210 2176 diocesis,
1231 2085 1386 2162 fratrem
1403 2088 1559 2162 Petrum
1578 2086 1628 2163 de
1645 2105 1773 2162 sancto

345 2217 514 2296 Genesin
524 2217 778 2322 presbiterum
792 2217 1001 2322 quondam.
1014 2237 1356 2322 perpreceptorem
1372 2219 1421 2294 de
1439 2218 1611 2324 Rupella.
1622 2219 1677 2294 eri
1690 2247 1775 2294 exa·

344 2349 545 2438 minatum,
559 2364 649 2424 snnt
664 2373 734 2425 m
748 2347 839 2423 anni
854 2347 914 2423 rel
928 2349 1043 2425 circa:
1059 2364 1099 2422 et
1112 2346 1227 2425 frater
1245 2349 1434 2427 Robertus
1444 2349 1593 2428 Guiteri
1609 2350 1774 2426 serviens

344 2479 540 2586 quondam
563 2477 638 2554 luit
665 2494 842 2591 receptus
861 2507 950 2554 cnm
975 2477 1078 2555 dicto
1097 2479 1328 2584 presbitero,
1359 2499 1398 2556 et
1424 2477 1676 2557 inierfiieruni
1702 2477 1775 2554 [ra-

346 2630 423 2689 tres
440 2610 672 2689 Guillelmus
693 2611 744 2687 de
765 2609 801 2685 la
819 2609 971 2688 sabana
993 2610 1158 2688 senicns
1182 2612 1394 2718 quondam,
1419 2611 1541 2688 etalii
1565 2610 1615 2686 de
1633 2609 1774 2717 quibus

343 2771 421 2821 non
442 2742 587 2819 recolit.
605 2743 710 2818 t‘idii
730 2741 851 2817 eciam
867 2741 984 2845 recipi
1004 2770 1075 2847 per
1095 2742 1241 2818 dictum
1261 2761 1523 2849 preceptorem
1548 2742 1598 2818 de
1616 2743 1774 2848 llupella

340 2875 494 2952 lintrem
509 2874 733 2951 Amandum
742 2873 907 2950 &modi
920 2874 1204 2981 agricultorem,
1228 2874 1269 2948 in
1284 2875 1383 2950 dicta
1397 2874 1542 2980 capella
1555 2874 1604 2950 de
1615 2876 1772 2950 laman.
1908 2908 1913 2914 ·

341 3006 602 3093 dellunctum,
637 3021 727 3079 sunt
753 3005 902 3079 circiter
928 3031 997 3082 m
1025 3007 1136 3092 anni,
1163 3005 1405 3112 presentibus
1439 3005 1514 3082 illis
1543 3006 1610 3111 qui
1645 3006 1776 3082 adlue-

341 3155 425 3214 rant
449 3136 661 3242 recepcioni
682 3136 872 3212 dictorum
895 3135 1093 3241 presbiteri
1116 3156 1155 3213 et
1178 3137 1333 3215 Roberti
1354 3138 1512 3215 Guitcti.
1530 3137 1636 3214 l'idit
1656 3137 1771 3213 eciam

341 3268 457 3373 recipi
483 3268 582 3342 ultra
606 3295 710 3342 mare
734 3266 773 3342 in
798 3268 917 3374 Amy,
937 3285 1027 3344 sunt
1045 3296 1143 3345 mii
1168 3270 1256 3344 anni
1282 3267 1517 3373 etamplius,
1536 3297 1603 3372 per
1622 3267 1771 3344 liatreiu

339 3400 529 3476 Tbomam
544 3399 711 3488 Bemdi,
725 3416 818 3474 tunc
837 3427 1017 3506 magnum
1033 3401 1254 3507 ‚llagistrum
1275 3398 1435 3490 ordinis,
1457 3398 1611 3475 lntrem
1625 3399 1773 3476 Gnido-

340 3560 430 3607 nem
447 3530 496 3605 de
511 3529 682 3607 Cbarbac
702 3529 864 3606 militem
878 3530 1073 3636 quondam
1090 3531 1388 3609 Cenomanensis
1403 3530 1579 3613 diocesis.
1602 3530 1641 3605 in
1659 3531 1773 3636 pleno

340 3680 541 3748 conventu,
562 3661 803 3766 presentibus
820 3661 999 3739 fratribus
1017 3664 1178 3770 Hugone
1195 3664 1243 3740 de
1266 3661 1439 3738 Perando
1459 3679 1498 3737 et
1516 3663 1701 3768 Rapnerio
1725 3664 1772 3738 de

339 3793 560 3878 Allricourt,
573 3791 761 3896 lla-merie
770 3791 819 3868 de
831 3793 945 3884 Lissi,
956 3794 1183 3871 Tbeobaldo
1196 3792 1382 3879 Caudini,
1396 3794 1462 3899 qui
1475 3812 1604 3899 postea
1618 3793 1689 3869 luit
1701 3825 1776 3870 ma·

337 3953 435 4030 gnus
443 3923 622 4030 Magister
630 3922 788 4013 ordinis,
802 3922 1001 4014 militibus,
1018 3944 1056 4001 et
1076 3925 1252 4031 pluribus
1264 3923 1365 4012 aliis,
1381 3923 1430 3999 de
1447 3922 1667 4000 nominibus
1679 3923 1773 3999 alio-

339 4084 424 4131 rum
437 4085 534 4160 quos
540 4055 633 4131 vidit
641 4053 759 4161 recipi
770 4054 998 4134 dixitsenon
1010 4057 1199 4134 recordari
1209 4056 1256 4132 ad
1264 4083 1431 4161 presens.
1446 4056 1554 4137 ltem,
1567 4052 1768 4158 dixitquod

340 4185 438 4262 bene
462 4185 640 4261 credebat
663 4186 921 4264 ecclesiasticis
942 4187 1200 4277 sacramentis,
1224 4204 1262 4262 et
1284 4186 1407 4262 credit
1427 4182 1531 4290 quod
1556 4182 1619 4258 alii
1639 4181 1772 4258 batres

337 4316 437 4394 bene
452 4317 651 4394 crederent
664 4335 702 4393 et
713 4319 818 4425 quod
833 4348 967 4396 eorum
988 4319 1202 4396 sacerdotes
1217 4316 1345 4393 debite
1360 4313 1607 4394 celebrarent.
1626 4313 1767 4390 Juraiit

337 4449 511 4527 ordinem
523 4478 601 4526 non
616 4450 730 4525 exire.
746 4450 881 4524 Statim
900 4477 971 4553 pro
984 4449 1164 4552 professis
1184 4446 1435 4524 habebantur.
1456 4444 1699 4522 Clandestine
1717 4474 1770 4520 re

337 4579 584 4685 cipiebantur,
600 4577 709 4688 quod
723 4578 758 4653 ei
778 4576 1012 4682 displicebat,
1029 4595 1073 4653 ut
1087 4577 1191 4666 dixit,
1210 4596 1248 4654 et
1262 4592 1404 4653 secreta
1420 4576 1672 4680 capitulorum
1691 4604 1769 4652 non

336 4709 547 4795 audebant.
577 4714 695 4787 eciam
720 4708 898 4801 fratribus
915 4709 983 4815 qui
1002 4737 1079 4785 non
1103 4708 1314 4795 adfuerant,
1335 4707 1517 4791 revelare;
1538 4726 1575 4784 et
1595 4705 1771 4783 cordulas
1884 4768 1893 4783 .

336 4841 478 4949 quibus
484 4841 731 4950 cingebantur
741 4841 943 4946 portabant
953 4840 1151 4947 insignum
1162 4837 1351 4915 castitatis.
1363 4837 1515 4942 Absque
1525 4839 1679 4915 licencia
1692 4868 1768 4916 non
