4230 5956
372 404 377 411 ’
456 423 530 497 uo
844 400 1040 497 procus
1064 417 1161 491 nns
1186 418 1486 493 reu-emaus.

453 562 589 647 multas
603 562 869 669 promissiones
882 561 994 639 factas
1006 560 1054 638 de
1069 560 1214 637 statutis
1227 576 1266 639 et
1279 558 1432 639 secretis
1449 558 1596 649 ordinis
1613 561 1872 650 observandis,

454 695 642 802 predictus
661 711 830 798 receptor
849 692 977 798 posuit
997 691 1067 769 sibi
1086 689 1310 769 mantellum
1328 690 1377 768 ad
1396 688 1561 780 collum,
1581 707 1621 768 et
1637 692 1743 798 quod
1759 692 1876 770 nichil

455 825 559 904 aliud
578 825 648 903 luit
667 824 739 900 sibi
752 822 890 901 lactum
908 821 973 899 vel.
987 822 1129 899 dictum
1149 822 1254 928 quod
1274 839 1372 899 esset
1390 839 1520 901 contra
1536 822 1874 902 Decimam-bonos

454 983 590 1037 mores.
609 955 711 1033 Dixit
724 972 849 1031 tamen
867 983 934 1060 per
945 954 1202 1059 juramentum
1220 980 1332 1030 suum
1351 953 1456 1059 quod
1474 948 1567 1030 vidit
1585 953 1700 1060 recipi
1720 953 1872 1033 fratrem

455 1085 676 1165 Michaelem
691 1083 738 1162 de
758 1083 863 1163 Flers
883 1085 922 1160 in
934 1084 1055 1163 ,domo
1075 1085 1123 1161 de
1138 1083 1315 1161 Fontanis
1333 1083 1467 1162 subtus
1485 1082 1656 1163 Mentem
1670 1083 1872 1171 Desiderii,

454 1246 522 1324 per
539 1216 692 1295 fratrem
706 1215 934 1294 Amalricum
949 1214 997 1291 de
1012 1212 1164 1303 Rocbis,
1186 1232 1225 1291 et
1232 1231 1309 1292 tres
1320 1242 1389 1292 seu
1405 1232 1569 1320 qtratuor
1582 1214 1693 1306 alios,
1717 1215 1786 1293 sed
1800 1241 1875 1292 non

455 1347 586 1425 recolit
608 1347 657 1424 de
680 1345 894 1423 nominihus
918 1346 1101 1450 ipsorum,
1130 1372 1201 1420 nec
1224 1344 1510 1451 recipiendum,
1534 1372 1604 1422 nec
1634 1344 1807 1422 locorum
1835 1345 1875 1420 in

455 1476 592 1583 quibus
610 1477 749 1582 recepti
767 1492 870 1565 sunt,
887 1493 924 1553 et
943 1475 1084 1555 audivit
1100 1474 1204 1580 quod
1217 1473 1273 1553 illi
1287 1475 1354 1583 qui
1369 1474 1598 1581 recipiebant
1617 1502 1682 1553 eos
1697 1474 1876 1580 precipie-

454 1606 545 1685 bant
559 1605 792 1685 etfaciebant
805 1606 941 1684 deferri
962 1634 1129 1697 crucem,
1151 1623 1188 1683 et
1201 1606 1629 1713 precipiebantreccptie
1638 1606 1746 1712 quod
1759 1605 1875 1684 abne·

454 1752 584 1843 gerent
595 1737 821 1815 crucifixum
840 1754 910 1825 ter,
933 1755 970 1814 et
988 1756 1046 1814 ter
1064 1753 1241 1843 spuerent
1258 1764 1370 1842 supra
1388 1763 1553 1825 crucem,
1570 1752 1617 1827 et,
1628 1735 1748 1813 credit
1766 1739 1872 1842 quod

456 1868 527 1973 ipsi
541 1869 682 1974 recepti
697 1868 770 1946 hoc
786 1868 971 1946 faciebant
990 1868 1046 1945 vel
1066 1867 1198 1947 saltem
1218 1867 1377 1945 alterum
1397 1868 1445 1944 de
1464 1866 1669 1974 premissis,
1695 1883 1734 1944 et
1753 1868 1873 1946 credit

456 1999 560 2104 quod
580 1998 700 2076 dictus
720 1999 879 2080 Michael
896 1998 984 2075 lecit
1004 2026 1120 2075 unum
1134 1997 1181 2075 de
1196 1998 1286 2105 ipsis
1306 1999 1491 2104 preceptis
1509 1997 1581 2075 sibi
1598 1996 1704 2077 factis
1727 2026 1748 2073 a
1773 1998 1873 2075 dicto

455 2128 657 2218 Amalrico,
679 2130 746 2208 sed
771 2131 849 2235 ipse
869 2130 989 2209 nescit
1008 2130 1111 2209 bene.
1130 2129 1177 2205 de
1195 2157 1288 2236 quo,
1304 2129 1394 2235 quia
1411 2128 1491 2234 ipse
1513 2127 1582 2234 qui
1605 2127 1774 2235 loquium
1797 2128 1874 2207 ibat

456 2274 496 2333 et
507 2258 653 2337 redibat
667 2257 716 2334 ad
730 2259 1016 2337 ministrandum
1035 2260 1074 2337 iu
1094 2258 1188 2337 locis
1206 2256 1400 2365 predictis,
1423 2275 1463 2336 et
1485 2258 1605 2336 credit
1627 2256 1733 2364 quod
1751 2256 1873 2335 dictus

455 2387 588 2464 Daniel
607 2387 858 2492 pepercitsibi
880 2389 921 2465 in
934 2388 1127 2494 premissis
1147 2417 1223 2494 que
1240 2389 1383 2467 audivit
1394 2388 1477 2466 aliis
1492 2387 1593 2477 lieri,
1612 2415 1682 2492 pro
1703 2389 1874 2494 eoquod

456 2514 579 2594 dictus
596 2517 730 2597 Daniel
742 2519 945 2597 nutriverat
960 2546 1064 2606 eum,
1087 2536 1124 2596 et
1139 2538 1217 2597 erat
1229 2519 1392 2598 mirltum
1407 2520 1555 2627 juvenis
1574 2520 1654 2626 ipse
1666 2517 1735 2623 qui
1749 2516 1873 2624 loqui-

456 2664 530 2737 tur,
550 2665 587 2726 et
605 2647 712 2755 plura
736 2678 812 2727 non
833 2650 926 2728 vidit
947 2651 1003 2727 vel
1018 2650 1161 2728 audivit
1178 2649 1284 2757 quod
1301 2650 1452 2729 recolat.

511 2779 606 2857 Item
624 2781 828 2886 requisitus
847 2797 974 2857 utrum
996 2779 1048 2868 vi,
1070 2778 1129 2857 vel
1149 2797 1253 2858 metu
1272 2780 1429 2858 carceris
1442 2795 1815 2868 suttormentorum,
1835 2778 1874 2853 in

456 2909 645 3013 premissis
660 2909 907 2988 immiscuerit
920 2910 978 2986 vel
993 2909 1129 2987 dixerit
1139 2910 1305 3018 aliquam
1315 2909 1529 3001 falsitatem,
1544 2908 1603 2987 vel
1615 2908 1774 2988 tacuerit
1787 2908 1875 2983 veri·

457 3053 588 3126 tatem,
607 3038 699 3114 dixit
724 3068 791 3144 par
804 3040 1060 3144 juramentum
1080 3069 1192 3117 suum
1212 3039 1316 3146 quod
1342 3069 1434 3131 non,
1458 3057 1495 3118 et
1513 3040 1617 3146 quod
1641 3041 1720 3146 ipse
1740 3067 1873 3146 puram

458 3167 647 3243 veritatem
661 3168 751 3243 dixit
761 3197 830 3271 pro
845 3168 963 3247 salute
980 3171 1104 3247 anime
1120 3198 1198 3248 sue.

513 3429 606 3503 ltem
619 3457 736 3517 anno,
759 3429 965 3517 indicione,
976 3430 1195 3535 pontificatu
1209 3449 1247 3507 et
1259 3432 1321 3508 die
1334 3431 1529 3537 predictis,
1541 3433 1580 3509 in
1595 3431 1684 3508 dicti
1698 3433 1872 3510 commis-

456 3557 560 3647 sarii,
578 3576 747 3636 nostrum
763 3561 993 3637 notariorum
1012 3579 1050 3636 et
1070 3563 1222 3638 testium
1240 3561 1560 3669 infrascriptorum
1579 3564 1770 3668 presencia
1787 3590 1873 3638 con-

457 3690 618 3779 stitutus,
634 3691 780 3796 juratus
800 3710 838 3766 et
857 3692 1058 3797 requisitus
1074 3694 1354 3782 eodemmodo,
1375 3692 1488 3770 frater
1503 3695 1714 3799 Stephanus
1729 3694 1775 3770 de
1797 3695 1872 3768 Ro-

341 3810 344 3815 ’
458 3820 578 3896 inania
594 3822 787 3901 Remensis
801 3822 974 3909 diocesis,
994 3815 1335 3929 quinquagenarius
1355 3823 1413 3901 vel
1434 3823 1544 3912 circa,
1562 3823 1719 3930 claviger
1735 3824 1872 3900 domus

458 3948 506 4024 de
524 3950 670 4057 Prunay
691 3952 777 4028 dicti
800 3951 942 4029 ordinis
961 3953 1125 4059 Templi,
1149 3953 1241 4030 dixit
1262 3981 1330 4059 per
1350 3955 1607 4060 juramentum
1631 3982 1742 4031 suum
1766 3952 1871 4060 quod

457 4076 553 4155 bene
564 4098 650 4155 sunt
667 4084 821 4160 x1xanni
842 4083 899 4158 vel
914 4084 1008 4159 circa
1029 4084 1141 4189 elapsi
1156 4084 1261 4190 quod
1274 4085 1353 4189 ipse
1368 4083 1440 4162 luit
1449 4101 1622 4190 receptus
1632 4084 1672 4161 in
1693 4084 1807 4161 domo
1822 4082 1873 4160 de

457 4207 577 4287 Vilort
584 4210 689 4317 juxta
701 4213 870 4290 Castrum
886 4214 1056 4303 Tierrici,
1066 4215 1212 4292 ballivie
1224 4215 1272 4292 de
1282 4215 1382 4305 Bria,
1399 4244 1467 4321 per
1482 4214 1702 4293 defunctum
1722 4215 1872 4290 fratrem

457 4340 650 4429 Nicolaum
664 4343 710 4419 de
726 4345 860 4422 Sancto
880 4343 1021 4422 Albano
1038 4363 1297 4452 preceptorem
1309 4364 1400 4425 tunc
1412 4347 1549 4424 domus
1562 4346 1608 4422 de
1620 4347 1750 4425 Monte
1766 4345 1875 4422 Sues

457 4471 636 4562 sionensi,
657 4474 890 4552 demandato
909 4474 1031 4551 fratris
1045 4476 1227 4582 Arnulphi
1248 4476 1297 4554 de
1312 4476 1534 4564 Wisemale,
1557 4492 1594 4553 et
1610 4474 1764 4553 fuerumt
1787 4503 1874 4579 pre-

457 4619 580 4679 sentes
603 4605 639 4680 in
666 4604 883 4710 recspcione
913 4635 978 4681 sua
1007 4604 1118 4683 frater
1148 4607 1337 4685 lohannes
1365 4608 1414 4684 de
1439 4607 1574 4713 Crotay
1597 4622 1795 4712 preceptor
1825 4604 1874 4679 de

457 4728 560 4817 Paci,
582 4731 695 4810 frater
709 4732 899 4813 Gerardus
914 4734 1088 4842 Agricola
1108 4754 1147 4813 et
1165 4737 1279 4816 irater
1292 4737 1481 4815 Tierricus
1493 4736 1542 4814 de
1557 4735 1774 4845 Albigniaco
1788 4761 1874 4840 pre-
