4230 5956
719 469 913 577 rnocts
938 489 1033 560 oss
1061 487 1360 560 rsurmnas.
1672 494 1746 565 ssa

333 629 525 711 Montibus
545 630 583 706 in
603 630 787 716 Hanouie,
816 644 853 705 et
871 628 1043 735 Philippo
1069 630 1116 705 de
1140 628 1300 704 Parisius
1325 627 1466 703 ordinis
1490 629 1612 706 Sancti
1641 631 1749 711 Guil-

333 761 453 849 lelmi,
469 759 629 837 testibus
647 759 695 835 ad
715 759 789 838 hoc
807 759 942 836 vocatis
962 759 1170 864 specialiter
1189 775 1227 834 et
1245 759 1394 866 rogatis.

388 1025 435 1098 Et
464 1049 533 1128 ego
558 1021 703 1098 Evenus
726 1020 832 1127 Phily
863 1020 910 1097 de
941 1022 1076 1098 Sancto
1104 1020 1248 1097 Nicasio
1279 1019 1436 1097 clericus
1466 1021 1752 1128 Corisopitensis

334 1151 507 1240 diocesis,
530 1150 728 1256 apostolica
746 1150 920 1257 publicus
940 1151 1155 1228 auctoritate
1170 1151 1355 1240 notarius,
1373 1151 1563 1257 premissis
1574 1152 1752 1233 omnihus

334 1299 371 1357 et
390 1280 543 1388 singulis
563 1281 601 1356 in
619 1281 784 1386 presenti
806 1298 843 1358 et
864 1281 1077 1386 precedenti
1098 1282 1205 1357 certis
1220 1280 1332 1358 simul
1349 1282 1458 1367 sutis,
1481 1299 1519 1357 et
1537 1280 1644 1387 signo
1663 1310 1751 1361 meo

334 1427 512 1488 consueto
532 1409 681 1515 signatis
701 1411 903 1498 contentis,
925 1439 998 1487 unu
1019 1439 1105 1487 cum
1125 1411 1281 1489 testibus
1306 1410 1578 1516 suprascriptis,
1600 1439 1751 1516 presens

334 1539 500 1626 interfui,
516 1567 575 1616 me
601 1539 817 1646 subscripsi,
834 1558 872 1617 et
890 1541 1036 1645 signum
1057 1569 1185 1618 meum
1208 1540 1360 1618 solitum
1381 1541 1442 1617 hic
1466 1542 1620 1646 apposui
1646 1568 1752 1649 roga·

334 1688 410 1756 tus,
432 1671 470 1745 in
490 1670 750 1748 testimonium
768 1671 1047 1776 premissorum.

388 1931 430 2004 ln
449 1929 586 2008 Christi
607 1930 761 2006 nomine
781 1956 903 2006 amen.
925 1931 1050 2006 Pateat
1069 1931 1249 2007 universis
1271 1958 1340 2034 per
1360 1931 1434 2006 hoc
1452 1957 1607 2035 presens
1624 1930 1749 2035 publi-

333 2086 419 2135 cum
434 2059 741 2147 instrumentum,
758 2057 862 2163 quod
877 2085 973 2135 anno
987 2059 1138 2136 Domini
1154 2058 1351 2135 millesimo
1366 2074 1446 2137 ccc⁰
1460 2060 1635 2165 septimo,
1652 2061 1750 2139 indi-

332 2188 441 2266 cione
451 2204 566 2278 sexta,
578 2184 814 2292 pontificatus
824 2186 1041 2263 sanctissimi
1055 2188 1171 2264 Patris
1183 2207 1221 2265 et
1233 2188 1375 2264 domini
1392 2189 1536 2265 domini
1546 2189 1752 2268 Clementis

333 2317 454 2393 divina
470 2344 589 2422 pappe
604 2317 725 2422 quinti
744 2343 842 2392 anno
857 2318 1039 2403 secundo,
1055 2316 1116 2392 die
1132 2318 1230 2394 lovis
1243 2318 1280 2393 in
1292 2319 1451 2395 crastino
1469 2318 1552 2395 sesti
1568 2318 1749 2397 Omnium

333 2450 569 2535 Sanctorum,
596 2446 737 2524 scilicet
761 2447 923 2524 secunda
950 2447 1011 2523 die
1036 2447 1266 2536 novembris,
1291 2449 1330 2522 in
1354 2447 1516 2557 religiosi
1542 2467 1579 2525 et
1603 2449 1750 2528 honesti

331 2579 399 2654 viri
418 2577 540 2654 fratris
558 2575 696 2654 Nicolai
717 2576 764 2652 de
784 2574 981 2654 Anessiaco
1002 2575 1144 2653 ordinis
1161 2575 1318 2654 fratrum
1330 2576 1626 2667 Predicatorum,
1654 2607 1751 2657 com-

333 2707 489 2785 missarii
510 2707 585 2783 dati
606 2704 818 2811 areligioso
834 2706 914 2783 viro
934 2723 972 2783 et
993 2706 1152 2784 honesto
1167 2705 1278 2785 fratre
1297 2707 1500 2787 Guillelmo
1522 2708 1569 2783 de
1590 2708 1750 2787 Parisios

333 2837 421 2914 dicti
442 2835 601 2925 ordinis,
624 2835 842 2941 inquisitore
857 2835 1019 2911 heretice
1039 2835 1224 2941 pravitatis
1250 2836 1289 2911 in
1313 2864 1426 2943 regno
1446 2837 1600 2913 Francie
1625 2855 1750 2915 aucto·

333 2969 438 3044 ritate
452 2965 652 3071 apostolica
662 2966 857 3069 deputato,
872 2980 1043 3041 nostrum
1054 2964 1287 3041 notariorum
1300 2964 1537 3070 publicorum
1552 2983 1590 3044 et
1598 2966 1749 3045 testium

331 3096 647 3202 infrascriptarum
675 3094 866 3200 presencia
896 3094 1141 3201 personaliter
1172 3094 1393 3173 constitutus
1422 3093 1535 3173 frater
1564 3096 1750 3175 lohannes

333 3227 379 3303 de
399 3229 601 3305 Basemont
623 3225 748 3315 miles,
776 3225 883 3302 etatis
908 3224 1043 3331 viginti·
1060 3225 1229 3330 quinque
1252 3253 1435 3303 annorum
1456 3226 1513 3303 vel
1538 3227 1651 3315 circa,
1670 3254 1750 3305 mo-

331 3386 416 3434 rans
439 3358 479 3432 in
505 3357 618 3434 domo
643 3356 691 3433 de
716 3356 887 3462 Prunayo
905 3355 1011 3461 juxta
1035 3354 1270 3443 Meduntam,
1292 3356 1440 3463 juratus
1464 3355 1510 3433 ad
1535 3372 1660 3434 sancta
1678 3357 1749 3434 Dei

331 3487 542 3592 Evangelia,
559 3503 652 3564 tacta
669 3486 910 3593 corporaliter
924 3485 970 3563 ab
987 3485 1139 3574 codem,
1151 3485 1248 3563 dese
1260 3503 1297 3563 et
1312 3487 1393 3563 aliis
1407 3487 1465 3562 sui
1481 3487 1626 3564 ordinis
1639 3512 1749 3591 super

331 3616 432 3694 dicto
447 3617 600 3694 crimine
624 3616 756 3693 delatis
774 3617 812 3691 in
831 3644 938 3693 causa
956 3614 1046 3692 fidei
1067 3614 1191 3692 dicere
1209 3616 1411 3692 veritatem.
1426 3616 1473 3691 Et
1485 3618 1747 3720 interrogatus,

331 3776 399 3852 per
412 3748 667 3852 juramentum
686 3774 814 3832 suum,
838 3744 885 3822 de
905 3764 1076 3850 tempore
1101 3761 1137 3820 et
1157 3745 1273 3822 modo
1292 3743 1523 3848 recepcionis
1546 3771 1631 3829 sue,
1657 3742 1750 3821 dixit

331 3905 399 3979 per
407 3876 665 3982 juramentum
676 3903 805 3961 suum,
830 3874 933 3980 quod
958 3872 1029 3950 luit
1047 3889 1218 3978 receptus
1234 3872 1393 3951 Perisius
1406 3900 1473 3977 per
1488 3872 1749 3978 Hugonemde

331 4006 499 4082 Paraudo
520 4005 747 4082 visitatorem
770 4007 800 4081 F
801 4005 942 4094 rancie,
966 4004 1005 4079 in
1031 4003 1126 4080 festo
1148 4003 1318 4080 instantis
1338 4001 1618 4079 Purificacionis
1641 4000 1749 4081 beate

331 4134 447 4211 Marie
466 4138 523 4210 vel
543 4135 638 4211 circa
658 4136 729 4212 erit
747 4163 883 4222 annus,
899 4134 1136 4239 presentibus
1155 4132 1267 4210 fratre
1292 4131 1471 4209 iohanne·
1488 4134 1534 4209 de
1554 4131 1747 4241 Foylleyo,

332 4263 443 4340 lratre
456 4264 621 4342 Oliverio
636 4264 684 4341 de
704 4266 845 4352 Penne,
863 4280 901 4339 et
919 4263 1003 4340 aliis
1022 4264 1070 4340 de
1090 4288 1253 4368 quorum
1271 4261 1491 4341 nominihus
1509 4292 1585 4341 non
1604 4262 1748 4341 recolit.

331 4395 378 4471 Et
395 4393 487 4470 dixit
498 4422 567 4499 per
572 4394 828 4500 juramentum
842 4383 952 4470 suum
969 4393 1089 4498 quod,
1108 4409 1193 4497 post
1207 4391 1749 4496 promissionem-aheolact'am

332 4522 379 4598 de
399 4524 640 4602 observandis
658 4525 805 4601 statutis
821 4540 858 4599 et
877 4524 1028 4609 secretis
1046 4522 1205 4610 ordinis,
1226 4520 1296 4599 tuit
1315 4522 1385 4598 sibi
1408 4524 1573 4627 positum
1594 4522 1750 4599 mantel·

331 4653 409 4729 lum
424 4653 469 4730 ad
481 4654 616 4731 collum
627 4715 635 4742 ,
647 4673 683 4731 et
693 4653 878 4761 preposita
891 4654 960 4733 sibi
974 4683 1083 4731 cruce
1095 4654 1135 4729 in
1150 4681 1221 4760 qua
1234 4671 1311 4729 erat
1321 4682 1452 4760 ymago
1464 4656 1482 4730 J
1488 4654 1581 4729 hesu
1593 4651 1747 4741 Christi,

332 4784 515 4891 recipiens
532 4786 662 4890 petivit
675 4785 721 4863 ab
745 4812 790 4862 eo
809 4803 934 4861 utrum
955 4784 1123 4861 crederet
1139 4783 1188 4860 in
1200 4811 1287 4860 eum
1308 4783 1415 4890 cujus
1431 4812 1566 4892 ymago
1581 4800 1661 4861 erat
1677 4784 1746 4863 ibi,
