4230 5956
702 472 900 564 raeces
930 492 1027 563 ors
1057 490 1360 565 reuertens.
1664 503 1739 575 rto

324 628 396 706 fuit
405 628 590 705 adductus
599 627 647 705 ad
655 631 886 733 presenciam
897 629 1119 708 eorumdem
1130 629 1373 709 dominorum
1384 634 1739 731 commissariorum,

323 757 362 833 in
382 757 501 835 domo
521 759 687 863 predicta
704 760 851 838 domini
867 761 966 838 Petri
985 760 1033 836 de
1056 759 1257 852 Sabauffla,
1286 761 1399 838 frater
1419 761 1547 841 Guido
1566 765 1612 840 de
1636 765 1741 873 Rupe

323 887 508 992 presbiter
532 890 806 967 Lemovicensis
828 891 1002 976 diocesis,
1023 889 1129 965 testis
1149 917 1261 994 supra
1278 891 1441 997 juratus,
1468 908 1511 967 ut
1537 891 1743 996 deponeret

324 1017 614 1106 dictamnum,
635 1045 707 1096 axx
726 1048 912 1099 annorum
929 1037 968 1097 et
984 1018 1101 1108 ultra,
1118 1018 1340 1096 mantellum
1359 1019 1506 1097 ordinis
1527 1049 1605 1098 non
1624 1022 1743 1102 delle·

324 1173 426 1236 rens,
441 1147 530 1252 quia
543 1148 668 1252 ipsum
687 1148 879 1227 dimiserat
891 1167 1072 1227 vetustate
1089 1166 1371 1254 consumptum,
1385 1178 1472 1227 cum
1488 1178 1566 1257 quo
1584 1152 1742 1258 inquisi-

324 1294 406 1354 tum
424 1276 561 1367 fuerat,
585 1277 780 1357 absolutus
796 1296 834 1356 et
855 1279 1115 1357 reconciliatus
1133 1306 1201 1383 per
1220 1279 1418 1357 dominum
1437 1279 1741 1359 lemovicensem

324 1406 553 1511 episcopum.
576 1409 696 1486 Lectis
715 1428 841 1487 autem
863 1427 902 1487 et
922 1409 1122 1516 diligenter
1136 1409 1311 1514 expositis
1325 1408 1398 1486 sibi
1414 1409 1592 1487 omnibus
1609 1424 1648 1487 et
1665 1412 1737 1488 sin·

323 1535 612 1643 gulisarticulis,
630 1541 826 1644 respondit
836 1540 942 1647 quod
954 1539 1104 1616 nullum
1117 1540 1235 1616 alium
1246 1541 1389 1616 viderat
1402 1539 1516 1644 recipi
1534 1540 1573 1616 in
1588 1540 1738 1629 ordine,

324 1693 394 1742 nec
419 1666 591 1771 capitulis
610 1668 829 1746 interfuerat
852 1671 1088 1759 eorumdem,
1110 1671 1213 1748 unde
1238 1669 1443 1761 nesciebat,
1463 1696 1531 1746 nee
1548 1669 1738 1759 credebat,

323 1822 394 1871 nec
407 1796 598 1874 audiverat
611 1799 683 1874 dici
705 1799 752 1876 de
768 1800 953 1877 contentis
972 1801 1011 1876 in
1027 1800 1135 1875 dictis
1154 1799 1325 1875 articulis
1338 1799 1408 1875 nisi
1429 1799 1533 1904 quod
1552 1798 1739 1903 sequitur:

324 1924 418 2000 dixit
435 1951 572 2030 nempe
592 1956 631 2004 se
656 1927 769 2006 luisse
795 1945 1002 2032 receptum·
1017 1929 1056 2003 in
1082 1927 1247 2032 quadam
1267 1955 1411 2003 camera
1431 1927 1569 2003 domus
1583 1926 1740 2034 -Ternpli

324 2051 374 2128 de
397 2053 500 2129 Bella
520 2055 734 2132 Cbassanba
760 2056 1035 2133 Lemovicensis
1060 2056 1235 2144 diocesis,
1259 2084 1327 2161 per
1349 2054 1501 2132 fratrem
1519 2056 1741 2133 Perrumue

326 2183 467 2260 Madito
496 2183 656 2261 militem
687 2184 898 2290 quondam,
928 2204 1187 2292 preceptorem
1210 2201 1301 2261 tunc
1325 2186 1585 2273 Lemovicinii‚
1608 2187 1648 2262 in
1674 2186 1743 2263 hac

325 2329 441 2388 estate
478 2331 588 2390 erunt
620 2340 643 2390 x
676 2314 733 2390 vel
761 2341 798 2391 x1
830 2315 935 2402 anni,
969 2316 1206 2421 presentibus
1238 2313 1415 2391 iratribus
1447 2315 1654 2392 &urendo
1683 2315 1741 2393 ,de

325 2441 528 2520 villaribus
549 2442 772 2548 presbitero,
801 2460 1018 2548 preceptore
1044 2444 1091 2520 de
1115 2445 1222 2548 Rupe
1252 2443 1377 2521 Sancti
1407 2442 1532 2534 Pauli,
1561 2443 1740 2522 Gnidone

324 2571 504 2675 Delphini
532 2572 666 2660 milite,
701 2571 862 2649 testibus
884 2599 997 2679 supra
1030 2572 1261 2662 examinatis,
1297 2573 1490 2676 Stephano
1524 2571 1559 2647 la
1593 2574 1741 2655 Vernba

323 2700 515 2804 quondum
535 2701 761 2807 presbitero,
791 2716 829 2778 et
854 2702 964 2780 Petro
990 2703 1038 2778 'de
1063 2704 1246 2779 Ermenco
1274 2700 1315 2777 in
1339 2701 1510 2777 Alternia
1534 2703 1738 2792 serviente,

326 2828 373 2903 de
395 2831 501 2936 cujus
519 2831 592 2906 vita
608 2830 666 2907 vel
682 2848 804 2907 morte
823 2858 901 2909 non
919 2831 1035 2908 habet
1049 2831 1336 2939 certitudinem,
1361 2830 1393 2906 A
1413 2856 1488 2934 quo
1505 2830 1662 2935 quidem
1680 2858 1741 2907 re·

327 2976 477 3062 ceptore
494 2987 581 3036 cum
596 2961 770 3065 peciisset
783 2977 843 3037 ter
864 2988 1000 3065 panem
1021 2978 1058 3037 et
1074 2988 1206 3066 aquam
1230 2978 1267 3037 et
1285 2960 1499 3037 societatem
1515 2958 1679 3049 ordinis,
1702 2978 1742 3036 et

325 3088 527 3166 obtulisset
551 3118 590 3166 se
609 3090 706 3166 velle
718 3089 803 3167 lieri
823 3118 970 3168 servum
992 3091 1178 3168 eselavum
1199 3090 1360 3178 ordinis,
1373 3117 1415 3165 ae
1430 3090 1464 3165 ei
1478 3089 1738 3178 concessisset,

324 3217 506 3323 imposuit
524 3219 595 3296 sibi
615 3219 857 3310 mantellum,
880 3221 1021 3326 etipse
1049 3238 1087 3297 et
1110 3235 1270 3297 astantes
1291 3219 1447 3296 osculati
1472 3218 1628 3295 luerunt
1652 3240 1741 3297 eum

323 3346 461 3423 inore.
486 3350 671 3455 Postque
698 3349 787 3425 fecit
812 3378 899 3425 eum
928 3378 1060 3427 vovere
1088 3367 1126 3427 et
1145 3349 1272 3455 jurare
1301 3349 1527 3438 castitatem,
1560 3348 1743 3426 obedien·

323 3475 437 3567 ciam,
460 3495 498 3554 et
516 3479 637 3555 vivere
652 3480 732 3557 sine
752 3480 921 3585 proprio,
951 3497 989 3556 et
1014 3507 1158 3556 servare
1184 3478 1307 3556 bonos
1332 3506 1423 3555 usus
1450 3495 1488 3554 et
1516 3477 1635 3555 bonas
1653 3504 1742 3555 con·

322 3607 542 3686 suetudines
571 3608 726 3689 ordinis.
752 3611 838 3703 Quo
860 3609 1107 3689 facto'dictus.
1127 3626 1299 3716 receptor
1321 3609 1432 3684 traxit
1458 3608 1581 3712 ipsum
1606 3623 1741 3684 testem

324 3732 371 3810 ad
387 3736 566 3845 angulum
583 3738 682 3814 dicte
699 3766 860 3830 camere,
878 3757 917 3816 et
934 3740 1101 3845 precepit
1121 3739 1155 3814 ei
1175 3739 1279 3844 quod
1300 3737 1502 3843 abnegaret
1518 3753 1578 3813 ter
1595 3737 1739 3829 Deum,

323 3891 400 3941 non
426 3867 670 3972 exprimendo
687 3867 854 3972 aliquam
868 3886 1024 3945 musam
1048 3883 1337 3973 propterquam
1358 3865 1514 3941 deberet
1539 3861 1739 3968 abnegare,

322 4020 393 4068 nec
409 3996 514 4100 quod
530 4013 625 4073 esset
640 3997 688 4073 de
707 3998 855 4102 punctis
875 3997 1035 4083 ordinis3
1053 3998 1190 4101 etipse
1208 3995 1314 4072 testis
1333 3991 1527 4097 abnegarit
1545 4006 1604 4065 ter
1617 3991 1740 4067 Deum

323 4147 408 4212 ore,
423 4127 651 4216 nencorde,
671 4144 715 4202 nt
733 4127 843 4214 dixit,
858 4154 947 4202 cum
962 4154 1099 4232 magno
1117 4126 1223 4202 fletu,
1251 4123 1389 4228 ntique*
1415 4118 1641 4198 aliaillieite
1665 4148 1743 4201 non

323 4252 605 4330 intervenerunt
623 4254 665 4330 in
685 4255 784 4331 dicta
803 4282 870 4331 saa
890 4255 1110 4360 recepcione
1129 4280 1200 4328 nec
1218 4267 1322 4356 post,
1342 4267 1383 4327 et
1402 4249 1612 4356 predictam
1629 4248 1744 4357 abates

322 4379 517 4485 gerionem
534 4400 746 4487 potuerunt
755 4382 886 4459 audire
901 4382 1102 4488 supradicti
1118 4382 1159 4458 in
1172 4405 1318 4457 ramera
1333 4380 1548 4469 existentes,
1571 4397 1611 4457 et
1623 4381 1743 4473 credit
1775 4435 1780 4443 -

323 4511 427 4615 quod
446 4512 509 4588 alii
522 4511 653 4589 iratres
667 4513 811 4591 ordinis
827 4512 1080 4590 communiter
1099 4528 1137 4588 et
1149 4511 1294 4617 ubique
1309 4509 1619 4590 Deumsim'tliter
1630 4510 1743 4590 abne,

321 4659 465 4746 gerent.
486 4644 601 4734 ltem‘,
621 4643 717 4720 dixit
741 4643 847 4749 qnod
873 4668 1023 4720 crucem
1043 4643 1208 4720 multum
1226 4640 1513 4731 venerabantur,
1533 4640 1744 4746 specialiter

321 4769 367 4844 in·
382 4769 445 4847 die
459 4773 622 4850 Veneris
630 4788 771 4860 sancta,
796 4789 835 4848 et
851 4778 1175 4863 mmrrarerenter,
1186 4770 1305 4850 nudis
1320 4771 1498 4876 pedibus,
1513 4770 1741 4864 adorsbtnt',

308 4910 311 4915 ’
1545 4908 1594 4972 28.
