4230 5956
348 507 391 574 12
733 485 928 577 rnocns
955 502 1050 572 nus
1077 501 1378 575 cruentans.

344 644 485 753 capella
496 645 790 751 domusTempli
806 644 853 721 de
866 642 1024 749 Rupella
1035 642 1205 735 insimul,
1223 644 1318 719 circa
1330 643 1455 720 Natale
1472 644 1641 748 proximo
1656 662 1774 750 prete·

343 775 459 852 ritum
481 773 635 852 luerunt
657 793 741 853 octo
758 776 845 851 anni
865 774 924 852 vel
944 775 1054 862 circa,
1080 773 1211 851 fratres
1228 775 1442 850 Zachariam
1462 774 1509 850 de
1533 792 1658 851 sancta
1681 778 1773 854 Sora

343 904 613 1010 presbiterum,
638 924 675 983 et
693 905 945 985 Guillelmum
965 905 1112 1011 Fargeti
1133 900 1352 991 servientes,
1375 932 1471 1011 quos
1491 904 1611 982 credit
1632 905 1772 1000 vivere;

346 1066 423 1115 non
434 1038 567 1115 recolit
578 1039 624 1115 de
634 1038 871 1144 presentibus
882 1065 952 1112 nec
963 1035 1010 1112 de
1019 1037 1240 1114 nominihus
1252 1035 1414 1113 aliorum
1426 1064 1522 1142 quos
1533 1036 1627 1113 vidit
1638 1038 1772 1144 recipi:

346 1167 384 1244 in
401 1199 564 1276 quorum
579 1169 864 1276 recepcionibus
877 1167 994 1244 nichil
1010 1168 1119 1254 vidit,
1136 1197 1206 1244 nec
1220 1168 1340 1260 scivit,
1358 1196 1428 1243 nec
1447 1167 1588 1244 audivit
1606 1165 1689 1244 [ieri
1707 1168 1775 1244 illi·

347 1298 475 1376 citum.
497 1303 608 1392 Item,
631 1300 724 1377 dixit
736 1299 841 1407 quod
853 1298 973 1376 suerat
991 1299 1214 1407 conjugatus
1228 1299 1267 1375 in
1282 1298 1427 1386 secula,
1449 1315 1487 1375 et
1501 1298 1607 1405 quod
1621 1316 1774 1376 steterat

346 1457 570 1535 perannum
586 1449 624 1509 et
640 1432 841 1513 dimidium
858 1431 958 1508 ultra
973 1460 1092 1520 mare,
1111 1448 1148 1507 et
1160 1429 1212 1506 ibi
1226 1430 1300 1507 luit
1316 1430 1387 1525 sibi
1404 1428 1548 1508 dictum
1562 1460 1629 1538 per
1642 1459 1774 1536 quem-

347 1562 433 1639 dam
464 1563 617 1641 sratrem
648 1564 809 1641 militem
839 1563 982 1641 ordinis
1007 1591 1152 1652 senem,
1186 1563 1292 1670 cujus
1321 1590 1462 1651 nornen
1497 1580 1533 1639 et
1564 1590 1773 1668 cognomen

346 1696 507 1803 ignorat,
536 1697 604 1774 sed
625 1697 774 1773 videtur
796 1695 867 1774 sihi
891 1695 996 1801 quod
1017 1711 1114 1772 esset
1136 1694 1339 1811 Hispanus,
1365 1695 1471 1801 qnod
1498 1694 1603 1771 tarde
1624 1711 1775 1772 venerat

345 1825 394 1901 ad
409 1826 585 1904 ordinem
605 1828 693 1934 quia
710 1845 789 1905 erat
808 1854 936 1915 senex,
957 1826 1024 1902 sed
1037 1825 1133 1903 sorte
1151 1826 1266 1902 cicius
1279 1843 1432 1902 venerat
1447 1854 1562 1933 quam
1584 1825 1775 1930 expediret

337 1955 431 2045 sibi,
458 1958 547 2062 quia
573 1958 695 2034 dictus
716 1958 826 2036 miles
846 1986 923 2034 non
943 1957 1136 2044 credebat,
1159 1974 1202 2034 ut
1227 1956 1319 2033 dixit
1337 1956 1408 2062 ipsi
1429 1957 1531 2047 testi,
1554 1957 1658 2064 quod
1678 1958 1773 2034 ordo

347 2115 479 2164 eorum
504 2087 571 2164 diu
587 2089 723 2165 durare
745 2106 873 2194 posset
896 2106 1051 2195 propter
1071 2086 1286 2195 superbiam
1307 2116 1458 2179 eorum,
1482 2106 1520 2165 et
1540 2089 1628 2196 quia
1647 2089 1775 2194 acqui·
1907 2171 1909 2174 ,

346 2217 481 2294 rebant
505 2217 607 2295 dicto
630 2218 753 2295 ordini
777 2218 1080 2324 quibuscumque
1107 2220 1230 2296 modis
1251 2237 1439 2326 poterant,
1468 2236 1506 2296 et
1533 2237 1638 2298 erant
1661 2221 1774 2296 nimis

347 2347 474 2455 cupidi
503 2363 542 2423 et
569 2346 777 2438 ambitiosi,
811 2377 881 2425 nec
906 2348 1154 2426 intendebant
1180 2350 1227 2426 ad
1257 2349 1396 2427 lactum
1427 2377 1617 2427 armorum
1645 2367 1773 2426 contra

229 2546 240 2566 .
285 2479 287 2482 ⁴
347 2478 521 2556 infideles
549 2480 645 2557 sicut
672 2479 913 2573 debuissent;
942 2498 980 2558 et
1000 2483 1073 2558 hoc
1102 2479 1174 2559 luit
1201 2482 1346 2559 dictum
1373 2483 1444 2590 ipsi
1465 2483 1559 2559 'testi
1584 2483 1623 2557 in
1647 2481 1772 2587 primo

347 2639 446 2688 anno
462 2611 692 2717 recepcionis
716 2640 794 2690 sue.
825 2615 938 2700 Item,
965 2612 1057 2688 dixit
1079 2613 1185 2719 quod
1202 2611 1302 2690 bene
1322 2612 1499 2690 credebat
1520 2611 1783 2690 ecclesiasticis⁴

346 2745 601 2834 sacramentis,
623 2761 661 2821 et
672 2744 793 2821 credit
804 2743 910 2850 quod
925 2743 987 2820 alii
1000 2745 1131 2822 fratres
1146 2747 1244 2823 bene
1259 2745 1458 2823 crederent
1471 2762 1508 2823 et
1522 2745 1627 2852 quod
1641 2775 1772 2824 eorum

346 2875 557 2953 sacerdotes
578 2874 704 2952 debite
725 2875 969 2953 celebrarent.
998 2878 1180 2954 Jurabant
1199 2877 1374 2956 ordinem
1400 2905 1477 2954 non
1501 2878 1613 2954 exire.
1638 2878 1772 2955 Statim

347 3034 415 3112 pro
435 3005 611 3112 professis
632 3005 880 3085 habebantur.
907 3008 1148 3086 Clandestine
1168 3009 1457 3116 recipiebantur,
1483 3008 1598 3085 nullis
1621 3036 1771 3114 presen-

346 3137 449 3215 tibus
470 3138 542 3215 nisi
557 3136 735 3217 fratribus
751 3140 909 3230 ordinis,
933 3171 975 3218 ex
993 3170 1068 3248 quo
1089 3142 1207 3219 credit
1227 3141 1332 3248 quod
1350 3158 1447 3219 esset
1467 3141 1629 3247 suspicio
1646 3158 1773 3218 contra

348 3297 423 3346 eos.
447 3272 529 3348 Non
550 3271 670 3348 credit
692 3272 797 3378 quod
822 3273 977 3350 cordule
1004 3274 1143 3381 quibus
1166 3274 1412 3381 cingebantur
1437 3289 1633 3379 tangerent
1656 3273 1774 3377 capita

345 3401 567 3507 ydolorum,
589 3431 659 3480 nec
674 3403 779 3511 quod
796 3404 980 3481 haberent
999 3434 1069 3483 nec
1086 3407 1286 3483 adorarent
1302 3405 1426 3513 ydola.
1448 3403 1599 3510 Absque
1618 3403 1770 3480 licencia

348 3562 426 3611 non
445 3553 619 3641 poterant
638 3536 710 3613 nisi
735 3537 992 3614 sacerdotibus
1011 3538 1154 3615 ordinis
1178 3537 1361 3616 confiteri.
1383 3537 1617 3613 Elemosinas
1643 3551 1680 3611 et
1704 3536 1774 3612 ho-

347 3665 588 3770 spitalitatem
613 3665 815 3757 faciebant,
849 3668 966 3775 aliqui
991 3669 1149 3777 largius,
1177 3669 1293 3776 aliqui
1319 3668 1494 3745 strictius.
1521 3665 1774 3773 Aequirebant

346 3796 465 3874 multa
480 3797 624 3885 illicita,
642 3817 862 3876 nontamen
878 3801 951 3878 hoc
967 3801 1020 3877 eis
1037 3801 1325 3907 precipiebatur.
1348 3797 1534 3906 Capitulia
1548 3797 1775 3875 tenebantur

346 3929 452 4007 valde
470 3929 691 4036 tempestive
717 3948 754 4007 et
773 3931 976 4038 aliquando
992 3933 1040 4010 de
1059 3950 1188 4024 nocte,
1216 3932 1332 4010 nullis
1354 3930 1593 4039 presentibus
1613 3929 1683 4004 nisi
1703 3929 1775 4003 lra-

347 4061 467 4137 tribus
490 4061 650 4154 ordinis,
675 4063 854 4170 deputato
876 4093 954 4141 uno
981 4064 1029 4140 ad
1049 4064 1257 4141 custodiam
1280 4082 1403 4171 porte,
1426 4092 1473 4139 ne
1491 4060 1653 4137 exterius
1669 4060 1776 4135 audi-

347 4208 478 4269 rentur
493 4220 536 4268 ea
555 4220 629 4299 que
650 4194 872 4274 dicebantur
892 4196 1060 4274 interius.
1083 4196 1197 4290 Quod
1217 4224 1375 4304 magnus
1394 4193 1569 4300 Magister
1588 4191 1775 4268 statuebat

347 4351 434 4400 cum
450 4341 637 4402 conventu
651 4326 865 4405 servabatur
880 4330 919 4404 in
936 4329 1088 4419 ordine,
1106 4346 1234 4406 contra
1249 4357 1365 4436 quem
1384 4356 1486 4405 nunc
1501 4323 1656 4434 grandia
1671 4352 1775 4400 scan-

331 4511 332 4514 ,
347 4453 445 4543 dala,
459 4457 621 4564 suspicio
636 4475 673 4534 et
682 4457 834 4534 infamia
850 4476 938 4535 sunt
951 4478 1087 4536 exorta.
1101 4458 1254 4537 Audivit
1270 4460 1343 4536 dici
1360 4487 1541 4565 magnum
1552 4454 1773 4561 Magistrum

347 4601 385 4660 et
399 4585 491 4663 alios
504 4588 651 4694 aliquos
665 4615 827 4680 errores,
842 4588 961 4665 nescit
976 4618 1087 4696 quos,
1106 4590 1294 4669 confessos
1306 4586 1421 4668 fuisse
1437 4605 1566 4665 contra
1579 4586 1770 4672 ordinem,

347 4714 394 4791 ad
415 4717 522 4823 cujus
542 4717 816 4797 deffensionem
839 4747 878 4796 se
891 4748 976 4797 non
997 4718 1198 4798 obtulerat.

404 4848 620 4953 Requisitus
653 4850 683 4926 si
715 4849 768 4927 sic
795 4848 1018 4957 deposuerat
1047 4880 1173 4959 prece,
1210 4869 1404 4958 precepto,
1438 4850 1595 4937 timore,
1626 4874 1770 4934 amore,
