4230 5956
1028 354 1105 443 {ist-,32
1210 400 1243 455 't

358 513 379 582 s
634 492 645 509 ²
758 484 948 577 procus
974 499 1068 575 nus
1092 499 1391 573 reuertens

357 650 511 728 Audivit
525 666 653 745 tamen
671 647 744 724 dici
765 647 811 726 ab
830 645 1020 754 aliquibus
1035 672 1079 720 ex
1098 641 1275 720 fratribus
1292 643 1452 736 ordinis,
1468 642 1515 719 de
1533 664 1702 750 quorum
1718 672 1786 721 no-

358 780 528 858 minibus
555 807 634 856 non
662 778 891 865 recordatur,
920 775 1024 883 quod
1059 792 1278 881 preceptum
1304 773 1427 853 lucrat
1451 774 1504 850 eis
1532 774 1571 849 in
1597 775 1786 882 recepcio-

359 914 472 991 nibus
490 940 623 990 eorum
640 912 744 1018 quod
764 927 943 1017 spuerent
964 936 1076 1014 supra
1092 935 1259 996 crucem3
1281 908 1347 985 sed
1366 907 1437 1013 ipsi
1455 906 1632 984 dicebant
1651 936 1785 985 senon

359 1045 524 1153 spuisse;
544 1072 621 1120 non
640 1061 766 1119 tamen
787 1042 930 1119 audivit
944 1039 1018 1116 dici
1034 1039 1081 1115 ab
1096 1038 1150 1115 eis
1169 1038 1276 1145 quod
1294 1039 1552 1145 preciperetur
1569 1038 1626 1117 eis
1641 1039 1786 1146 aliquid

360 1177 407 1254 de
428 1177 703 1285 abnegacione,
732 1203 801 1251 nec
822 1174 870 1250 de
889 1171 1196 1255 conculcacione‚
1226 1199 1295 1247 nec
1326 1173 1373 1246 de
1396 1169 1534 1248 osculis
1558 1170 1782 1257 inhonestis,

360 1337 429 1385 nec
449 1309 567 1384 eciam
591 1308 638 1384 de
661 1307 819 1383 crimine
838 1303 1083 1390 sodomitico,
1104 1302 1162 1378 vel
1183 1301 1230 1378 de
1256 1302 1382 1407 aliquo
1408 1302 1621 1380 inhonesto.
1648 1305 1787 1410 Requi·

360 1440 453 1517 situs
478 1440 631 1547 quando
661 1437 804 1514 audivit
819 1435 996 1542 'predicta
1020 1432 1113 1521 dici,
1147 1431 1240 1507 dixit
1264 1432 1367 1536 quod
1395 1449 1484 1509 sunt
1512 1433 1784 1543 quinquaginta

358 1570 447 1644 anni
467 1568 526 1646 vel
543 1569 656 1657 circa,
672 1585 711 1643 et
725 1596 769 1644 ex
783 1584 876 1643 tunc
890 1564 1024 1642 habuit
1038 1561 1175 1639 malam
1188 1561 1441 1667 suspicionem
1458 1581 1585 1640 contra
1595 1565 1783 1656 ordinem,

360 1729 474 1808 quam
503 1716 612 1776 antea
643 1727 720 1775 non
746 1697 921 1774 habebat.
945 1697 1028 1801 Ipse
1045 1712 1176 1775 ,autem
1196 1695 1338 1800 recepit
1356 1722 1402 1771 xx
1422 1695 1481 1771 vel
1504 1723 1572 1772 xxv
1595 1696 1726 1796 fratres
1745 1699 1784 1773 in

361 1831 495 1908 ordine
519 1831 567 1907 de
591 1830 730 1937 quibus
756 1829 850 1906 dixit
880 1856 958 1905 esse
984 1827 1108 1903 vivum
1134 1827 1173 1901 in
1199 1826 1358 1931 Rupella
1384 1829 1538 1904 Petrum
1569 1827 1616 1904 de
1642 1828 1787 1906 Luchet

360 1964 582 2040 servientem
604 1960 856 2047 Xantonensis
881 1959 1061 2050 diocesis,
1090 1986 1222 2035 omnes
1243 1958 1335 2035 alios
1356 1987 1436 2035 esse
1456 1978 1641 2049 mortuom
1671 1990 1785 2067 quem

360 2096 515 2171 Petrum
532 2092 674 2196 recepit
686 2093 726 2167 in
747 2090 889 2196 capella
910 2090 957 2167 de
971 2089 1146 2195 Rupella‚
1169 2064 1264 2166 circa
1281 2090 1422 2168 instans
1439 2091 1576 2170 festum
1587 2093 1786 2171 nativitatis

360 2224 462 2300 beati
482 2222 664 2299 Johannis
682 2223 846 2327 Baptiste
873 2236 985 2297 erunt
1016 2222 1184 2326 quinque
1216 2222 1304 2296 anni
1328 2223 1386 2299 vel
1412 2224 1523 2311 circa,
1550 2225 1787 2327 presentibus

363 2352 529 2461 quodam
555 2351 668 2428 fratre
697 2351 905 2457 presbitero
936 2351 1085 2427 ordinis
1112 2350 1321 2442 Gallicano,
1344 2353 1451 2459 cujus
1476 2380 1616 2428 nomen
1642 2372 1680 2430 et
1703 2385 1787 2462 cog-

364 2476 504 2562 riomen
536 2484 699 2590 ignorat,
726 2481 993 2560 Bartholomeo
1021 2483 1068 2559 de
1092 2483 1285 2590 Pertenay,
1311 2484 1519 2562 Guillelmo
1540 2484 1587 2561 de
1613 2487 1785 2564 Mortone

364 2615 660 2724 Engolismensis
680 2614 838 2691 diocesis
863 2612 1111 2691 servientibus
1131 2612 1344 2708 deffunctis,
1369 2634 1407 2692 et
1433 2646 1521 2693 eum
1548 2617 1690 2722 recepit
1721 2648 1788 2724 per

365 2778 451 2825 eum
472 2747 631 2824 modum
645 2777 719 2853 per
739 2775 854 2855 quem
874 2747 1050 2852 deposuit
1068 2773 1106 2822 se
1127 2744 1241 2823 fuisse
1265 2764 1469 2852 receptum.
1492 2746 1593 2824 Dixit
1612 2749 1728 2825 eciam
1749 2779 1787 2826 se

364 2880 548 2985 recepisse
579 2878 769 2984 predictos
800 2878 954 2955 Petrum
987 2894 1024 2953 et
1058 2876 1151 2953 alios
1184 2878 1393 2954 secundum
1432 2877 1592 2956 modum
1623 2877 1785 2968 licitum,

365 3010 453 3116 quia
480 3036 567 3084 cum
589 3007 792 3085 dimisisset
812 3008 992 3084 ducentas
1012 3006 1125 3086 libras
1143 3010 1386 3087 Turonenses
1412 3009 1664 3100 reddituales,
1697 3040 1789 3118 quas
1864 3064 1873 3079 ι

364 3141 559 3217 habuisset
586 3139 746 3216 existens
777 3138 816 3213 in
851 3138 994 3226 seculo,
1025 3155 1069 3215 ut
1095 3139 1255 3216 existens
1284 3140 1323 3213 in
1360 3140 1493 3216 ordine
1522 3140 1676 3217 salvaret
1710 3144 1789 3217 ani-

362 3301 466 3348 mam
494 3300 620 3359 suam,
656 3269 763 3346 nullo
793 3268 907 3346 modo
940 3270 1188 3346 consensisset
1219 3269 1363 3376 aliquid
1399 3269 1528 3346 illicite
1555 3289 1705 3359 actum,
1745 3304 1789 3351 eo

365 3404 522 3494 sciente,
537 3403 747 3506 ³mandante
767 3401 825 3479 vel
844 3402 1123 3505 consencierttm
1143 3402 1210 3478 sed
1228 3431 1270 3478 ex
1290 3429 1366 3508 quo
1386 3402 1578 3481 audiverat
1597 3403 1669 3479 dici
1685 3407 1789 3511 quod

366 3535 557 3641 aliquibus
577 3535 737 3641 receptis
757 3562 825 3641 per
840 3533 932 3611 alios
947 3554 1151 3667 quw&
1167 3535 1290 3640 ipsum
1307 3553 1525 3642 preceptum
1546 3536 1668 3613 luerat
1686 3540 1791 3642 quod

287 3691 291 3699 ·
367 3683 544 3772 spuerent
561 3694 672 3771 supra
691 3694 857 3756 crucem,
881 3682 918 3740 et
938 3658 1127 3745 habuerat
1138 3666 1391 3772 suspicionem
1413 3667 1452 3741 in
1471 3668 1583 3744 corde
1599 3696 1667 3743 suo
1686 3669 1791 3773 quod

366 3800 439 3875 hoc
470 3814 567 3876 esset
593 3825 740 3888 verum,
772 3796 923 3902 quando
961 3795 1194 3901 contingerat
1223 3824 1312 3872 oum
1345 3797 1474 3873 adesse
1507 3797 1791 3902 recepcionibus

291 3900 295 3910 υ
365 3929 546 4018 aliorum,
568 3928 770 4005 recedebat
794 3957 909 4033 quam
935 3929 1039 4033 prius
1060 3944 1223 4033 poterat,
1245 3926 1384 4004 tradito
1410 3928 1591 4004 mantello
1619 3932 1788 4032 receptis.

366 4060 582 4164 Requisitus
602 4058 633 4135 si
649 4087 718 4165 per
737 4058 903 4164 aliquem
929 4085 973 4133 ex
996 4058 1253 4165 superioribus
1274 4059 1350 4135 suis
1366 4058 1488 4134 suerat
1512 4058 1544 4132 ei
1571 4074 1791 4163 preceptum

367 4189 472 4296 quod
492 4205 656 4265 servaret
680 4190 824 4297 aliquid
847 4189 1023 4266 illicitum
1045 4191 1084 4266 in
1111 4190 1397 4298 recepcionibus
1420 4186 1576 4266 lratrum
1596 4186 1654 4265 vel
1684 4206 1789 4294 post,

367 4320 563 4427 respondit
573 4320 680 4426 quod
691 4350 780 4398 non.
799 4322 1016 4428 Requisitus
1031 4324 1061 4401 si
1074 4325 1152 4431 ipse
1165 4323 1315 4400 locutus
1327 4320 1450 4434 firerat
1467 4321 1609 4398 eisdem
1625 4323 1793 4428 superio-

366 4451 471 4533 ribus
486 4477 525 4528 se
540 4449 725 4526 audivisse
740 4446 817 4524 'dici
833 4451 939 4554 quod
955 4454 1121 4555 predicta
1141 4454 1286 4558 spuicio
1302 4454 1421 4529 crucis
1435 4451 1711 4559 precipiebatur
1726 4481 1793 4557 per

366 4581 511 4687 aliquos
523 4580 606 4656 fieri
620 4583 660 4655 in
677 4578 823 4668 ordine,
838 4581 1035 4684 respondit
1046 4582 1150 4687 quod
1165 4612 1260 4674 non3
1277 4583 1421 4659 dixerat
1434 4601 1560 4660 tamen
1576 4581 1794 4691 frequenter

368 4709 497 4787 multis
510 4737 554 4785 ex
573 4708 750 4790 fratribus
766 4710 910 4787 ordinis
926 4711 1031 4818 quod
1047 4712 1116 4788 sibi
1134 4711 1358 4820 displicebat
1374 4712 1538 4790 multum
1552 4715 1640 4820 quia
1659 4740 1792 4790 eorum

366 4841 605 4948 recepciones
620 4840 763 4917 fiebant
781 4840 1027 4929 clandestine,
1050 4843 1165 4920 nullis
1186 4844 1424 4950 presentibus
1443 4845 1514 4923 nisi
1534 4844 1712 4936 ¹iratribus
1732 4872 1793 4922 or·

566 5019 591 5095 a
