4230 5956
628 467 1273 562 rnoctsnnsrnurnmas.
1370 515 1374 521 ·
1590 492 1660 564 ns

240 631 293 706 vit
318 630 441 735 ipsum
460 645 596 704 testem
624 629 672 705 ad
697 655 882 705 cameram
907 655 1030 715 suam,
1073 656 1145 705 una
1176 658 1263 706 cum
1286 629 1393 705 dicto
1420 628 1598 708 Guidone
1624 631 1662 706 lo

240 761 376 852 Masso,
399 759 514 838 nullis
533 759 615 837 aliis
636 759 891 868 presentibus,
914 776 951 834 et
972 758 1064 836 dixit
1084 760 1116 836 ei
1135 760 1260 867 quod,
1281 787 1323 835 ex
1349 787 1426 866 quo
1450 777 1528 837 erat
1551 759 1664 837 frater

241 917 388 977 eorum,
411 889 608 994 oportebat
634 919 721 966 eum
741 889 925 996 abnegare
952 890 1075 965 Deum
1101 890 1159 966 vel
1182 891 1337 967 Jhesum
1358 890 1567 979 Christum,
1596 889 1664 966 sed

240 1048 318 1096 non
338 1018 451 1125 plene
471 1018 604 1096 recolit
617 1019 649 1096 si
669 1020 847 1126 expressit
863 1020 987 1098 Deum
1006 1019 1063 1095 vel
1084 1019 1241 1096 Jhesum
1265 1017 1481 1106 Christum3
1510 1035 1547 1094 et
1577 1046 1663 1093 cum

241 1151 320 1255 ipse
343 1150 450 1226 testis
469 1149 714 1255 responderet
740 1178 779 1226 se
810 1148 917 1226 nullo
945 1149 1061 1226 modo
1091 1148 1357 1256 abnegaturus,
1381 1148 1474 1224 dixit
1502 1148 1534 1224 ei
1558 1146 1663 1253 quod

243 1280 315 1357 hoc
334 1277 529 1385 oportebat
549 1307 637 1356 eum
658 1279 792 1367 lacere,
816 1280 903 1385 quia
925 1279 976 1354 sic
997 1279 1131 1353 eratin
1155 1277 1287 1353 ordine
1312 1277 1394 1352 fieri
1413 1293 1662 1363 consuetum,

244 1426 281 1485 et
299 1427 388 1485 tunc
407 1409 488 1514 ipse
508 1409 613 1487 testis
634 1409 828 1517 abnegavit
846 1410 971 1485 Deum
998 1407 1056 1483 vel
1085 1408 1239 1483 Jhesum
1271 1407 1464 1484 Christum
1495 1435 1559 1484 ore
1590 1434 1664 1482 non

245 1539 374 1628 corde,
399 1555 442 1614 ut
461 1538 564 1614 dixit.
586 1539 675 1614 Post
695 1566 769 1645 que
790 1538 956 1644 precepit
975 1536 1009 1610 ei
1033 1536 1138 1642 quod
1157 1553 1310 1642 spueret
1329 1565 1442 1642 super
1463 1535 1665 1642 quamdam

244 1694 393 1743 crucem
418 1666 581 1772 ligneam
607 1667 740 1772 inqua
767 1682 846 1741 erat
869 1693 1003 1772 ymago
1028 1665 1222 1758 Crucifixi,
1254 1668 1389 1772 etipse
1418 1666 1522 1742 testis
1543 1664 1667 1741 noluit

245 1822 382 1901 spuere
398 1823 526 1901 supra,
543 1796 611 1872 sed
628 1796 731 1901 spuit
740 1798 859 1903 juxta.
877 1795 959 1872 Alia
972 1787 1100 1871 illicita
1118 1823 1193 1871 non
1205 1796 1488 1871 intervenerunt
1502 1794 1541 1869 in
1559 1793 1666 1870 dictis

245 1924 529 2030 recepcionibus
548 1952 620 2001 nec
633 1941 739 2030 post;
760 1952 829 2000 nec
849 1925 968 2001 credit
987 1925 1092 2028 quod
1112 1924 1210 1998 dicta
1230 1924 1359 1999 illicita
1382 1923 1440 1999 vel
1463 1922 1533 1998 alia
1553 1922 1667 1997 inter-

246 2054 417 2130 venirent
432 2055 470 2129 in
492 2052 774 2159 recepcionibus
795 2051 953 2126 aliorum
977 2051 1036 2126 vel
1060 2068 1159 2156 post,
1188 2053 1371 2157 quianon
1396 2051 1489 2127 vidit
1509 2078 1578 2126 nec
1602 2079 1668 2126 au·

250 2182 343 2257 divit
359 2182 450 2272 dici,
471 2200 509 2258 et
528 2181 599 2257 fuit
618 2182 767 2256 locutus
787 2208 874 2256 cum
895 2179 1006 2256 fratre
1022 2179 1222 2285 Radulpho
1246 2180 1292 2256 de
1313 2181 1413 2257 Frisa
1432 2197 1667 2286 preceptore,

251 2310 297 2386 de
317 2311 443 2388 Veteri
463 2307 840 2388 Villarl'rnbianensis
867 2309 1042 2396 diocesis,
1065 2309 1245 2415 defficujus
1269 2310 1341 2385 vita
1359 2307 1417 2384 vel
1443 2327 1562 2386 morte
1592 2337 1668 2387 non

249 2439 364 2516 habet
381 2439 663 2529 certitudinem,
685 2438 715 2514 si
737 2439 815 2544 ipse
832 2439 875 2553 in..
890 2432 1192 2552 repepcipdesua
1206 2437 1346 2515 lecerat
1358 2439 1525 2544 predicta
1543 2437 1670 2516 illicita

250 2569 308 2645 vel
328 2569 414 2662 alia3
434 2597 632 2679 perquem
646 2562 1043 2676 lurtsrhtresponsum
1054 2568 1159 2673 quod
1178 2596 1272 2658 non,
1295 2586 1332 2644 et
1347 2571 1450 2675 quod
1474 2596 1669 2675 nunquam

250 2698 441 2775 audiverat
459 2699 530 2775 dici
542 2693 838 2811 ngdbbat
848 2694 956 2804 quod
970 2684 1167 2774 in--ordine
1183 2697 1318 2773 fierent
1337 2697 1503 2803 predicta
1522 2696 1668 2783 illicita,

253 2844 291 2903 et
309 2827 514 2904 mirabatur
544 2813 790 2936 dehusque
816 2828 1062 2925 dietus-testis
1092 2827 1235 2903 dixerat
1255 2824 1424 2902 indebite
1444 2824 1537 2902 lacta
1554 2825 1667 2905 fuisse

251 2974 336 3063 post
362 2985 468 3033 suam
494 2934 885 3063 recepcionem.·ltem
913 2956 1006 3033 dixit
1036 2984 1075 3032 se
1105 2955 1202 3032 bene
1236 2955 1389 3031 credere
1415 2955 1670 3035 ecclesiasticis

254 3088 513 3179 sacramentis,
535 3106 573 3166 et
599 3088 703 3194 quod
734 3088 796 3163 alii
824 3087 957 3181 fratres
987 3087 1129 3163 ordinis
1157 3086 1293 3163 eodem
1314 3086 1429 3162 modo
1447 3086 1668 3174 crederent,

255 3235 293 3295 et
316 3217 421 3322 quod
441 3245 572 3294 eorum
595 3218 806 3295 sacerdotes
826 3217 953 3293 debite
984 3216 1227 3293 celebrarent.
1253 3216 1386 3292 Statim
1408 3243 1476 3319 pro
1495 3215 1671 3320 professis

254 3346 499 3424 habebantur.
520 3348 761 3426 Clandestine
778 3349 1067 3455 recipiebantur,
1085 3348 1201 3425 nullis
1220 3348 1458 3455 presentibus
1469 3349 1539 3425 nisi
1553 3347 1673 3426 fratri-

256 3475 329 3555 bus
358 3477 513 3554 ordinis.
535 3477 711 3556 Cordulis
739 3480 841 3556 unde
869 3479 1043 3556 volebant
1064 3479 1262 3585 assumptis
1292 3480 1538 3585 cingebantur
1561 3508 1674 3586 super

259 3607 424 3683 camisias
443 3636 530 3683 cum
551 3607 688 3713 quibus
705 3608 889 3716 jacebant.
912 3610 1127 3716 Injunctum
1150 3610 1222 3686 luit
1241 3610 1294 3685 eis
1318 3638 1365 3684 ne
1392 3610 1598 3686 revelarent
1617 3638 1674 3686 se-

259 3754 358 3813 creta
370 3738 639 3843 capitulorum3
653 3740 772 3816 credit
781 3740 886 3847 quod
898 3739 979 3816 aliis
995 3740 1097 3816 idem
1109 3741 1379 3849 injungeretur,
1398 3757 1435 3815 et
1449 3738 1513 3845 qui
1527 3738 1676 3814 revelas

260 3884 342 3943 sent
355 3868 477 3972 puniti
492 3868 666 3958 fuissent,
684 3870 750 3947 sed
763 3871 882 3946 nescit
895 3870 1066 3977 qualiter.
1086 3870 1300 3977 Injunctum
1320 3868 1391 3944 fuit
1404 3869 1457 3942 eis
1474 3867 1576 3972 quod
1593 3893 1677 3942 con·

252 3995 459 4074 litarentur
477 3999 735 4076 sacerdotibus
754 4000 914 4088 ordinis,
936 4016 1151 4075 nontamen
1167 3998 1240 4074 fuit
1258 3997 1464 4072 inhibitum
1479 3995 1584 4100 quod
1599 4022 1676 4072 non

262 4126 644 4205 confiterentur'aliis.
670 4129 710 4207 si
731 4130 796 4235 qui
817 4146 923 4206 erant
941 4129 1007 4235 qui
1029 4128 1168 4204 scirent
1188 4154 1332 4203 errores
1356 4151 1436 4200 esse
1459 4124 1498 4199 in
1521 4125 1673 4214 ordine,

261 4251 493 4358 negligentes
508 4255 662 4333 fuerunt
677 4259 857 4364 quianon
873 4272 1116 4333 correxerunt
1130 4283 1199 4330 nec
1214 4255 1534 4331 denunciaverunt
1552 4255 1678 4331 Eccle-
1798 4288 1801 4294 ¹

262 4383 327 4459 sie.
349 4382 581 4461 Elemosinas
602 4402 638 4461 et
659 4385 949 4491 hospitalitatem
972 4385 1065 4462 vidit
1090 4384 1354 4461 convenienter
1378 4384 1459 4460 lieri
1485 4400 1524 4460 et
1541 4385 1676 4461 servari

260 4512 301 4587 in
322 4512 501 4590 domibus
517 4514 665 4590 ordinis
676 4516 715 4590 in
734 4514 872 4623 quibus
891 4515 962 4593 fuit
980 4532 1225 4592 conversatus.
1245 4515 1365 4591 Totus
1383 4513 1478 4591 ordo
1500 4530 1678 4591 servasset

263 4641 368 4747 quod
396 4670 464 4747 per
491 4672 668 4750 magnum
701 4645 919 4752 Magistrum
952 4674 1037 4722 cum
1069 4649 1255 4723 conventu
1288 4645 1504 4722 ordinatum
1527 4643 1676 4722 fuisset.

264 4769 430 4848 Grandia
449 4773 637 4863 scandala,
659 4775 820 4881 suspicio
845 4792 882 4853 et
905 4775 1055 4853 infamia
1079 4792 1205 4853 contra
1228 4773 1400 4851 ordinem
1421 4789 1509 4852 sunt
1533 4790 1677 4862 exorta,

373 4908 482 4970 esoces
504 4929 556 4971 oxa
576 4930 747 4974 ravennas.
764 4946 806 4959 -
820 4932 853 4973 u.
1496 4912 1531 4973 ¹5
