4230 5956
666 256 670 262 -
743 216 799 299 tt..

625 487 820 580 Pnoots
846 506 942 580 ors
967 470 1272 582 reuertens.
1638 525 1660 594 9

238 647 353 737 dinis,
372 663 410 723 et
426 674 465 724 se
488 645 661 724 dubitare
679 648 784 756 quod
804 648 902 725 male
917 649 970 728 eis
987 667 1143 757 propter
1162 651 1341 757 premissa
1356 655 1606 764 contingeret,
1625 678 1664 736 et

236 779 309 856 hoc
326 779 477 857 dicebat
496 780 585 888 quia
602 780 780 858 credebat
796 799 833 858 et
850 782 970 859 credit
990 781 1095 888 quod
1109 801 1264 890 propter
1275 785 1475 892 premissas
1493 788 1663 867 clandes-

235 910 444 989 tinaciones
473 911 660 988 seculares
687 911 873 990 haberent
904 913 1156 1019 suspicionem
1187 932 1313 993 contra
1331 943 1418 994 eos.
1447 919 1663 1026 Requisitus

237 1070 333 1147 quos
352 1042 494 1118 viderat
514 1041 554 1117 in
575 1042 708 1119 ordine
728 1042 864 1150 recipi,
887 1043 1083 1151 respondit
1100 1072 1139 1120 se
1160 1048 1463 1137 nonrecordari,
1486 1067 1524 1126 et
1544 1051 1664 1128 credit

238 1172 344 1279 quod
372 1201 505 1251 omnes
536 1174 611 1251 sint
637 1175 801 1266 mortui;
827 1175 895 1251 sed
923 1176 962 1251 in
988 1175 1148 1283 Rupella
1177 1195 1266 1255 sunt
1294 1180 1388 1256 circa
1417 1207 1462 1258 xv
1481 1181 1568 1270 vivi,
1596 1184 1662 1290 qui

238 1302 393 1382 suerunt
427 1305 566 1412 recepti
594 1305 813 1383 auctoritate
845 1306 1011 1414 magistri
1037 1308 1229 1396 Pictavie:
1255 1327 1293 1386 et
1325 1311 1373 1388 de
1402 1311 1579 1391 mandato
1607 1314 1664 1421 ip-

238 1435 317 1512 sius
331 1437 514 1543 magistri,
534 1438 613 1544 ipse
630 1438 736 1516 testis
754 1438 958 1545 recipiebat
977 1467 1041 1517 eos
1059 1439 1108 1515 ad
1127 1438 1310 1518 beneficia
1321 1442 1481 1532 ordinis,
1500 1460 1537 1520 et
1550 1472 1666 1522 reser-

238 1566 347 1644 vabat
375 1568 454 1675 ipse
473 1568 580 1647 testis
600 1568 846 1647 inducionem
866 1598 1000 1648 eorum
1021 1570 1122 1647 dicto
1142 1572 1337 1678 magistro,
1360 1591 1398 1651 et
1416 1576 1662 1680 postmodum

240 1699 321 1804 ipso
340 1716 435 1776 teste
454 1699 626 1793 absente,
644 1701 902 1779 induebantur
922 1730 991 1808 per
1007 1689 1132 1808 ipsum
1152 1703 1389 1811 magistrum,
1408 1706 1466 1783 vel
1485 1736 1553 1812 per
1573 1705 1666 1783 alios

239 1829 379 1936 quibus
406 1831 485 1937 ipse
506 1831 682 1938 magister
707 1831 968 1909 committebat
989 1861 1102 1937 super
1127 1832 1201 1910 hoc
1221 1834 1319 1910 vices
1347 1863 1446 1920 suas,
1475 1837 1564 1942 quia
1589 1864 1665 1913 non

240 1963 396 2049 curabat
415 1961 494 2069 ipse
508 1963 614 2041 testis
635 1991 700 2040 eos
714 1962 873 2041 induere
895 1992 964 2040 nec
984 1963 1137 2068 quando
1159 1963 1416 2040 induebantur
1436 1966 1577 2041 adesse.
1599 1968 1668 2042 Re-

211 2160 214 2166 .
241 2096 404 2200 quisitus
424 2122 538 2199 quare
560 2122 638 2170 non
656 2095 810 2169 curabat
830 2121 895 2169 eos
914 2093 1074 2167 induere
1097 2119 1166 2166 nec
1186 2093 1367 2170 interesse
1382 2094 1668 2198 recepcionibus

243 2239 376 2301 eor'um
398 2223 455 2299 vel
476 2222 654 2312 aliorum,
676 2223 873 2326 respondit
894 2221 1000 2325 quod
1020 2239 1175 2326 propter
1195 2222 1447 2327 suspicionem
1470 2226 1584 2331 duam
1603 2229 1668 2304 ha-

241 2356 357 2433 bebat
376 2353 481 2460 quod
501 2352 610 2428 fieret
624 2351 769 2457 spuicio
787 2350 1011 2456 supradicta.
1024 2352 1249 2457 ‚Requisitus
1266 2353 1295 2429 si
1317 2371 1396 2430 erat
1406 2354 1548 2462 aliquis
1561 2386 1669 2466 supe·

244 2489 321 2565 rior
337 2514 381 2562 eo
403 2485 468 2591 qui
486 2484 633 2560 adesset
651 2481 938 2588 receptionibus
953 2481 1110 2560 illorum
1128 2512 1222 2589 quos
1238 2485 1316 2590 ipse
1338 2488 1481 2593 recepit
1496 2506 1533 2565 et
1552 2491 1668 2599 recipi

244 2616 451 2703 mandavit,
477 2613 676 2721 respondit
699 2612 808 2722 quod
833 2642 922 2692 non.
946 2614 1162 2721 Requisitus
1186 2615 1216 2691 si
1249 2615 1369 2694 credit
1399 2619 1504 2724 quod
1533 2619 1669 2728 aliquis

245 2749 398 2827 illorum
420 2747 485 2856 qui
505 2746 712 2825 adsuerunt
737 2747 1022 2853 recepcionibus
1043 2746 1197 2824 illorum
1224 2777 1320 2855 quos
1339 2748 1418 2854 ipse
1443 2752 1584 2856 recepit
1610 2752 1669 2829 vel

244 2882 362 2989 recipi
378 2880 584 2973 mandavit,
603 2880 814 2988 preceperit
830 2880 939 2960 dictis
958 2879 1118 2985 receptis
1129 2879 1235 2987 quod
1250 2878 1416 2957 facerent
1431 2882 1576 2989 aliquid
1593 2881 1669 2959 illi-

246 3015 381 3100 citum,
404 3012 601 3120 respondit
618 3040 657 3089 se
674 3014 827 3089 credere
847 3013 953 3119 quod
972 3040 1074 3104 non,
1095 3010 1163 3088 sed
1183 3010 1303 3088 credit
1323 3012 1427 3119 quod
1449 3012 1506 3089 illi
1525 3014 1592 3121 qui
1613 3042 1672 3090 re-

247 3144 437 3252 cipiebant
451 3143 544 3221 alios
565 3171 660 3249 quos
681 3144 760 3248 ipse
781 3143 875 3220 vidit
891 3143 1025 3249 recipi,
1050 3141 1108 3219 vel
1131 3141 1247 3249 aliqui
1269 3171 1314 3219 ex
1339 3144 1561 3232 astantibus,
1586 3161 1671 3250 post

245 3305 434 3354 recessum
451 3275 548 3382 ejus,
561 3292 812 3382 preceperunt
827 3276 881 3351 eis
895 3274 1001 3381 quod
1014 3291 1209 3381 spuerent,
1229 3291 1266 3351 et
1279 3275 1384 3383 quod
1398 3275 1469 3381 ipsi
1484 3275 1673 3381 spuissent

246 3410 286 3485 in
313 3409 451 3486 dictam
475 3436 625 3486 crucem
642 3407 701 3485 vel
718 3436 835 3514 prope
858 3436 952 3484 eam.
974 3406 1191 3513 Requisitus
1211 3406 1241 3484 si
1266 3406 1335 3483 scit
1349 3406 1407 3483 vel
1428 3406 1548 3483 credit
1568 3408 1673 3514 quod

248 3541 346 3618 dicta
368 3541 514 3649 spuicio
541 3537 650 3617 fieret
676 3569 719 3617 ex
737 3539 887 3645 punctis
911 3539 1054 3617 ordinis
1080 3538 1139 3615 vel
1165 3566 1209 3615 ex
1232 3555 1412 3645 precepto
1433 3519 1672 3645 superiorum

247 3672 411 3765 ordinis,
430 3671 627 3779 respondit
645 3700 684 3748 se
706 3672 850 3751 nescire
872 3671 975 3749 unde
1000 3687 1127 3748 ortum
1146 3670 1296 3762 habuit,
1319 3697 1388 3748 nec
1407 3700 1427 3747 a
1445 3670 1584 3777 quibus
1603 3699 1674 3748 nec

247 3805 424 3910 quando,
442 3834 512 3882 nec
533 3803 654 3881 credit
673 3803 778 3910 quod
800 3805 873 3881 hoc
892 3803 1002 3881 fieret
1019 3803 1223 3911 expunctis
1236 3802 1381 3880 ordinis
1399 3831 1469 3880 nec
1487 3832 1531 3880 ex
1545 3801 1676 3908 regula

248 3965 398 4026 eorum,
422 3937 489 4015 sed
508 3936 614 4043 quod
636 3935 760 4013 dictus
784 3964 889 4014 error
912 3933 1029 4012 fuerit
1046 3934 1286 4015 introductus
1312 3934 1359 4010 ab
1380 3932 1568 4037 aliquibus
1592 3957 1675 4036 per-

246 4070 360 4145 versis
376 4069 423 4146 de
440 4066 700 4176 superioribus
715 4051 871 4146 ordinis.¹
886 4065 1100 4173 Requisitus
1120 4065 1150 4141 si
1166 4065 1251 4151 scit,
1274 4063 1332 4138 vel
1352 4060 1495 4137 audivit
1510 4060 1600 4153 dici,
1615 4061 1675 4141 vel

249 4198 368 4273 credit
378 4198 483 4302 quod
498 4198 636 4304 aliquis
650 4198 746 4275 alius
762 4226 866 4275 error
875 4198 1019 4303 vigeret
1034 4196 1073 4269 in
1091 4192 1238 4281 ordine,
1257 4191 1454 4297 respondit
1467 4220 1506 4270 se
1521 4193 1675 4271 credere

248 4326 353 4434 quod
374 4354 470 4418 non,
491 4326 558 4403 sed
578 4326 690 4403 multi
711 4355 754 4403 ex
777 4327 830 4403 eis
850 4342 957 4401 erant
974 4322 1127 4429 superbi
1154 4339 1193 4398 et
1212 4320 1305 4399 alios
1325 4324 1597 4429 opprimentes,
1617 4351 1676 4401 ‘ex-

248 4458 436 4536 torsiones
458 4456 505 4534 ab
531 4456 585 4535 eis
606 4455 807 4549 facientes,
824 4485 891 4563 per
915 4454 1078 4532 abusum
1098 4453 1310 4543 litterarum
1330 4454 1620 4560 apostolicarum
1639 4473 1677 4532 et

248 4590 330 4666 aliis
356 4589 492 4667 modis.
524 4587 742 4695 Requisitus
767 4587 797 4665 si
825 4588 895 4664 scit
919 4584 978 4664 vel
998 4586 1117 4665 credit
1143 4587 1247 4693 quod
1268 4586 1483 4664 comuniter
1509 4585 1677 4693 precipe-

248 4739 354 4799 retur
374 4721 413 4797 in
430 4720 563 4798 ordine
582 4718 690 4828 quod
703 4716 812 4798 fieret
826 4717 974 4827 spuicio
987 4716 1233 4826 supradicta,
1250 4717 1447 4824 respondit
1462 4746 1501 4795 se
1517 4717 1674 4808 nescire,

250 4883 320 4939 nec
341 4852 518 4931 credebat
541 4853 647 4960 quod
674 4852 927 4931 communiter
946 4852 985 4928 in
1006 4850 1108 4928 dicto
1128 4849 1263 4927 ordine
1289 4847 1399 4928 fieret
1418 4878 1490 4927 nec
1509 4851 1677 4956 precipe-

336 5009 439 5074 roccis
459 5031 514 5073 ors
535 5029 706 5073 reuertens.
719 5045 761 5057 -
774 5032 805 5071 ιι.
1509 5026 1525 5068 a
