4230 5956
470 446 543 519 sua
852 424 1046 519 eneces
1072 444 1167 514 uus
1192 444 1494 516 teupernus.

467 587 699 673 mulieribus,
721 587 854 674 immo,
875 585 905 662 si
926 586 1024 662 calor
1043 583 1218 662 naturalis
1236 602 1401 663 moveret
1415 612 1524 673 eum,
1545 588 1651 692 quod
1670 591 1880 668 commisce·

468 736 525 797 ret
544 747 583 795 se
601 715 870 795 cumfratribus
885 716 978 804 suis,
1000 732 1037 792 et
1056 715 1129 792 hoc
1147 714 1248 793 idem
1262 714 1308 791 de
1321 714 1402 793 eliis
1416 732 1614 820 pateretur.
1630 718 1879 825 Interrogatus

470 864 597 935 utrum
612 847 664 934 vi,
686 846 743 923 vel
763 861 868 922 metu
889 846 1044 922 carceris
1064 860 1126 922 aut
1145 861 1433 935 tormentorum,
1460 844 1623 950 aliquam
1640 846 1771 925 dixerit
1782 848 1881 926 falsi·

467 994 579 1055 tetem
597 976 652 1052 vel
667 975 956 1051 immiscueritin
973 973 1212 1080 deposicione
1226 1002 1307 1061 sue,
1324 974 1493 1080 dixitper
1503 975 1755 1081 juramentum
1768 1005 1877 1055 suum

468 1105 572 1213 quod
591 1131 681 1191 non;
703 1103 819 1179 immo
840 1102 930 1179 dixit
946 1130 1079 1207 puram
1099 1119 1138 1178 et
1156 1130 1294 1181 meram
1314 1103 1516 1181 veritatem.

525 1366 618 1440 ltem
640 1361 753 1439 frater
782 1358 951 1437 Galterus
976 1360 1023 1437 de
1049 1359 1223 1448 Bailteut,
1249 1362 1356 1438 etatis
1384 1363 1569 1468 sexaginta
1597 1389 1797 1450 annorum,
1819 1363 1882 1468 ju·

468 1510 569 1571 retus
588 1492 723 1568 eodem
745 1489 860 1567 modo
880 1490 927 1565 de
947 1518 986 1567 se
1015 1507 1053 1568 ct
1068 1489 1150 1567 aliis
1168 1490 1208 1567 in
1227 1519 1335 1567 censa
1354 1488 1444 1567 fidei
1465 1491 1589 1567 dicere
1608 1491 1820 1579 veritatem,
1846 1509 1883 1567 et

470 1622 717 1726 interrogatus
736 1618 784 1694 de
799 1637 966 1724 tempore
986 1637 1024 1696 et
1039 1621 1152 1697 modo
1168 1647 1235 1696 sue
1250 1619 1492 1724 recepcionis,
1513 1620 1606 1697 dixit
1620 1648 1687 1725 per
1695 1620 1882 1726 juramen-

468 1766 549 1826 tum
565 1778 674 1827 suum
689 1749 792 1852 quod
813 1747 883 1824 tuit
901 1766 1070 1853 receptus
1088 1749 1188 1853 apud
1207 1750 1374 1829 Mentem
1396 1748 1622 1837 suessionis,
1644 1777 1712 1854 per
1731 1747 1880 1826 fratrem

470 1878 702 1985 Amulphum
721 1878 770 1954 de
792 1878 1010 1966 Wisemale,
1030 1878 1157 1983 viginti
1179 1894 1336 1982 quatuor
1359 1876 1445 1953 enni
1464 1893 1551 1953 suut
1574 1876 1707 1981 elapsi,
1729 1905 1881 1979 presen-

469 2008 570 2085 tibus
586 2005 699 2084 fratre
714 2007 907 2083 Thierrico
929 2006 976 2083 de
997 2006 1214 2086 Vaubcllain
1234 2023 1272 2083 et
1293 2005 1404 2082 [reue
1423 2003 1616 2109 Arnulpho
1637 2004 1684 2081 de
1703 2003 1798 2084 Ville
1819 2008 1880 2083 Sa-

470 2136 559 2225 voir,
572 2153 610 2212 et
623 2135 847 2240 quibusdam
860 2135 940 2212 aliis
951 2135 998 2211 de
1014 2164 1176 2241 quorum
1190 2133 1407 2213 nominibus
1417 2160 1492 2209 non
1502 2132 1643 2211 recolit.
1654 2134 1754 2211 Dixit
1768 2135 1883 2211 eciam

470 2292 537 2369 per
543 2264 799 2370 juramentum
817 2291 925 2339 suum
946 2264 1066 2368 quod,
1081 2282 1166 2368 post
1175 2262 1308 2339 multas
1320 2261 1583 2367 promissiones
1596 2260 1708 2340 factas
1717 2261 1764 2338 ab
1775 2290 1821 2340 eo
1835 2264 1883 2339 de

470 2391 614 2471 statutis
643 2407 680 2466 et
699 2390 848 2466 secretis
869 2389 956 2467 dicti
975 2391 1117 2467 ordinis
1140 2390 1394 2479 observandis,
1416 2390 1537 2467 dictus
1557 2390 1738 2496 recipiens
1757 2409 1882 2469 osten-

472 2520 528 2599 dit
542 2520 614 2597 sibi
628 2518 827 2625 quamdam
841 2545 989 2595 crucem
1001 2517 1164 2625 ligneam
1174 2519 1213 2595 iu
1222 2547 1295 2624 qua
1306 2536 1385 2595 erat
1396 2546 1530 2628 ymngo
1541 2520 1560 2595 J
1564 2520 1655 2597 besu
1669 2520 1823 2609 Christi,
1845 2538 1884 2598 ct

469 2648 634 2755 precepit
652 2647 723 2723 sibi
744 2648 865 2723 dictus
884 2647 1066 2753 recipiens
1080 2647 1185 2754 quod
1204 2648 1403 2753 abnegaret
1416 2647 1602 2726 Christum
1627 2649 1732 2754 cujus
1750 2677 1882 2755 ymago

471 2796 549 2856 erat
568 2778 639 2866 ibi,
671 2793 708 2853 et
730 2777 833 2883 quod
852 2795 1003 2882 spueret
1025 2805 1135 2882 supra
1160 2806 1326 2866 crucem,
1348 2776 1453 2884 quod
1473 2762 1550 2882 ipse
1570 2776 1658 2853 fecit
1683 2796 1750 2854 ter.
1772 2781 1884 2855 luter-

469 2924 618 3017 rogatus
638 2906 685 2983 de
710 2906 856 2995 osculo,
878 2906 971 2983 dixit
988 2934 1056 3012 per
1071 2907 1326 3014 juramentum
1345 2934 1457 2985 suum
1475 2905 1578 3011 qnod
1602 2905 1792 2983 osculatus
1814 2906 1885 2983 fuit

471 3037 710 3141 recipientem
727 3037 765 3112 in
785 3035 966 3113 umbilico
985 3053 1023 3112 et
1042 3036 1081 3113 in
1098 3064 1176 3114 ore.
1192 3035 1293 3114 Dixit
1307 3037 1423 3113 eciam
1436 3062 1503 3140 per
1511 3035 1767 3142 jurameutum
1781 3037 1884 3140 quod

470 3183 686 3271 preceptum
701 3163 772 3240 suit
790 3194 811 3241 a
831 3165 932 3242 dicto
951 3166 1152 3271 recipiente
1172 3165 1276 3273 quod
1294 3165 1448 3242 omnino
1463 3163 1664 3243 abstineret
1678 3192 1699 3240 a
1714 3164 1884 3241 mulieri-

471 3292 556 3380 bus,
579 3293 663 3370 etsi
690 3292 789 3370 calor
809 3295 985 3371 naturalis
1007 3313 1172 3373 moveret
1200 3323 1304 3384 eum,
1325 3296 1429 3400 quod
1454 3292 1711 3371 commisceret
1734 3322 1774 3370 se
1798 3323 1883 3370 cum

473 3423 553 3500 aliis
566 3421 740 3499 fratribus
759 3422 850 3510 suis,
871 3441 909 3499 et
926 3424 998 3500 hoc
1010 3424 1113 3501 idem
1131 3425 1177 3501 de
1198 3424 1279 3502 aliis
1296 3439 1493 3528 pateretur.
1512 3421 1615 3498 Dixit
1632 3438 1757 3500 tamen
1782 3424 1885 3528 quod

472 3579 664 3658 uunquam
683 3551 786 3640 fecit,
808 3580 876 3629 nec
896 3554 967 3630 tuit
986 3556 1196 3660 requisitus.
1216 3555 1466 3659 Interrogatus
1485 3568 1613 3628 utrum
1633 3553 1684 3641 vi,
1706 3552 1764 3629 vel
1781 3570 1883 3629 metu

473 3683 628 3760 carceris
641 3700 705 3759 aut
722 3699 1015 3774 tonncntorunr,
1032 3685 1193 3790 aliquant
1213 3683 1345 3760 dixerit
1357 3682 1550 3759 falsitatem
1565 3682 1623 3759 vel
1641 3682 1882 3759 immiscuerit

474 3813 511 3891 in
540 3811 777 3917 deposicione
802 3842 883 3900 sua,
911 3814 1002 3890 dixit
1026 3841 1093 3918 per
1112 3814 1367 3920 juramentum
1388 3840 1499 3889 suum
1522 3810 1625 3917 quod
1644 3839 1739 3898 non3
1767 3812 1883 3885 imino

474 3940 565 4016 dixit
579 3970 708 4045 puram
723 3942 923 4018 veritatem.

528 4199 620 4275 Item
639 4198 750 4276 frater
766 4200 972 4278 Richardus
986 4201 1187 4290 Lcobardi,
1210 4202 1315 4278 etatis
1329 4201 1480 4307 triginta
1498 4228 1680 4278 annorum
1697 4200 1755 4277 vel
1774 4201 1882 4287 circe,

474 4345 515 4405 nt
535 4328 644 4416 dixit,
661 4330 806 4436 juratus
826 4331 960 4408 eodem
980 4331 1095 4408 modo
1117 4332 1164 4409 de
1185 4360 1224 4408 sc
1240 4347 1278 4407 et
1296 4330 1377 4406 eliis
1391 4330 1430 4406 in
1451 4359 1558 4408 causa
1578 4331 1666 4407 fidei
1688 4328 1810 4407 dicere
1825 4359 1884 4407 ve-

472 4457 633 4547 ritatem,
654 4475 691 4535 et
710 4461 954 4563 interrogatus
976 4460 1023 4535 de
1050 4477 1218 4564 ternpore
1238 4478 1275 4537 et
1303 4460 1418 4537 modo
1439 4489 1505 4537 sue
1519 4461 1765 4567 recepcionis,
1794 4460 1884 4536 dixit

472 4614 539 4691 per
551 4587 806 4692 juramentum
824 4613 935 4663 suum
952 4587 1054 4692 quod
1077 4587 1148 4677 fuit
1169 4606 1341 4695 receptus
1361 4592 1459 4696 apud
1483 4590 1679 4669 Brcteville
1698 4590 1734 4667 la
1753 4587 1881 4673 Rabel,

472 4742 540 4818 per
556 4714 707 4793 fratrem
721 4716 906 4794 Andream
931 4714 980 4792 de
1002 4716 1251 4822 Sequeinvilie
1268 4737 1524 4825 preceptorem
1543 4719 1689 4799 baliirie
1704 4720 1884 4797 Normen·
