4230 5956
422 411 492 546 isi
803 450 1000 544 rnocts
1028 468 1123 540 nas
1149 467 1448 542 TEMPLIERS.

417 615 538 692 extitit
569 629 833 690 commoratus.
863 611 1143 716 Precipiebatur
1174 609 1228 685 eis
1256 608 1362 715 quod
1389 605 1652 685 deffenderent
1676 607 1775 685 bona
1803 625 1841 684 et
1889 694 1893 703 .

413 747 499 854 jura
519 744 663 823 ordinis
682 771 751 820 suo
772 771 892 848 posse.
920 744 1062 819 Eorum
1090 738 1265 847 capitulla
1285 740 1397 826 clam,
1418 737 1542 846 januis
1560 736 1714 825 clausis,
1736 757 1840 816 tene-

417 878 568 966 bantur,
588 874 798 980 .aliquando
826 874 874 949 de
900 891 1027 959 nocte,
1057 888 1100 948 ut
1127 871 1243 948 cicius
1263 887 1417 978 possent
1435 868 1611 946 recedere
1635 869 1674 946 in
1695 870 1838 948 eisdem

419 1007 590 1114 capitulis
606 1005 816 1082 existentes.
834 1004 1013 1082 Ordinato
1032 1031 1099 1110 per
1113 1001 1335 1109 Magistrum
1351 1032 1437 1080 cum
1456 1015 1643 1079 conventu
1662 1019 1841 1077 servasset

418 1155 521 1215 totus
541 1136 654 1226 ordo,
676 1151 807 1210 contra
824 1163 938 1239 quem
960 1161 1061 1210 nune
1075 1133 1230 1239 grandia
1249 1132 1437 1223 scaudala,
1454 1131 1618 1239 suspicio
1638 1146 1676 1207 et
1690 1130 1842 1223 infamia

418 1284 506 1344 sunt
531 1283 674 1355 eroum
701 1264 809 1372 cujus
834 1263 1012 1342 fratribus
1035 1263 1154 1341 credit
1173 1264 1279 1370 quod
1299 1281 1422 1340 esseut
1441 1280 1529 1340 nota
1545 1260 1747 1349 coufessata
1768 1291 1843 1366 per

421 1426 520 1475 eum.
542 1399 591 1473 Et
609 1397 752 1473 audivit
771 1396 1043 1505 dicimagnum
1064 1395 1282 1502 Magistrum
1297 1412 1342 1472 'et
1356 1393 1450 1473 alios
1472 1390 1730 1499 aliqualuisse
1755 1420 1843 1469 con·

419 1528 537 1606 fessos
561 1544 689 1603 contra
715 1527 859 1603 dictum
880 1526 1068 1616 ordinem,
1091 1526 1138 1602 ad
1157 1527 1265 1634 cujus
1285 1524 1558 1605 deffensionem
1579 1523 1838 1604 secbtulerat.

476 1658 693 1766 Requisitus
708 1659 737 1734 si
755 1658 806 1734 sic
821 1656 1187 1764 deposueratpreeq,
1203 1673 1392 1764 precepto,
1408 1656 1547 1735 timore
1554 1680 1717 1747 ,·amore,
1734 1654 1840 1742 odio,

420 1789 478 1865 vel
497 1787 697 1895 temporali
719 1788 881 1866 comodo
902 1787 1031 1866 habito
1050 1787 1108 1864 rel
1130 1787 1317 1875 babendo,
1335 1785 1533 1893 respondit
1545 1786 1650 1892 quod
1666 1813 1758 1875 non,
1775 1786 1841 1861 sed

422 1947 489 2024 pro
518 1919 669 1997 veritate
699 1918 876 2008 dicenda3
905 1918 964 1995 cui
992 1918 1065 1994 luit
1090 1918 1303 2026 injunctum
1328 1917 1432 2024 quod
1453 1943 1532 1994 non
1550 1914 1731 1993 revelaret
1748 1914 1843 1991 hanc

422 2078 527 2126 suam
549 2050 848 2157 deposicionem,
869 2074 1070 2156 quousque
1090 2047 1349 2127 attestaciones
1367 2045 1510 2124 fuerint
1528 2044 1727 2154 publieate.

480 2311 607 2385 Frater
620 2309 743 2415 Guigo
764 2310 811 2386 de
832 2312 963 2415 Ruppe
981 2310 1137 2386 Talbata
1158 2309 1356 2415 presbiter,
1371 2327 1568 2417 preceptor
1581 2312 1719 2388 domus
1733 2311 1844 2384 Tem-

422 2437 476 2544 pli
497 2438 546 2514 de
565 2437 712 2515 Drulha
732 2437 891 2515 diocesis
910 2438 1177 2529 Rutbenensis,
1193 2439 1300 2518 testis
1321 2468 1436 2547 snpra
1446 2441 1606 2549 juratru,
1627 2453 1711 2517 ω’
1729 2465 1844 2515 anno·

424 2596 508 2645 rum
531 2569 588 2645 vel
615 2567 729 2659 cirea,
759 2568 981 2647 mantellum
1010 2569 1217 2662 defferens,
1246 2598 1332 2649 eum
1354 2599 1432 2678 quo
1459 2571 1680 2679 inquisitum
1704 2569 1842 2658 luerat,

424 2698 618 2776 absolutus
644 2690 690 2775 et'
708 2698 970 2776 reconciliatus
993 2728 1060 2806 per
1085 2700 1284 2778 dominum
1304 2700 1524 2808 episcopum
1544 2702 1840 2788 Rutbeneusem,

424 2829 531 2907 lectis
553 2847 590 2905 et
615 2830 815 2959 diligenter
833 2831 1010 2936 expositis
1032 2831 1105 2909 sibi
1127 2832 1304 2910 omnibus
1328 2849 1367 2910 et
1390 2831 1546 2941 singulis
1575 2831 1760 2919 articulis,
1776 2858 1845 2906 re-

426 2959 578 3064 spondit
597 2989 636 3036 se
657 2961 817 3048 nescire,
848 2988 917 3037 uec
943 2963 1115 3050 credere,
1138 2991 1208 3040 nec
1234 2963 1418 3041 audivisse
1438 2962 1512 3040 diei
1532 2961 1580 3041 de
1600 2961 1787 3040 contentis
1806 2961 1845 3036 in

426 3088 480 3163 eis
499 3088 570 3163 nisi
590 3090 696 3196 quod
715 3091 895 3196 sequitur.
917 3093 1019 3170 Dixit
1038 3094 1139 3170 enim
1164 3123 1203 3172 se
1230 3093 1344 3172 luisse
1365 3110 1559 3202 receptum
1585 3092 1681 3170 cirea
1705 3091 1846 3168 instans

425 3216 562 3292 festum
591 3217 689 3294 beati
715 3220 872 3297 Dionisii
902 3240 1013 3299 erunt
1039 3251 1059 3300 x
1088 3226 1174 3301 anni
1203 3225 1240 3301 in
1268 3224 1409 3332 capella
1427 3226 1566 3304 domus
1588 3222 1743 3330 Templi
1759 3221 1846 3298 Ani—

426 3346 577 3436 ciensis,
600 3375 668 3453 per
687 3347 839 3426 fratrem
853 3352 1066 3459 Guigonem
1083 3355 1258 3432 Ademari
1277 3356 1437 3433 militem
1457 3356 1666 3463 quondam,
1694 3381 1846 3461 presen-

425 3475 529 3552 tibus
547 3476 724 3555 lratribus
743 3481 934 3559 Bernardo
952 3485 1076 3561 Usclas
1092 3487 1312 3592 presbitero,
1334 3485 1543 3565 Guillelmo
1562 3500 1781 3591 preceptore
1799 3483 1845 3561 de

427 3607 587 3699 Bocelis,
610 3609 817 3689 Guillelmo
838 3613 886 3691 de
906 3616 1038 3693 Castro
1058 3619 1177 3710 Novo,
1199 3636 1457 3696 commorante
1477 3618 1515 3694 in
1536 3617 1633 3694 dieta
1653 3616 1788 3704 domo,
1810 3632 1847 3692 et

426 3739 594 3817 lohanne
625 3740 868 3820 l’Alvemhatz
896 3746 1163 3838 servientibus,
1188 3749 1236 3825 de
1264 3777 1426 3855 quorum
1447 3749 1520 3825 vita
1545 3747 1603 3825 vel
1629 3764 1750 3825 morte
1769 3775 1846 3823 non

427 3870 540 3948 babet
567 3871 853 3960 certitudinem,
882 3876 921 3952 in
950 3878 1051 3953 hunc
1074 3879 1256 3955 modum:
1277 3907 1364 3956 nam
1384 3879 1610 3957 concordate
1630 3900 1716 3956 cum
1737 3877 1846 3954 dictis

427 4000 601 4087 fratribus
615 4031 683 4109 per
697 4004 839 4081 dictum
856 4023 1089 4112 receptorem
1103 4008 1207 4114 quod
1224 4039 1311 4086 eum
1330 4010 1555 4117 reciperent,
1573 4009 1661 4086 lecit
1681 4036 1768 4084 eum
1785 4036 1847 4083 vo-

428 4157 511 4205 vere
530 4150 569 4207 et
584 4135 710 4238 jurare
732 4137 953 4228 castitatem,
972 4139 1230 4217 obedienciam
1242 4203 1251 4231 ,
1263 4157 1301 4218 et
1313 4137 1436 4218 vivere
1453 4141 1534 4217 sine
1546 4139 1848 4246 proprio,etim·

426 4261 553 4363 posuit
577 4263 609 4337 ei
637 4268 875 4358 mantellum,
904 4270 942 4346 in
970 4271 1124 4348 nomine
1150 4272 1268 4348 Patris
1294 4289 1331 4348 et
1352 4271 1439 4348 Filii
1463 4289 1501 4348 et
1520 4271 1683 4378 Spiritus
1702 4270 1845 4359 Sancti,

427 4391 528 4470 dicto
544 4395 754 4500 presbitero
771 4399 919 4477 dicente
936 4403 1124 4507 psalmum
1139 4402 1305 4480 Ecclesia
1325 4403 1437 4496 Quom
1455 4405 1592 4493 bonam,
1614 4420 1652 4478 et
1667 4401 1845 4509 quasdam

426 4526 636 4616 oraciones,
659 4545 696 4604 et
716 4548 934 4634 aspergente
955 4559 1088 4636 aquam
1111 4532 1350 4611 benedictam
1370 4563 1478 4640 supra
1502 4536 1645 4640 ipsum;
1668 4550 1706 4611 et
1726 4533 1847 4621 dictus

427 4671 597 4757 receptor
617 4674 654 4731 et
674 4672 836 4734 astantes
852 4657 1008 4736 fuerant
1022 4688 1109 4736 eum
1132 4663 1287 4740 osculati
1308 4664 1347 4739 in
1368 4693 1447 4742 ore.
1462 4666 1612 4743 Deinde
1633 4664 1741 4742 allata
1757 4692 1847 4770 qua-

426 4778 513 4896 dam
536 4812 644 4859 cruce
666 4784 766 4872 alba,
790 4790 907 4863 nescit
927 4789 956 4863 si
979 4788 1168 4866 metallina
1191 4793 1248 4868 vel
1267 4793 1391 4897 lignea
1406 4795 1463 4872 uel
1488 4796 1538 4872 de
1555 4823 1691 4902 panno,
1715 4795 1752 4871 in
1771 4821 1845 4899 qua
