4230 5956
455 473 529 549 ιιι
840 455 1036 546 ruocus
1060 471 1156 545 oss
1180 471 1477 545 ruurmmts

454 617 493 692 in
508 643 584 722 qua
601 632 678 691 erat
691 638 822 721 ymago
841 613 976 692 Jhesus
992 610 1174 702 crucifixi,
1189 612 1254 719 qui
1271 612 1363 689 dixit
1378 613 1413 689 ei
1431 609 1536 718 quod
1547 610 1746 720 abnegaret
1760 614 1868 693 illum

453 745 560 853 cuius
579 760 656 821 erat
673 770 822 850 ymago,
841 761 878 820 et
889 744 930 818 in
951 741 1128 848 despectu
1142 741 1242 819 illius
1261 759 1412 847 spueret
1424 758 1484 818 ter
1502 770 1612 848 supra
1624 770 1770 822 crucem
1782 775 1791 819 :
1803 748 1867 850 qui

452 874 648 982 abnegavit
667 873 785 949 semel
808 900 890 959 ore,
913 873 1075 974 sednon
1096 871 1225 960 corde,
1246 889 1282 947 et
1301 872 1403 976 spuit
1420 888 1478 949 ter
1495 899 1606 977 supra
1625 901 1784 950 crucem.

507 1005 600 1081 Item
617 1003 830 1108 recognovit
851 1002 955 1107 quod
979 1001 1076 1078 vovit
1103 1001 1291 1078 continere
1316 1029 1337 1076 a
1359 1000 1599 1091 mulieribus3·
1617 1001 1685 1078 sed
1706 1006 1869 1109 precepit

451 1134 577 1215 dictus
592 1132 774 1238 recipiens
788 1159 856 1208 seu
875 1131 1126 1207 thesaurarius
1140 1130 1260 1236 quod,
1276 1131 1306 1207 si
1318 1146 1563 1235 temptaretur
1582 1131 1784 1219 carnaliter,
1803 1162 1870 1237 po

451 1270 548 1341 terat
565 1260 797 1339 commisceri
816 1289 901 1337 cum
921 1260 1099 1338 fratribus
1118 1260 1207 1337 dicti
1226 1261 1385 1352 ordinis,
1408 1277 1446 1337 et
1465 1259 1640 1338 exhibere
1660 1290 1699 1338 se
1719 1261 1817 1350 aliis,
1838 1265 1868 1339 si

451 1420 564 1499 super
584 1393 655 1469 hoc
672 1391 928 1496 requireretur
942 1390 989 1467 ab
1004 1390 1145 1468 eisdem
1162 1422 1172 1467 t
1190 1418 1379 1496 nunquam
1398 1407 1524 1468 tamen
1542 1391 1615 1469 hoc
1633 1391 1705 1468 sibi
1725 1392 1867 1469 accidit.

450 1522 716 1628 ordinisquod
731 1521 919 1598 osculatus
935 1520 1007 1598 fuit
1022 1521 1165 1597 dictum
1178 1520 1420 1627 recipientem
1435 1522 1556 1626 primo
1571 1521 1611 1596 iu
1623 1547 1705 1610 ore,
1722 1540 1864 1627 postea,

451 1650 620 1729 revoluto
641 1651 922 1757 supertunicali,
943 1652 982 1726 in
1002 1651 1180 1729 umbilico
1199 1679 1311 1757 super
1325 1650 1619 1756 tunicamipsins
1633 1651 1865 1728 thesaurarii.

450 1782 497 1859 Et
515 1780 608 1858 dixit
627 1782 730 1888 quod
744 1810 787 1858 ea
801 1809 875 1888 que
892 1780 1066 1885 deposuit
1077 1799 1164 1859 sunt
1176 1810 1278 1869 vera,
1293 1808 1363 1858 nec
1380 1796 1533 1888 propter
1546 1798 1688 1859 metum
1704 1780 1866 1888 aliquem

450 1911 595 1989 velulis
614 1911 661 1990 de
681 1939 789 1989 causa
810 1910 998 2017 deposuit,
1016 1913 1084 1988 sed
1103 1939 1171 2017 pro
1191 1911 1450 1988 saluteauime
1469 1936 1548 1987 sue.

506 2173 599 2248 ltem
621 2169 734 2247 irater
757 2169 893 2248 Michel
917 2170 964 2246 de
984 2170 1086 2257 Fles,
1102 2170 1250 2275 juratus
1272 2186 1459 2276 utsupra,
1479 2171 1868 2278 etatisquinquaginta

407 2402 411 2413 .
452 2316 611 2406 quatuor
629 2327 811 2376 annorum
825 2299 882 2375 vel
902 2286 1059 2387 circiter,
1080 2316 1124 2375 ut
1137 2298 1300 2387 dicebat,
1320 2299 1523 2406 requisitus
1534 2330 1602 2406 per
1613 2300 1868 2406 juramentum

450 2456 561 2507 suum
571 2445 615 2524 pt
625 2457 752 2534 supra,
769 2428 973 2533 dicitquod
985 2427 1058 2505 luit
1076 2445 1251 2534 receptus
1263 2445 1350 2506 sunt
1362 2428 1489 2534 viginti
1503 2430 1580 2507 duo
1593 2432 1680 2507 anni
1700 2430 1737 2507 in
1752 2431 1867 2508 domo

452 2560 500 2638 dc
525 2561 691 2667 Druerya
716 2559 976 2638 Ambianeusis
1002 2560 1175 2647 diocesis,
1207 2587 1275 2666 per
1299 2557 1451 2635 fratrem
1469 2558 1679 2637 Guiardum
1702 2561 1751 2638 de
1771 2561 1867 2639 Can·

450 2718 560 2800 noys,
587 2691 635 2769 de
658 2690 833 2768 mandato
852 2688 981 2768 fratris·
999 2689 1180 2767 lobannis
1199 2689 1246 2768 de
1267 2690 1400 2766 Turno
1421 2705 1513 2765 tunc
1531 2688 1868 2797 thesaurarii„pre·

449 2821 616 2900 sentibus
630 2820 805 2898 fratribus
819 2802 1020 2926 Radulpho
1042 2819 1143 2897 dicto
1158 2821 1322 2928 Moyses,
1344 2817 1546 2898 Guillslmo
1568 2819 1665 2896 dicto
1680 2802 1716 2897 le
1737 2822 1864 2929 Brycs,

449 2953 525 3058 qui
543 2951 664 3029 adhuc
682 2952 785 3040 vivit,
811 2967 854 3028 ut
878 2952 1013 3039 credit,
1044 2968 1082 3027 et
1099 2950 1270 3056 pluribus
1291 2949 1372 3028 aliis
1391 2949 1470 3056 jam
1489 2947 1691 3040 defunctis3
1718 2969 1756 3027 et
1779 2952 1867 3029 dicit

449 3079 570 3184 quod,
586 3098 668 3185 post
683 3080 817 3157 multas
835 3080 1102 3186 promissiones
1123 3080 1170 3158 de
1193 3079 1438 3158 observanciis
1458 3079 1548 3156 dicti
1567 3077 1727 3168 ordinis,
1748 3097 1786 3156 et
1806 3108 1866 3157 re-

450 3224 558 3313 cepto
578 3208 771 3298 mantello,
793 3209 980 3286 osculatus
1000 3208 1071 3285 tuit
1092 3209 1335 3316 recipientem
1356 3210 1479 3315 primo
1503 3209 1542 3285 in
1561 3236 1645 3298 ore,
1668 3208 1806 3287 deinde
1827 3211 1864 3285 in

451 3334 628 3413 umbilico
649 3336 752 3411 nudo
770 3353 805 3412 et
823 3364 897 3414 non
918 3335 1018 3412 alibi.

506 3444 599 3543 Item
619 3482 782 3570 aportata
806 3465 877 3541 luit
900 3466 953 3543 ibi
969 3467 1131 3571 quedam
1148 3495 1251 3553 crux,
1273 3467 1338 3542 sed
1364 3494 1441 3543 non
1468 3468 1601 3545 recolit
1619 3486 1746 3545 utrum
1773 3489 1866 3547 esset

450 3594 502 3671 ibi
520 3593 644 3700 aliqua
667 3623 800 3701 ymago
819 3596 877 3672 vel
898 3624 990 3686 non,
1014 3613 1051 3672 et
1070 3595 1158 3672 secit
1176 3624 1264 3672 eum
1288 3596 1468 3703 abnegare
1484 3625 1634 3674 crucem
1643 3615 1706 3674 ter
1729 3614 1766 3673 et
1786 3628 1865 3674 cru·

449 3722 683 3813 cifixionem,
713 3742 750 3803 et
773 3754 906 3831 spuere
930 3744 988 3804 ter
1014 3756 1124 3832 supra
1151 3754 1233 3805 eam
1255 3756 1264 3802 t
1284 3756 1475 3835 nunquam
1501 3728 1645 3834 negavit
1669 3725 1797 3811 corde,
1825 3746 1865 3802 ut

450 3855 549 3933 dicit.

505 3987 597 4063 Item
624 3987 841 4093 recognovit
860 3988 964 4093 quod
986 3988 1084 4065 vovit
1108 3989 1295 4065 continere
1320 4017 1340 4065 a
1363 3988 1597 4066 mulieribus.
1627 3988 1715 4066 Fuit
1742 4006 1864 4065 tamen

450 4114 573 4192 eidem
593 4117 734 4194 dictum
754 4119 857 4225 quod
876 4118 906 4194 si
931 4117 1027 4195 sorte
1048 4135 1259 4196 moveretur
1277 4119 1482 4207 carnaliter,
1505 4119 1608 4226 quod
1628 4119 1770 4196 licitum
1788 4137 1865 4196 erat

450 4246 485 4323 ei
505 4246 737 4324 commisceri
758 4276 843 4325 cum
862 4247 1037 4327 hatrihus
1058 4249 1147 4325 dicti
1167 4248 1322 4327 ordinis.
1340 4248 1554 4355 Requisitus
1569 4250 1616 4326 de
1631 4248 1757 4357 ydola,
1776 4249 1864 4326 dicit

448 4375 553 4482 quod
576 4376 691 4454 nichil
710 4379 788 4455 scit.
809 4379 908 4456 Dicit
933 4380 1049 4456 eciam
1071 4380 1176 4484 quod
1202 4406 1244 4455 ea
1264 4405 1338 4483 que
1365 4379 1540 4483 deposuit
1563 4407 1644 4455 vera
1671 4397 1773 4467 sunt,
1796 4406 1864 4455 noc

448 4524 601 4613 propter
617 4507 740 4617 aliqua
756 4525 957 4596 tormenta,
976 4536 1044 4583 nec
1059 4507 1129 4583 alia
1147 4508 1193 4585 de
1211 4537 1318 4586 causa
1335 4507 1508 4613 deposuit
1523 4538 1566 4586 ea
1578 4537 1652 4615 que
1671 4508 1861 4613 deposuit,

451 4636 517 4711 sed
526 4666 594 4743 pro
609 4639 727 4718 salute
743 4639 863 4716 anime
874 4666 953 4714 sue.
968 4638 1208 4716 Presentibus
1222 4638 1381 4716 testibus
1396 4638 1614 4745 supradictis
1624 4667 1666 4715 ac
1680 4638 1862 4744 religiosis

451 4763 537 4842 viris
548 4765 722 4845 fratribus
736 4768 934 4846 Lamberto
950 4767 997 4842 de
1011 4767 1159 4855 Merdo,
1177 4767 1332 4846 -Nicolao
1348 4768 1396 4845 da
1409 4768 1510 4846 Sicca
1523 4768 1633 4855 Villa,
1648 4766 1798 4847 Matheo
1814 4765 1860 4840 de
