4230 5956
447 466 521 537 sas
833 442 1028 536 reeens
1053 460 1150 533 ors
1180 459 1478 533 rnurums.

445 603 545 681 dinis
565 604 669 710 quod
690 603 770 707 ipse
790 604 862 677 iret
881 604 928 677 ad
948 602 1080 678 fratres
1098 629 1201 692 suos,
1225 619 1264 686 et
1281 601 1438 679 haberet
1457 628 1537 677 rem
1559 628 1644 677 cum
1662 601 1720 677 'eis
1738 619 1776 678 et
1796 601 1864 706 ipsi

445 761 590 822 secum,
612 761 725 838 quam
742 733 820 837 ipsc
836 731 973 808 laceret
993 730 1109 808 aliud.
1151 754 1156 761 ·

498 866 594 942 -Item
610 862 704 939 dixit
719 890 786 966 per
797 862 1054 968 juramentum
1073 861 1179 967 quod
1194 863 1246 949 vi,
1258 862 1316 937 vel
1330 878 1433 937 metu
1453 860 1608 936 carceris
1625 877 1688 936 aut
1705 878 1865 936 tormen-

444 1011 587 1079 torum,
610 1019 688 1069 non
709 989 801 1066 dixit
820 989 925 1066 aliud
944 1019 1059 1095 quam
1076 991 1287 1079 veritatem,
1308 991 1437 1067 necin
1456 989 1647 1096 premissis
1662 990 1865 1065 immiscuit

446 1124 609 1228 aliquam
628 1120 846 1207 salsitatem,
868 1138 932 1197 aut
948 1121 1129 1198 subticuit
1144 1122 1354 1209 veritatem,
1373 1137 1409 1197 et
1423 1120 1527 1226 quod
1537 1146 1668 1224 puram
1677 1120 1866 1196 veritatem

447 1251 540 1329 dixit
554 1277 624 1356 pro
642 1250 760 1326 salute
777 1252 900 1326 anime
919 1280 998 1328 suc.
1108 1294 1111 1307 ·

503 1514 597 1588 ltem
612 1540 727 1600 anno,
743 1511 949 1599 indicione,
968 1512 1208 1617 pontificatu,
1223 1538 1320 1587 auno
1335 1527 1373 1587 et
1387 1510 1448 1586 dic
1462 1509 1599 1615 quibus
1611 1536 1741 1613 supra,
1757 1509 1869 1583 frater

448 1643 582 1718 Petrus
599 1640 647 1718 de
656 1641 784 1720 Villari
798 1641 894 1729 Ade,
914 1641 1020 1717 etatis
1037 1641 1280 1748 quadraginta
1299 1641 1465 1744 quinque
1482 1665 1666 1715 annorum
1679 1637 1737 1712 vel
1753 1639 1864 1725 circa,

448 1788 645 1875 preceptor
664 1770 800 1847 domus
826 1771 872 1845 de
894 1771 1067 1848 Oratorio
1088 1799 1200 1875 super
1217 1769 1421 1856 damnem,
1444 1768 1579 1844 eodem
1600 1769 1716 1844 modo
1737 1770 1868 1844 consti·

447 1916 567 1988 tutus,
581 1901 730 2008 juratus
749 1918 787 1977 et
803 1902 1066 2006 interrogatus,
1089 1900 1182 1976 dixit
1199 1926 1267 2004 per
1281 1899 1538 2003 juramentum
1554 1925 1667 1973 suum
1680 1898 1785 2001 quod
1797 1898 1869 1974 luit

448 2047 621 2135 receptus
634 2031 673 2106 in
686 2030 802 2107 domo
824 2031 872 2107 de
887 2030 1116 2136 Laignevilla
1133 2029 1173 2104 in
1187 2028 1415 2110 Belvacinio,
1431 2052 1499 2132 per
1509 2025 1661 2103 fratrem
1673 2026 1866 2103 Nicolaum

448 2176 707 2264 preceptorem
726 2160 775 2236 de
788 2161 1000 2265 Latigniaco
1016 2161 1138 2250 Sicco,
1161 2158 1397 2235 demandato
1415 2156 1580 2234 defuncti
1595 2155 1718 2232 fratris
1731 2157 1869 2233 loban-

449 2290 510 2364 nis
524 2289 573 2365 de
587 2289 734 2375 Turno,
752 2288 848 2366 benc
861 2306 950 2366 sunt
961 2289 1089 2395 viginti
1108 2289 1185 2366 duo
1200 2289 1285 2365 anni
1305 2288 1418 2394 elapsi
1432 2287 1490 2363 vel
1506 2289 1618 2376 eirca,
1634 2287 1868 2391 presentibus

450 2417 561 2494 batte
572 2417 733 2493 lobanni
753 2417 800 2493 de
814 2417 1038 2522 Laiguevilla
1051 2418 1278 2521 presbitero,
1297 2435 1333 2494 et
1346 2417 1427 2493 aliis
1441 2417 1529 2493 dicti
1546 2416 1689 2495 ordinis
1702 2417 1766 2521 qui
1782 2435 1867 2492 sunt

451 2547 603 2625 mortui.
1634 2573 1641 2581 ··

506 2679 601 2753 Item
625 2676 719 2751 dixit
737 2705 804 2781 per
819 2677 1077 2782 juramentum
1097 2704 1209 2752 suum
1226 2676 1347 2784 quod,
1367 2693 1452 2781 post
1466 2671 1725 2782 juramentum
1738 2676 1869 2780 presti-

450 2823 534 2883 tum
548 2824 585 2882 et
593 2807 881 2911 promissionem
894 2807 1027 2885 factam
1042 2806 1145 2911 abeo
1159 2807 1206 2883 de
1220 2807 1367 2884 statutis
1378 2823 1416 2882 et
1425 2807 1577 2883 secretis
1593 2804 1737 2882 ordinis
1747 2804 1870 2881 obser·

451 2936 594 3024 randis,
618 2938 800 3042 recipiens
825 2940 952 3043 posuit
978 2938 1048 3015 sibi
1074 2937 1294 3015 mantellum
1320 2937 1368 3013 ad
1388 2936 1546 3024 collum,
1566 2953 1773 3012 etostensa
1798 2933 1869 3011 sibi

452 3066 612 3168 quadam
628 3094 736 3141 cruce
749 3066 870 3170 lignea
885 3096 971 3143 cum
984 3066 1104 3172 effigie
1117 3068 1233 3144 lhesu
1248 3067 1404 3154 Christi,
1416 3067 1599 3171 recipiens
1613 3066 1781 3171 precepit
1798 3065 1868 3140 sibi

452 3191 556 3295 quod
570 3191 771 3300 abnegaret
783 3194 891 3271 illum
904 3198 969 3299 qui
982 3223 1112 3300 pessus
1122 3195 1242 3272 luerat
1252 3198 1290 3272 in
1301 3224 1359 3284 ea,
1374 3213 1412 3273 et
1423 3198 1501 3300 ipsc
1514 3198 1578 3302 qui
1587 3196 1756 3301 loquitur
1765 3223 1870 3270 recu-

453 3320 544 3396 savit
558 3320 630 3396 boc
640 3319 759 3396 facere
769 3338 859 3398 tunc
872 3352 881 3395 ι
894 3338 1048 3428 propter
1062 3324 1166 3427 quod
1176 3325 1358 3430 recipiens
1369 3322 1456 3401 lecit
1468 3354 1554 3401 cum
1571 3327 1661 3430 poni
1675 3326 1715 3400 in
1725 3352 1869 3400 carcerc

451 3476 520 3553 per
533 3464 649 3524 totam
670 3449 772 3525 illem
793 3451 893 3527 diem
914 3470 950 3528 et
969 3469 1118 3529 noctem
1132 3471 1369 3558 sequentem,
1392 3471 1430 3530 et
1450 3455 1512 3530 die
1532 3455 1690 3532 crastina
1711 3456 1788 3560 ipse
1805 3456 1867 3556 qui

452 3578 621 3685 loquitur
633 3596 813 3657 extractus
833 3582 880 3657 de
901 3609 1062 3668 carcere,
1078 3600 1233 3688 propter
1247 3601 1392 3661 metum
1410 3585 1498 3661 dicti
1516 3586 1686 3670 carceris,
1704 3586 1752 3659 de
1769 3612 1871 3659 man-

454 3708 541 3785 dato
561 3709 790 3814 recipientis,
813 3710 1008 3817 abnegavit
1028 3712 1134 3789 illum
1154 3715 1218 3820 qui
1238 3743 1368 3819 passus
1387 3714 1458 3791 luit
1485 3718 1523 3790 in
1549 3715 1644 3791 dicta
1665 3742 1774 3790 cruce
1795 3731 1869 3799 ter,

455 3855 492 3914 et
512 3866 598 3915 oum
619 3838 803 3944 recipiens
822 3842 1029 3945 preciperet
1047 3843 1118 3919 sibi
1139 3843 1244 3949 quod
1258 3861 1410 3949 spueret
1429 3872 1540 3950 supra
1560 3871 1708 3921 crucem
1729 3860 1765 3917 ct
1779 3844 1872 3918 ima-

454 3966 579 4072 ginem
606 3968 807 4082 predictas,
834 3970 912 4073 ipse
937 3969 1050 4046 finxit.
1067 3998 1106 4047 se
1132 3998 1265 4076 spuere
1293 4001 1402 4077 supra
1426 4001 1574 4048 crucem
1600 3988 1636 4048 et
1660 3973 1869 4076 ymaginem

455 4095 653 4199 predictas,
672 4116 709 4174 et
725 4100 825 4204 spuit
843 4099 891 4174 ad
910 4116 1057 4176 terram.

511 4225 603 4301 ltem
610 4225 813 4333 dixitquod
820 4229 1084 4307 osculatusfuit
1091 4229 1334 4335 recipientem
1342 4232 1382 4307 in
1391 4258 1455 4308 ore
1463 4230 1728 4308 etinumbilico
1735 4230 1870 4305 solum.

511 4356 605 4431 ltem
626 4356 718 4432 dixit
740 4386 808 4463 per
821 4358 1076 4463 juramentum
1100 4388 1212 4437 suum
1241 4360 1347 4466 quod
1368 4362 1461 4437 vidit
1485 4361 1635 4437 fratrem
1656 4363 1807 4436 Petrum
1827 4360 1872 4434 de

456 4482 575 4561 Blesis
602 4485 834 4591 capellanum
859 4487 948 4563 dicti
975 4488 1134 4578 ordinis,
1160 4517 1229 4595 per
1252 4489 1404 4567 fratrem
1425 4492 1643 4568 lohannem
1659 4492 1705 4566 de
1727 4492 1871 4571 Turno,

458 4630 496 4689 et
505 4613 656 4691 fratrem
671 4615 812 4694 dietum
824 4602 1041 4706 Toursains,
1055 4648 1122 4724 per
1134 4619 1285 4697 fratrem
1300 4621 1541 4726 Radulpbum
1557 4620 1604 4697 de
1620 4620 1715 4704 Gisi,
1732 4637 1770 4695 et
1784 4619 1874 4694 alios

458 4741 506 4818 de
516 4770 677 4846 quorum
690 4746 995 4824 nominibusnon
1006 4749 1155 4839 recolit,
1168 4750 1281 4855 recipi
1293 4752 1429 4828 eodem
1440 4752 1621 4840 modom
1632 4749 1703 4826 sibi
1715 4748 1870 4822 videtur.
