4230 5956
583 473 778 568 rnonts
803 495 899 567 nus
925 494 1228 567 renuimus.
1573 496 1622 569 so

193 638 353 746 sumptis
369 635 619 744 cingebantur
637 665 751 745 supra
765 634 933 715 camisias
948 663 1036 712 cum
1050 633 1191 744 quibus
1204 632 1394 742 jacebant·
1409 634 1623 742 injunctum

191 771 264 857 bit
283 771 318 849 ei
344 797 415 877 per
430 784 667 876 receptorem
686 768 794 875 quod
815 796 894 845 non
911 765 1094 845 revelaret
1113 782 1255 844 secreta
1276 763 1528 871 capitulorum
1555 794 1625 845 nec

192 902 353 1008 modum
373 900 607 1008 recepcionis
627 929 711 989 sue,
741 917 779 978 et
800 899 922 978 credit
940 899 1044 1007 quod
1064 897 1291 1007 perdidisset
1314 897 1538 975 mantellum
1558 901 1626 1007 qui

190 1007 403 1125 revelasset.
438 1032 729 1119 Confitebantur
759 1033 900 1141 quibus
925 1032 1113 1118 volebant
1146 1030 1369 1139 Superiores
1399 1029 1562 1119 ordinis,
1594 1032 1625 1109 si

192 1168 364 1247 sciebant
388 1194 552 1257 errores,
574 1166 731 1246 fuerunt
749 1164 985 1276 negligentes
1003 1155 1187 1275 quianon
1208 1180 1452 1242 correxerunt
1471 1190 1537 1242 eos
1555 1190 1626 1241 nec

193 1299 522 1377 denunciaverunt
539 1297 717 1376 Ecclesie.
733 1295 991 1375 Eleemosinas
1005 1313 1045 1375 et
1058 1294 1352 1404 hospitalitatem
1372 1295 1467 1372 vidit
1490 1321 1625 1372 conve—
1692 1398 1696 1405 .

192 1431 343 1511 nienter
368 1429 452 1508 fieri
473 1447 511 1507 et
534 1429 676 1508 servari-
693 1429 733 1507 in
759 1428 939 1507 domibus
963 1428 1108 1508 ordinis
1129 1429 1174 1504 in
1195 1426 1336 1538 quibus
1360 1426 1501 1505 exstitit
1524 1452 1626 1504 com-

192 1579 374 1641 moratus.
393 1563 444 1639 Et
459 1588 595 1639 omnes
614 1560 844 1639 curialitates
859 1576 899 1638 et
912 1561 1078 1639 bonores
1093 1576 1199 1636 erant
1214 1559 1269 1636 eis
1288 1557 1470 1650 concessi,
1494 1575 1532 1635 et
1544 1574 1628 1635 tnn-

191 1690 389 1799 pitudines
403 1690 592 1780 inhibito,
620 1709 659 1770 et
678 1689 958 1800 precipiebatur
979 1692 1033 1768 eis
1050 1693 1157 1798 quod
1175 1690 1298 1786 bonos
1321 1717 1413 1767 usus
1437 1705 1627 1767 servarent

193 1839 232 1901 et
249 1823 369 1902 malos
394 1851 464 1931 pro
484 1845 600 1930 posse·
624 1851 705 1901 suo·
722 1821 984 1930 reprobarent.
1010 1824 1126 1918 Quod
1152 1850 1311 1930 magnus
1336 1821 1514 1928 Magister
1537 1847 1625 1898 cum

192 1972 378 2048 conventu
408 1983 478 2033 suo
508 1954 721 2032 ordinasset
750 1971 930 2032 servasset
957 1971 1063 2031 totus
1086 1953 1198 2043 ordo,
1228 1969 1357 2029 contra
1383 1979 1497 2058 quem
1524 1979 1625 2029 nunc

189 2084 558 2192 grandia'scandala',
585 2084 749 2191 suspicio
776 2100 814 2160 et
837 2082 992 2160 infamia
1016 2099 1104 2159 sunt
1122 2099 1266 2170 exorta,
1293 2097 1332 2158 et
1355 2067 1486 2158 contra
1508 2109 1624 2190 quem

194 2213 340 2329 audivit
357 2214 437 2292 dici>
451 2241 642 2322 magnum:
649 2214 870 2321 Magistrum
887 2231 926 2290 et
942 2213 1035 2290 alios
1053 2212 1178 2317 aliqua
1192 2210 1306 2289 fuisse
1324 2211 1525 2291 confessos.

247 2345 464 2453 Requisitus
492 2344 522 2420 si
554 2345 611 2454 sie
638 2343 873 2449 deposuerat.
894 2368 1024 2448 prece,
1054 2357 1252 2448 precepto,
1286 2340 1442 2430 timore,
1475 2371 1622 2432 amore,

193 2474 298 2565 odio,
312 2473 372 2552 vel
383 2473 583 2583 temporali
599 2471 762 2551 comodo
775 2470 908 2550 habito
921 2471 980 2550 vel
990 2472 1187 2560 habendo,
1201 2473 1398 2580 respondit
1409 2475 1514 2582 quod
1527 2504 1621 2569 non,

192 2605 260 2684 sed
272 2633 343 2713 pro
355 2605 509 2684 veritate
527 2603 705 2696 dicenda3
722 2603 782 2707 cni
795 2600 871 2680 fuit
881 2603 1098 2712 injunctum
1115 2585 1222 2709 quod
1238 2631 1316 2681 non
1331 2605 1513 2683 revelaret
1527 2605 1624 2685 hano

193 2766 297 2875 εψ
313 2737 593 2845 deposicionem
601 2763 809 2844 quousque
825 2736 1087 2815 attestaciones
1100 2734 1242 2814 fuerint
1255 2736 1465 2844 publicate;
1480 2737 1625 2816 deffen-

193 2868 289 2948 sioni
309 2868 457 2948 ordinis
474 2896 514 2946 se
534 2895 613 2946 non
631 2866 832 2946 obtulerat.

248 3136 381 3213 Frater
394 3132 556 3212 lacobus
575 3130 624 3209 de
643 3130 741 3210 Villa
754 3129 893 3208 Parisia
910 3130 1075 3209 serviens
1092 3129 1309 3209 Parisiensis
1324 3130 1499 3227 diocesis,
1515 3137 1623 3214 testis

192 3294 305 3373 supra
317 3265 486 3375 juratus,
508 3291 587 3342 non
603 3261 1036 3347 defferensmantellum
1054 3262 1215 3353 ordinis,
1236 3260 1325 3370 quia
1349 3263 1475 3372 ipsum
1489 3266 1623 3346 volun-

190 3396 284 3475 tarie
308 3396 502 3475 dimiserat
522 3412 706 3475 vetustate
727 3410 1014 3502 consumptum,
1038 3413 1078 3473 et
1094 3394 1176 3473 radi
1198 3392 1336 3474 fecerat
1355 3396 1427 3475 sibi
1446 3397 1619 3492 barbam,

192 3512 326 3609 xxxvin
348 3554 536 3606 annomm
554 3526 613 3604 vel
631 3526 744 3619 circa,
766 3525 833 3633 qui
854 3525 1066 3604 Aurelianis
1086 3524 1282 3604 absolutus
1306 3544 1344 3605 et
1361 3525 1624 3608 reconciliatus

191 3657 410 3766 breratper
437 3658 638 3737 dominum
662 3658 881 3765 episcopum
904 3656 1215 3737 Aurelianensem
1238 3659 1422 3767 inquisito.
1444 3690 1532 3738 cum
1556 3689 1619 3750 eo,

122 3893 125 3896 Α
192 3789 299 3906 lectis
322 3807 360 3868 et
382 3791 582 3900 diligenter
602 3789 779 3897 expositis
799 3790 872 3869 sibi
892 3791 1072 3870 omnibus
1096 3808 1135 3869 et
1157 3793 1315 3901 singulis
1334 3792 1520 3906 articulis,
1544 3819 1623 3870 res·

191 3921 328 4028 pondit
346 3950 386 4002 se
405 3951 602 4030 nunquam
617 3921 831 4000 interfuisse
849 3923 1063 4042 recepcioni
1082 3924 1242 4033 alicujus
1261 3923 1415 4001 alterins
1434 3950 1505 3999 nec
1525 3922 1624 4031 capi·
1690 3993 1694 4000 .

191 4053 281 4132 tulis
302 4081 453 4144 eorum
481 4082 552 4132 neo
575 4070 730 4132 steterat
750 4054 790 4130 in
811 4052 946 4132 ordine
964 4055 1037 4133 nisi
1056 4083 1125 4161 per
1144 4054 1346 4131 dimidium
1370 4080 1531 4144 annunr,
1553 4080 1623 4132 seu

191 4184 299 4288 quasi
319 4201 405 4261 ante
425 4185 643 4291 capcionem
664 4211 814 4275 eorum,
837 4184 943 4261 unde
962 4183 1156 4261 nesciebat
1175 4182 1224 4259 de
1246 4184 1432 4263 contentis
1450 4185 1491 4263 in
1513 4186 1622 4264 dictis

191 4311 373 4404 articulis,
394 4340 466 4390 nec
489 4313 677 4398 credebat
688 4342 760 4390 nec
783 4312 977 4390 audiverat
991 4313 1065 4388 dici
1093 4313 1165 4391 nisi
1183 4314 1288 4423 quod
1311 4316 1492 4422 sequitur.
1520 4317 1623 4397 Dixit

192 4443 295 4523 enim
310 4473 350 4523 se
365 4445 480 4525 luisse
498 4461 695 4552 receptum
717 4445 757 4521 in
777 4443 919 4550 capella
938 4444 1076 4524 domus
1091 4445 1241 4554 Templi
1260 4448 1308 4526 de
1327 4448 1471 4555 Campo
1487 4449 1622 4528 Bubali

192 4575 422 4667 Senonensis
450 4574 627 4666 diocesis,
655 4604 724 4683 por
750 4556 904 4653 fratrem
930 4576 1143 4655 Iohannem
1165 4578 1213 4655 de
1239 4581 1336 4656 Tara
1360 4597 1622 4688 preceptorem

192 4707 291 4786 dicte
311 4707 466 4798 domus,
484 4723 626 4813 testem
642 4736 758 4816 supra·
770 4707 1042 4800 examinatum,
1063 4709 1104 4786 in
1120 4710 1435 4820 Quadragessima
1452 4714 1620 4819 proxima

191 4857 277 4919 ante
307 4840 525 4949 capcionem
547 4868 705 4932 eorum,
733 4839 973 4949 presentibus
998 4841 1178 4922 fratribus
1204 4844 1362 4925 Daniele
1389 4845 1436 4923 de
1460 4846 1622 4925 Parisius
