4230 5956
354 471 400 538 50
740 453 937 540 raocts
964 468 1057 538 ons
1083 466 1382 536 renelmus.

352 611 500 684 cionem
516 637 620 685 suam
642 609 744 713 quod
763 636 839 685 non
853 605 1075 684 intendebat
1090 606 1266 682 recedere
1292 605 1338 681 ab
1360 605 1429 680 alia
1449 605 1688 709 deposicioue
1705 636 1772 712 per
1824 703 1828 710 Ι

354 766 439 812 eum
466 735 560 813 lacta
580 763 702 812 eoram
729 736 829 814 dicto
856 736 1012 812 domino
1035 735 1210 841 episcopo
1230 733 1489 812 Ambiauensi:
1511 750 1549 809 et
1565 733 1637 810 luit
1659 736 1693 811 ei
1714 737 1773 812 in-

348 868 522 970 junctum
544 865 645 970 quod
663 893 739 942 uon
759 865 941 942 revelaret
954 865 1051 941 hanc
1068 892 1175 941 suam
1196 864 1495 969 deposicionem‚
1518 892 1716 970 quousque
1725 885 1774 942 at-

355 995 573 1071 testaciones
596 994 736 1070 fuerint
754 995 953 1101 publicata.

412 1127 501 1204 Acta
519 1123 674 1201 luerunt
696 1123 766 1203 hec
786 1124 895 1202 dictis
918 1126 979 1203 die
1000 1143 1038 1202 et
1059 1125 1160 1216 loce,
1184 1125 1423 1230 presentibus
1437 1154 1498 1200 me
1519 1124 1771 1205 Floriamonte

358 1254 568 1344 Dondedei,
591 1271 628 1330 et
648 1254 730 1330 aliis
744 1256 900 1333 notariis
918 1285 1029 1362 supra
1049 1255 1220 1360 proximo
1239 1257 1452 1332 nominatis.

412 1518 500 1592 Post
518 1517 589 1592 hec
604 1516 664 1590 die
691 1518 794 1592 Lune
807 1516 1000 1621 sequenti,
1022 1544 1098 1620 que
1112 1516 1184 1592 luit
1198 1543 1243 1593 xv
1259 1516 1340 1593 dies
1361 1515 1451 1592 dicti
1471 1517 1610 1593 mensis
1622 1519 1769 1607 Marcii,

276 1675 280 1683 ·
356 1647 426 1721 luit
452 1645 637 1722 adductus
656 1647 704 1720 ad
725 1645 955 1750 presenciam
981 1647 1205 1724 eorumdem
1231 1645 1475 1723 dominorum
1499 1647 1772 1726 commissario-

356 1805 441 1852 rum
462 1793 499 1852 et
522 1775 666 1851 domini
691 1776 849 1862 Mathei‚
871 1775 1013 1881 Symon
1041 1775 1079 1853 lo
1107 1778 1232 1882 Begue
1258 1777 1439 1864 serviens,
1467 1774 1776 1855 Altisiodorensis

355 1906 512 1983 diocesis
520 1906 657 1994 ,testis
676 1934 788 2009 supra
803 1907 967 2011 juratus,
984 1923 1027 1983 ut
1045 1904 1253 2010 deponeret
1273 1904 1416 1984 dictum
1435 1935 1570 1992 suum,
1593 1934 1669 1983 non
1690 1907 1771 1983 del-

354 2036 478 2112 lerens
497 2034 720 2112 mantellum
740 2035 898 2126 ordinis,
916 2036 1003 2140 quia
1023 2036 1148 2139 ipsum
1167 2034 1378 2113 voluntarie
1399 2035 1608 2127 dimiserat,
1635 2052 1672 2112 et
1689 2038 1769 2113 radi
1858 2112 1862 2116 .

355 2166 491 2241 lecerat
513 2165 585 2241 sibi
608 2164 779 2253 barbam,
807 2165 1003 2242 absolutus
1029 2181 1068 2241 et
1091 2165 1355 2244 reconciliatus
1378 2194 1446 2270 per
1467 2166 1664 2246 domiuum
1694 2168 1771 2273 epi-

355 2322 510 2399 scopum
526 2293 851 2383 Aurelianensem,
868 2294 1045 2384 Senonis,
1060 2294 1125 2400 qui
1143 2295 1384 2401 inquisiverat
1399 2322 1485 2371 cum
1498 2296 1650 2386 eodem,
1668 2325 1770 2374 sexa·

355 2423 530 2527 genarius
544 2422 600 2501 vol
619 2423 724 2499 circa.
747 2423 869 2498 Lectis
889 2440 1016 2499 autem
1035 2441 1073 2500 et
1089 2424 1291 2531 diligenter
1312 2424 1486 2529 expositis
1501 2424 1570 2500 sibi
1593 2425 1772 2502 omnibus

357 2569 395 2628 et
407 2552 564 2659 singulis
576 2552 757 2640 articulis,
773 2554 967 2657 respondit
979 2581 1017 2627 se
1035 2553 1195 2643 nescire,
1216 2582 1284 2631 nec
1300 2553 1483 2631 audivisse
1505 2554 1595 2640 dici,
1615 2582 1684 2631 nec
1698 2585 1771 2636 cre·

357 2683 445 2758 dere
458 2682 504 2757 de
519 2682 704 2759 contentis
716 2683 755 2757 in
775 2683 828 2758 eis
838 2683 909 2760 nisi
923 2683 1029 2787 quod
1040 2684 1221 2790 sequitur,
1236 2711 1405 2763 assereus
1419 2712 1459 2771 se
1470 2712 1547 2760 nou
1560 2683 1770 2764 interfuisse

355 2812 563 2916 recepcioui
585 2810 742 2916 alicujus
758 2811 911 2889 alterins
932 2813 1004 2888 nisi
1021 2842 1103 2903 sue,
1126 2841 1197 2889 nec
1214 2813 1389 2919 capitulis
1411 2837 1555 2889 eorum.
1572 2814 1652 2917 lpse
1668 2816 1769 2891 enim

355 2943 426 3018 luit
440 2958 612 3045 receptus
626 2942 666 3016 in'
680 2941 819 3045 capella
833 2942 969 3019 domus
978 2942 1130 3049 Templi
1139 2945 1186 3021 de
1204 2942 1300 3023 Villa
1315 2945 1449 3023 Morou
1467 2943 1770 3021 Altisiodorensis

356 3070 531 3158 diocesis,
546 3071 640 3147 circa
656 3073 798 3148 instans
808 3072 945 3148 lestum
961 3074 1225 3151 Pascheerunt
1237 3074 1397 3180 trigenta
1409 3075 1496 3150 anni
1508 3074 1567 3150 vel
1579 3074 1691 3164 circa,
1703 3103 1771 3179 per
1894 3083 1897 3088 ’

356 3199 506 3275 fratrem
529 3197 724 3277 thterum
737 3199 906 3278 Gonterii
930 3202 1122 3307 quondam
1143 3204 1385 3292 servientem,
1403 3220 1493 3278 tunc
1512 3206 1770 3307 preceptorem
1811 3223 1817 3241 “

357 3330 453 3405 dicte
475 3329 626 3420 domus,
648 3330 884 3434 presentibus
903 3331 1079 3409 fratribus
1099 3331 1306 3410 Guillelmo
1326 3331 1482 3422 Villani,
1500 3331 1717 3409 Guaulredo
1734 3352 1772 3410 et

356 3459 559 3540 Guillelmo
580 3459 749 3538 Guilhou
776 3462 950 3539 fratribus
974 3461 1185 3541 carnalibus
1216 3461 1482 3548 servientibus,
1503 3462 1714 3551 dellunctis,
1730 3464 1769 3538 in

315 3614 316 3618 ’
357 3589 457 3665 hunc
476 3587 633 3668 modum
652 3624 659 3667 :
678 3620 763 3666 cnm
778 3593 879 3669 enim
896 3594 1069 3697 peciisset
1089 3620 1223 3696 panem
1239 3609 1277 3667 et
1298 3619 1451 3696 aquam,
1467 3591 1682 3668 societatem
1699 3591 1771 3667 lra-

355 3737 457 3795 trum
473 3736 512 3815 et
521 3748 725 3825 pauperem
742 3723 916 3798 vestitum
936 3722 1101 3810 ordinis,
1127 3738 1166 3798 et
1185 3721 1327 3796 dictum
1347 3738 1386 3797 et
1406 3749 1624 3824 responsum
1645 3720 1769 3799 liutei

355 3850 458 3953 quod
485 3850 582 3951 bene
610 3850 859 3942 deliberaret,
881 3853 969 3956 quia
993 3851 1114 3927 multa
1142 3853 1236 3927 dura
1257 3867 1293 3926 et
1321 3877 1445 3954 aspera
1472 3868 1660 3954 oporteret
1681 3879 1770 3942 eum

355 3979 724 4080 sustiuere3tandem
746 3983 827 4085 ipso
849 3983 1008 4058 instante
1030 4009 1097 4085 pro
1123 3979 1341 4084 recepcione
1359 4007 1440 4069 sua,
1461 3979 1582 4055 dictus
1600 3995 1770 4082 receptor

356 4107 441 4182 lecit
465 4136 552 4184 eum
576 4137 705 4185 vovere
726 4127 763 4186 et
777 4111 905 4216 jurare
926 4111 1148 4199 castitatem,
1179 4108 1457 4196 obedienciam,
1482 4126 1519 4183 et
1543 4106 1663 4181 vivere
1689 4107 1770 4183 sine

236 4233 248 4258 ¹
356 4237 528 4338 proprio,
550 4265 691 4313 servare
718 4238 840 4315 bonos
868 4268 957 4315 usus
978 4256 1015 4315 et
1041 4238 1160 4316 bonas
1183 4237 1489 4326 consuetudines,
1512 4252 1550 4311 et
1569 4264 1645 4312 non
1666 4265 1771 4313 reve·

354 4365 430 4442 lare
451 4384 589 4444 secreta
610 4368 761 4445 ordinis.
785 4370 873 4461 Quo
886 4367 1000 4458 lacto,
1024 4368 1204 4473 imposuit
1223 4367 1292 4445 sibi
1311 4366 1549 4456 mantellum,
1568 4384 1605 4442 et
1618 4367 1697 4470 ipse
1714 4395 1771 4455 re-

356 4513 483 4600 ceptor
503 4515 540 4575 et
559 4515 719 4575 astantes
735 4496 888 4572 firerunt
902 4525 988 4572 eum
1002 4496 1158 4574 osculati
1171 4497 1211 4572 in
1232 4523 1310 4572 ore.
1329 4496 1574 4573 Postmodum
1597 4495 1770 4572 instruxit

356 4654 441 4700 eum
454 4643 548 4731 quot
561 4630 672 4705 Pater
682 4642 797 4703 noster
810 4625 953 4702 diceret
964 4654 1032 4729 pro
1043 4624 1198 4731 singulis
1211 4625 1326 4709 horis,
1344 4642 1381 4699 et
1395 4623 1557 4729 qualiter
1570 4654 1611 4717 se
1623 4641 1769 4734 regeret

209 4768 210 4771 ’
255 4787 260 4790 ·
356 4769 393 4828 et
404 4733 913 4833 haberetinordineiDeinde
927 4755 1092 4859 precepit
1104 4755 1139 4830 ei
1150 4756 1253 4860 quod
1269 4770 1422 4857 spueret
1437 4781 1551 4856 super
1565 4755 1768 4858 quamdam
