4230 5956
444 476 514 546 rso
830 445 1024 542 rnocns
1049 466 1144 538 uns
1168 465 1464 539 rnurmaas.

439 612 543 720 quod
562 607 719 689 modum
740 606 967 714 singularem
983 607 1207 687 servaverint
1221 606 1261 683 in
1276 635 1343 684 sua
1357 605 1591 712 recepcione,
1608 621 1645 682 et
1659 605 1748 712 quia
1764 607 1857 685 vidit

442 761 479 822 et
503 740 644 821 audivit
667 737 770 847 quod
796 737 893 815 dicta
917 737 1017 815 licita
1037 754 1075 814 et
1093 735 1221 814 illicita
1241 735 1445 814 confessata
1463 763 1531 841 per
1549 739 1636 812 eum
1656 735 1857 814 interveni-

440 890 526 951 rent
544 872 584 948 in
604 867 823 975 recepcione
847 865 969 944 fratris
993 866 1147 945 Oliverii
1167 867 1215 945 de
1236 867 1365 944 Mauso
1386 865 1529 944 Sereno
1554 865 1765 959 uenientis,
1790 870 1857 944 Le-

441 1000 662 1083 movicensis
681 997 857 1087 diocesis,
879 997 944 1103 qui
964 995 1037 1073 fuis
1054 1013 1183 1103 captus
1201 1025 1278 1073 una
1296 1022 1381 1073 cum
1401 995 1483 1074 aliis
1497 1011 1536 1074 et
1549 1012 1722 1102 receptus
1741 998 1785 1074 in.
1801 1028 1859 1076 ca-

440 1132 539 1239 pella
558 1132 696 1210 domus
714 1129 863 1236 Templi
884 1129 932 1206 de
953 1127 1060 1209 Bilda
1079 1127 1320 1205 Biturieensis
1331 1126 1507 1218 diocesis,
1528 1125 1635 1232 quasi
1655 1125 1857 1205 dimidium
1982 1147 1984 1155 '

441 1291 582 1339 annum
605 1278 692 1368 post
713 1261 971 1367 recepeionem
991 1259 1108 1366 ipsius
1126 1259 1248 1346 testis,
1270 1285 1339 1365 per
1357 1256 1510 1335 fratrem
1529 1257 1795 1364 Raymundum
1811 1261 1858 1338 de

441 1391 642 1471 Vassinhac
661 1390 837 1478 militem,
858 1406 993 1468 testem
1010 1416 1122 1496 supra
1141 1389 1409 1476 examinatum,
1425 1385 1664 1494 presentibus
1682 1386 1858 1468 fratribus

440 1521 609 1599 lohanne
629 1520 678 1597 de
696 1521 899 1627 Fontenay,
926 1520 992 1624 qui
1017 1516 1089 1597 luit
1116 1534 1245 1624 captus
1268 1517 1370 1624 apud
1387 1516 1612 1609 Exordium,
1637 1519 1854 1608 bertrando,

442 1652 507 1758 qui
526 1650 741 1729 morabatur
754 1650 794 1727 in
810 1649 909 1727 dicta
924 1649 1039 1727 domo
1058 1648 1107 1726 de
1125 1647 1230 1726 Bilda
1246 1646 1295 1725 de
1312 1646 1612 1756 Petragoricinio,
1630 1647 1695 1754 qui
1714 1648 1858 1759 aufugit

443 1781 491 1858 de
514 1809 677 1869 carcere,
701 1796 739 1857 et
764 1778 955 1856 Bernardo
974 1777 1009 1854 la
1020 1779 1152 1856 Brossa
1172 1776 1221 1855 de
1240 1776 1364 1868 Briva,
1378 1793 1425 1853 et
1442 1775 1639 1855 Clemente
1654 1776 1704 1855 de
1722 1779 1857 1858 Sancto

443 1911 588 1991 Hilario
607 1908 830 2017 presbitero,
857 1906 1130 1986 Lemovicensis
1149 1906 1325 1999 diocesis,
1346 1906 1413 2012 qui
1428 1904 1506 1983 luit
1517 1923 1646 2013 eaptus
1659 1910 1760 2015 apud
1768 1911 1856 1987 Bru-

441 2041 583 2147 geriam
611 2037 759 2145 Templi
786 2037 1028 2117 Biturieensis
1053 2036 1231 2126 diocesia,
1259 2064 1355 2143 quos
1383 2035 1504 2114 credit
1530 2035 1670 2128 v‘were,
1692 2055 1730 2115 et
1751 2039 1857 2119 Guil-

442 2170 558 2247 lelmo
576 2168 742 2247 Amaudi
770 2185 988 2274 preceptore
1016 2167 1063 2245 de
1084 2167 1218 2246 Mediis
1236 2165 1442 2274 quondam.
1468 2168 1580 2254 ltem,
1605 2166 1700 2246 dixit
1722 2198 1762 2246 se
1786 2199 1859 2248 cre·

445 2300 534 2376 dere
547 2297 654 2404 quod
672 2296 802 2374 fratres
817 2296 960 2375 ordinis
979 2297 1176 2375 crederent
1187 2295 1441 2379 ecclesiasticis
1455 2297 1705 2390 armamentis,
1721 2299 1858 2405 quibus

444 2429 523 2534 ipse
543 2424 734 2514 credebat,
753 2443 791 2502 et
807 2427 913 2534 qnod
932 2455 1064 2505 eorum
1081 2427 1293 2506 sacerdotes
1313 2425 1441 2507 debite
1460 2425 1701 2505 celebrarent.
1723 2429 1854 2508 Statim

443 2586 513 2665 pro
525 2557 699 2665 professis
708 2556 954 2645 habebantur,
967 2574 1006 2635 et
1018 2557 1195 2665 jurabant
1210 2556 1383 2637 ordinem
1398 2585 1477 2635 non
1492 2557 1603 2636 exire.
1619 2557 1856 2638 Clandestr'ne

444 2688 730 2796 recipiebantur,
752 2686 868 2765 nullis
886 2687 1123 2794 presentibus
1146 2686 1218 2766 nisi
1237 2685 1415 2766 fratribus
1432 2687 1595 2777 ordinis,
1621 2715 1662 2766 er
1683 2719 1761 2796 quo
1780 2718 1859 2768 ore-

445 2821 501 2898 dit
530 2819 632 2928 quod
654 2835 752 2897 esset
770 2817 930 2925 suspicio
952 2835 1080 2895 eontra
1103 2845 1179 2897 eos.
1201 2816 1379 2896 Cordulis
1397 2820 1501 2897 unde
1518 2815 1693 2897 volebant
1718 2848 1859 2898 assum-

443 2951 517 3056 ptis
531 2949 775 3056 cingebantur
796 2975 910 3054 super
930 2947 1099 3026 camisias
1118 2975 1205 3025 cum
1219 2947 1359 3055 quibus
1376 2946 1560 3056 jacebunt.
1582 2947 1762 3027 Jurabant
1781 2976 1857 3028 non

444 3078 608 3157 revelare
625 3095 765 3155 secreta
784 3077 1064 3183 capitoliorum,
1085 3076 1133 3154 de
1153 3077 1269 3156 modo
1287 3076 1517 3184 recepcionis
1530 3075 1680 3184 speciali
1696 3107 1773 3158 non
1791 3080 1858 3158 ha-

445 3208 523 3284 bita
543 3208 759 3295 mencione3
780 3207 846 3313 qui
870 3205 1093 3284 revelassent
1114 3205 1325 3284 incarcerati
1345 3204 1514 3285 finissent.
1537 3204 1690 3314 Absque
1703 3208 1859 3287 'licencia

445 3363 521 3413 non
541 3353 714 3442 poterant
733 3335 815 3412 aliis
833 3364 947 3441 qrram
970 3333 1223 3414 sacerdotibus
1242 3335 1388 3415 ordinis
1407 3334 1590 3414 confiteri.
1609 3338 1757 3417 Fratres
1776 3342 1859 3446 qui-

445 3467 518 3543 bus
532 3466 652 3543 credit
668 3483 755 3542 nota
770 3464 884 3543 luisse
900 3463 1027 3542 illicita
1044 3464 1246 3544 confessam
1265 3494 1333 3572 per
1349 3450 1603 3545 eumluerunt
1616 3467 1856 3576 negligentes,

445 3596 534 3703 quia
559 3624 635 3674 non
659 3613 900 3704 correxerunt
922 3624 964 3672 ea
983 3624 1052 3672 nec
1076 3595 1397 3673 denunciaverunt
1414 3597 1590 3676 Ecclesie.
1617 3599 1659 3674 ln
1684 3599 1859 3678 domibus

447 3729 590 3808 ordinis
607 3729 645 3804 in
666 3727 806 3835 quibus
828 3727 946 3806 extitit
965 3743 1231 3816 commoratus,
1252 3727 1347 3804 vidit
1366 3726 1588 3806 elemosinas
1613 3746 1650 3807 ct
1669 3728 1859 3836 hospitali-

445 3878 560 3937 tatem
577 3859 839 3937 convenienter
853 3857 936 3935 lieri
952 3877 989 3936 et
1008 3858 1163 3948 servari,
1180 3874 1218 3935 et
1236 3856 1512 3964 precipiebatur
1528 3859 1584 3938 eis
1597 3860 1703 3966 quod
1717 3860 1858 3938 elemo-

447 3991 544 4069 sinas
566 4007 604 4068 et
621 3990 721 4068 bona
744 3989 887 4067 ordinis
909 3989 1035 4066 debite
1058 4003 1326 4066 conservarent.
1351 3988 1502 4066 Audivit
1525 3988 1599 4065 dici
1620 3989 1723 4095 quod
1743 3989 1856 4078 clam,

447 4119 561 4196 nullis
577 4120 814 4225 presentibus
830 4120 900 4196 nisi
916 4119 1092 4198 fratribus
1108 4117 1269 4209 ordinis,
1287 4144 1419 4195 sorum
1435 4117 1608 4224 capitulis
1621 4119 1856 4197 tenebantur.

449 4246 628 4325 Ordinata
651 4276 718 4354 per
736 4248 955 4356 Magistrum
977 4278 1064 4329 cum
1084 4264 1269 4326 conventu
1289 4264 1467 4326 servasset
1484 4264 1585 4326 totus
1604 4248 1710 4338 ordo,
1733 4267 1861 4328 contra

447 4405 561 4485 quem
579 4404 680 4456 nunc
698 4380 852 4486 grandia
871 4380 1061 4467 scandala,
1082 4379 1244 4484 suspicio
1264 4394 1302 4455 et
1309 4376 1466 4454 infamia
1480 4395 1570 4456 sunt
1589 4395 1725 4456 exorta.
1744 4379 1861 4456 Audi-

447 4510 498 4586 vit
511 4508 585 4586 dici
600 4537 779 4616 magnum
795 4509 1013 4615 Magistrum
1030 4525 1068 4586 et
1082 4508 1174 4587 alios
1188 4506 1439 4616 aliqua-firisse
1454 4506 1641 4588 confessos
1657 4526 1784 4586 contra
1800 4536 1861 4586 or-

450 4637 595 4726 dinem,
616 4638 663 4714 ad
683 4639 790 4746 cujus
813 4636 1084 4715 deffensionem
1107 4666 1242 4716 senon
1263 4637 1461 4716 obtulerat.

489 4767 718 4873 -Requisitus
731 4770 761 4846 si
776 4768 828 4845 sic
840 4768 1065 4874 deposuerat
1076 4794 1202 4875 prece,
1215 4786 1408 4875 precepto,
1425 4769 1579 4863 timore,
1596 4796 1737 4860 amore,
1755 4769 1855 4858 odio,
