4230 5956
736 465 931 559 pauens
959 484 1052 556 nes
1079 483 1379 556 rennuens.
1695 485 1765 559 iss

348 628 388 702 in
408 623 504 702 festo
523 622 791 730 Apostolorum
815 623 915 702 Petri
940 642 978 703 et
1002 622 1108 702 Pauli
1123 621 1274 701 instanti
1297 638 1410 700 erunt
1433 622 1580 699 circiter
1594 649 1644 701 an
1661 626 1766 717 anni,

347 783 414 862 per
446 753 600 835 fratrem
626 755 837 834 lohannem
870 754 979 834 Pileti
1011 753 1203 860 quondam
1237 752 1478 843 servientem,
1509 769 1767 858 preceptorem

346 902 438 961 tunc
459 885 507 962 de
531 886 643 964 Ulmo
662 885 833 974 Tuandi,
858 883 1097 991 presentibus
1121 881 1297 982 frtbribus
1323 880 1531 961 Guillelmo
1557 880 1770 990 Talbeboys

347 1015 546 1108 serviente,
568 1014 753 1094 avunculo
773 1014 891 1121 ipsius
909 1015 1031 1102 testis,
1046 1013 1216 1094 Gerardo
1235 1013 1367 1091 Crosat
1378 1011 1602 1118 presbitero,
1619 1028 1658 1089 et
1677 1014 1770 1092 duo·

347 1145 420 1223 bus
435 1144 517 1223 aliis
536 1145 738 1233 deffunctis
752 1145 792 1222 in
812 1144 916 1223 hunc
935 1143 1122 1223 modum:
1143 1172 1233 1222 nam
1246 1172 1333 1221 cum
1347 1143 1551 1221 instructus
1560 1143 1771 1250 requisivis—

348 1292 405 1353 set
423 1276 614 1353 caritatem
641 1275 778 1353 domus
800 1274 960 1382 pluries,
986 1275 1076 1352 etei
1103 1273 1267 1355 finaliter
1289 1299 1463 1352 concessa
1481 1271 1629 1364 fnisset,
1648 1272 1769 1355 dictrn

347 1420 518 1510 receptor
542 1404 724 1510 imposuit
742 1404 813 1484 sibi
833 1403 1075 1498 mantellum,
1100 1405 1236 1511 etipse
1257 1421 1295 1483 et
1320 1419 1480 1483 astantes
1510 1403 1667 1483 osculati
1686 1403 1768 1483 fue·

347 1551 437 1612 runt
456 1561 543 1611 eum
561 1535 599 1610 in
618 1544 695 1612 ore,
719 1536 896 1643 Postque
916 1535 1041 1613 dictus
1051 1551 1224 1642 receptor
1238 1533 1327 1613 fecit
1341 1562 1429 1612 eum
1443 1560 1576 1620 vovere
1592 1549 1631 1612 et
1638 1535 1773 1642 jurare

346 1666 551 1743 castitatem
580 1681 618 1743 et
644 1664 923 1759 obedienciam,
955 1683 995 1744 et
1015 1666 1136 1746 vivere
1163 1666 1242 1745 sine
1273 1665 1444 1772 proprio,
1474 1691 1618 1743 servare
1646 1663 1766 1744 bonos

346 1823 436 1872 usus
456 1811 493 1871 et
506 1793 624 1873 bonas
643 1797 935 1875 consuetudines
952 1796 1108 1874 ordinis.
1132 1796 1279 1873 Deinde
1297 1794 1406 1872 allata
1426 1794 1544 1870 nescit
1564 1821 1632 1898 per
1649 1821 1765 1901 quem

348 1954 395 2001 es
412 1926 519 2003 dictis
546 1924 723 2005 iratribus
741 1927 904 2032 quadam
921 1953 1032 2004 cruce
1047 1925 1187 2034 lignea,
1210 1941 1253 2001 ut
1272 1925 1343 2004 sibi
1359 1924 1519 2014 videtur,
1541 1924 1580 2000 in
1594 1951 1668 2030 qua
1687 1951 1765 2003 non

349 2071 427 2133 erat
442 2083 575 2163 ymago
595 2055 786 2147 Crucifixi,
807 2056 975 2163 precepit
992 2056 1027 2133 ei
1051 2054 1157 2161 quud
1175 2053 1377 2163 abnegaret
1393 2053 1536 2142 Deum,
1557 2069 1596 2130 et
1615 2055 1766 2159 spueret

347 2209 460 2287 super
477 2184 613 2262 dictam
633 2212 800 2276 crucem,
819 2201 858 2263 et
879 2185 960 2291 ipse
982 2183 1088 2262 testis
1110 2182 1305 2292 abnegavit
1324 2182 1467 2273 Deum,
1491 2200 1529 2259 et
1548 2183 1650 2288 spuit
1660 2183 1765 2290 juxta

348 2310 484 2388 dictam
498 2340 649 2393 crucem
664 2341 729 2392 ore
745 2340 823 2392 non
842 2313 973 2402 corde,
994 2330 1040 2391 ut
1055 2313 1164 2402 dixit,
1185 2341 1255 2390 nec
1272 2311 1470 2391 declaravit
1485 2313 1561 2391 sibi
1578 2313 1683 2420 quod
1702 2312 1766 2391 illa

347 2460 471 2520 essent
497 2431 545 2521 de
569 2444 716 2550 punctis
743 2442 885 2523 ordinis
909 2441 968 2521 vel
992 2443 1032 2519 in
1058 2442 1139 2549 ipso
1159 2441 1292 2521 ordine
1317 2458 1506 2520 consueta.
1532 2441 1614 2520 Alia
1637 2443 1764 2521 illicita

346 2598 424 2648 non
454 2571 585 2651 recolit
611 2573 852 2651 intervenisse
875 2572 914 2650 in
937 2571 1037 2651 dicta
1055 2600 1123 2650 sua
1147 2572 1365 2678 recepcione
1391 2600 1460 2650 nec
1483 2589 1584 2677 post,
1609 2572 1765 2651 credens

346 2699 452 2805 quod
472 2700 602 2780 eadem
627 2701 726 2779 licita
742 2718 782 2780 et
800 2701 930 2780 illicita
950 2701 1203 2780 communiter
1221 2718 1261 2778 et
1277 2701 1420 2808 ubique
1436 2702 1706 2783 intervenirent
1724 2706 1763 2783 in

347 2831 629 2936 recepcionibue
640 2831 799 2910 aliorum
813 2831 872 2913 vel
888 2849 984 2938 post.
1003 2833 1116 2918 Item,
1137 2831 1231 2908 dixit
1249 2858 1289 2908 se
1301 2830 1400 2909 bene
1420 2831 1573 2915 credere
1593 2832 1764 2911 ecclesia-

346 2959 710 3050 sticissacramentis,
727 2979 765 3039 et
775 2961 880 3069 quod
893 2960 955 3038 ulii
968 2959 1100 3039 iratres
1113 2957 1258 3037 ordinis
1273 2960 1406 3038 eodem
1423 2960 1538 3039 modo
1552 2963 1761 3054 crederent,

346 3105 384 3164 et
402 3088 507 3194 quod
526 3117 658 3181 eornm
679 3090 891 3178 sacerdotes
904 3090 1031 3169 debite
1044 3088 1292 3169 celebrarent.
1303 3091 1345 3169 ln
1359 3091 1579 3202 recepcione
1593 3121 1659 3171 sua
1676 3118 1763 3200 pro·

346 3220 449 3297 misit
467 3248 544 3299 non
564 3222 666 3299 exire
679 3221 822 3302 dictum
843 3222 1032 3309 ordinem,
1058 3221 1130 3298 nisi
1154 3249 1223 3328 pro
1251 3222 1401 3325 arciori,
1423 3237 1462 3300 et
1479 3221 1553 3301 luit
1569 3224 1604 3301 ei
1620 3222 1762 3328 dictum

345 3349 450 3455 quod
473 3350 598 3427 statim
636 3380 705 3457 pro
739 3350 907 3458 professo
943 3351 1164 3430 habebatur.
1202 3350 1441 3431 Clandestine
1473 3353 1760 3459 recipiebantur,

346 3479 465 3561 nullis,
475 3483 712 3587 presentibus
728 3482 800 3561 nisi
814 3480 992 3562 fratribus
1003 3481 1164 3570 ordinis,
1182 3510 1226 3560 ex
1244 3511 1322 3589 quo
1336 3483 1457 3563 credit
1470 3484 1577 3590 quod
1596 3501 1694 3563 esset
1708 3512 1763 3562 su·

345 3609 461 3715 spicio
480 3627 608 3689 contra
622 3638 698 3689 eos.
713 3610 892 3690 Cordulis
904 3613 1007 3690 unde
1026 3609 1203 3690 volebant
1221 3611 1421 3718 assumptis
1435 3611 1682 3717 cingebantur
1699 3641 1762 3690 su-

345 3766 413 3843 per
429 3740 598 3818 camisias
617 3769 705 3819 cum
722 3740 866 3848 quibus
873 3741 1059 3849 jacebant.
1084 3741 1354 3849 lnjungebatur
1378 3742 1433 3818 eie
1450 3742 1556 3847 quod
1567 3769 1644 3819 non
1661 3769 1763 3818 reve-

344 3867 466 3949 larent
483 3887 623 3953 secreta
652 3870 931 3977 capitrrliomms
957 3871 1025 3978 qui
1050 3871 1275 3951 revelassent
1300 3871 1472 3955 habitum
1497 3853 1763 3975 perdidissent.¹

345 3999 539 4092 Quamdiu
555 4000 694 4081 babere
708 4018 881 4108 poterant
895 4001 1106 4081 sacerdotes
1121 4001 1283 4089 ordinis,
1297 4028 1373 4080 non
1389 3998 1578 4077 debebant
1592 4000 1761 4079 confiteri

344 4125 438 4203 aliis.
459 4129 605 4209 Fratres
627 4130 767 4235 quibus
790 4131 909 4209 credit
936 4147 1023 4209 nota
1048 4129 1162 4208 suisse
1190 4129 1320 4207 illicita
1343 4126 1547 4206 confeseata
1574 4158 1643 4235 per
1672 4160 1760 4211 eum

344 4256 501 4335 suerunt
529 4257 778 4366 negligentes,
809 4261 896 4366 quia
926 4287 1003 4338 non
1022 4275 1265 4336 correxerunt
1289 4285 1332 4334 ea
1355 4285 1426 4335 nec
1444 4237 1763 4341 denunciaverunt
1848 4272 1850 4276 ’

344 4382 520 4465 Ecclesie.
535 4385 768 4466 Elemosinas
781 4404 819 4465 et
833 4387 1123 4494 hospitalitatem
1138 4386 1231 4464 vidit
1252 4388 1517 4468 convenienter
1531 4390 1614 4470 fieri
1634 4409 1674 4471 et
1685 4416 1763 4473 ser·

344 4514 420 4592 vari
439 4513 479 4592 in
501 4515 680 4594 domibus
698 4515 843 4595 ordinis
857 4517 897 4594 in
916 4515 1057 4624 quibus
1077 4517 1218 4595 exstitit
1232 4536 1496 4598 commoratus.
1515 4519 1669 4600 Audiuit
1686 4519 1759 4601 dici

345 4643 449 4752 quod
467 4643 578 4738 clam,
600 4644 714 4724 nullis
729 4647 966 4753 presentibus
982 4647 1054 4725 nisi
1069 4645 1245 4727 fratribus
1260 4647 1420 4741 ordinis,
1441 4677 1571 4728 eorum
1587 4649 1761 4759 capitulis

343 4774 580 4853 tenebantur.
598 4773 779 4853 ordinata
791 4802 859 4882 per
872 4776 1091 4883 Magistrum
1101 4806 1186 4857 cum
1199 4795 1385 4857 conventu
1399 4796 1577 4859 servasset
1589 4798 1691 4861 totus
1705 4808 1762 4863 or·
