<?xml version="1.0" encoding="UTF-8"?>
<!DOCTYPE html PUBLIC "-//W3C//DTD XHTML 1.0 Transitional//EN"
    "http://www.w3.org/TR/xhtml1/DTD/xhtml1-transitional.dtd">
<html xmlns="http://www.w3.org/1999/xhtml" xml:lang="en" lang="en">
 <head>
  <title>
</title>
<meta http-equiv="Content-Type" content="text/html;charset=utf-8" />
  <meta name='ocr-system' content='tesseract 3.04.00' />
  <meta name='ocr-capabilities' content='ocr_page ocr_carea ocr_par ocr_line ocrx_word'/>
</head>
<body>
  <div class='ocr_page' id='page_1' title='image "./procsdestemplie01defegoog/procsdestemplie01defegoog_0199.png"; bbox 0 0 4230 5956; ppageno 0'>
   <div class='ocr_carea' id='block_1_1' title="bbox 677 474 1705 567">
    <p class='ocr_par' dir='ltr' id='par_1_1' title="bbox 677 474 1705 567">
     <span class='ocr_line' id='line_1_1' title="bbox 677 474 1705 567; baseline -0.009 0"><span class='ocrx_word' id='word_1_1' title='bbox 677 474 873 567; x_wconf 79' lang='lat' dir='ltr'>rnocns</span> <span class='ocrx_word' id='word_1_2' title='bbox 900 491 995 563; x_wconf 88' lang='lat' dir='ltr'>nns</span> <span class='ocrx_word' id='word_1_3' title='bbox 1021 488 1322 562; x_wconf 75' lang='lat' dir='ltr'>rnnrnrnns.</span> <span class='ocrx_word' id='word_1_4' title='bbox 1636 489 1705 558; x_wconf 79' lang='lat' dir='ltr'>irs</span> 
     </span>
    </p>
   </div>
   <div class='ocr_carea' id='block_1_2' title="bbox 292 605 1778 1388">
    <p class='ocr_par' dir='ltr' id='par_1_2' title="bbox 292 605 1778 1388">
     <span class='ocr_line' id='line_1_2' title="bbox 294 605 1778 745; baseline -0.008 -31"><span class='ocrx_word' id='word_1_5' title='bbox 294 666 370 745; x_wconf 88' lang='lat' dir='ltr'>qno</span> <span class='ocrx_word' id='word_1_6' title='bbox 385 637 507 714; x_wconf 84' lang='lat' dir='ltr'>luerat</span> <span class='ocrx_word' id='word_1_7' title='bbox 525 635 762 741; x_wconf 87' lang='lat' dir='ltr'>inquisitum,</span> <span class='ocrx_word' id='word_1_8' title='bbox 791 632 984 711; x_wconf 91' lang='lat' dir='ltr'>absolutus</span> <span class='ocrx_word' id='word_1_9' title='bbox 1008 649 1045 708; x_wconf 89' lang='lat' dir='ltr'>et</span> <span class='ocrx_word' id='word_1_10' title='bbox 1070 627 1329 706; x_wconf 90' lang='lat' dir='ltr'>reconciliatus</span> <span class='ocrx_word' id='word_1_11' title='bbox 1347 652 1415 730; x_wconf 89' lang='lat' dir='ltr'>per</span> <span class='ocrx_word' id='word_1_12' title='bbox 1434 624 1632 701; x_wconf 91' lang='lat' dir='ltr'>dominum</span> <span class='ocrx_word' id='word_1_13' title='bbox 1652 657 1708 703; x_wconf 90' lang='lat' dir='ltr'>ar·</span> <span class='ocrx_word' id='word_1_14' title='bbox 1774 605 1778 615; x_wconf 30' lang='lat'>³</span> 
     </span>
     <span class='ocr_line' id='line_1_3' title="bbox 293 753 1708 871; baseline -0.007 -28"><span class='ocrx_word' id='word_1_15' title='bbox 293 767 573 871; x_wconf 91' lang='lat' dir='ltr'>chiepiscopum</span> <span class='ocrx_word' id='word_1_16' title='bbox 593 767 873 854; x_wconf 86' lang='lat' dir='ltr'>Turonensem,</span> <span class='ocrx_word' id='word_1_17' title='bbox 895 762 1003 839; x_wconf 89' lang='lat' dir='ltr'>lectis</span> <span class='ocrx_word' id='word_1_18' title='bbox 1024 779 1061 838; x_wconf 86' lang='lat' dir='ltr'>et</span> <span class='ocrx_word' id='word_1_19' title='bbox 1081 759 1281 865; x_wconf 86' lang='lat' dir='ltr'><strong>diligenter</strong></span> <span class='ocrx_word' id='word_1_20' title='bbox 1305 754 1480 861; x_wconf 87' lang='lat' dir='ltr'>expositis</span> <span class='ocrx_word' id='word_1_21' title='bbox 1498 753 1569 831; x_wconf 85' lang='lat' dir='ltr'>sibi</span> <span class='ocrx_word' id='word_1_22' title='bbox 1589 759 1708 834; x_wconf 91' lang='lat' dir='ltr'>omni-</span> 
     </span>
     <span class='ocr_line' id='line_1_4' title="bbox 292 884 1763 1000; baseline -0.006 -29"><span class='ocrx_word' id='word_1_23' title='bbox 292 895 363 973; x_wconf 91' lang='lat' dir='ltr'>bus</span> <span class='ocrx_word' id='word_1_24' title='bbox 394 913 432 972; x_wconf 92' lang='lat' dir='ltr'>et</span> <span class='ocrx_word' id='word_1_25' title='bbox 458 893 616 1000; x_wconf 91' lang='lat' dir='ltr'>singulis</span> <span class='ocrx_word' id='word_1_26' title='bbox 645 893 828 981; x_wconf 84' lang='lat' dir='ltr'>articulis,</span> <span class='ocrx_word' id='word_1_27' title='bbox 858 890 1051 998; x_wconf 81' lang='lat' dir='ltr'><strong>respondit</strong></span> <span class='ocrx_word' id='word_1_28' title='bbox 1079 919 1119 967; x_wconf 89' lang='lat' dir='ltr'>se</span> <span class='ocrx_word' id='word_1_29' title='bbox 1151 888 1312 977; x_wconf 89' lang='lat' dir='ltr'>nescire,</span> <span class='ocrx_word' id='word_1_30' title='bbox 1338 912 1408 962; x_wconf 91' lang='lat' dir='ltr'>nec</span> <span class='ocrx_word' id='word_1_31' title='bbox 1435 884 1607 973; x_wconf 88' lang='lat' dir='ltr'>credere,</span> <span class='ocrx_word' id='word_1_32' title='bbox 1639 914 1707 962; x_wconf 89' lang='lat' dir='ltr'>nec</span> <span class='ocrx_word' id='word_1_33' title='bbox 1760 962 1763 984; x_wconf 67' lang='grc'>,</span> 
     </span>
     <span class='ocr_line' id='line_1_5' title="bbox 292 1014 1705 1120; baseline -0.006 -20"><span class='ocrx_word' id='word_1_34' title='bbox 292 1024 474 1101; x_wconf 88' lang='lat' dir='ltr'>audivisse</span> <span class='ocrx_word' id='word_1_35' title='bbox 502 1022 575 1099; x_wconf 90' lang='lat' dir='ltr'>dici</span> <span class='ocrx_word' id='word_1_36' title='bbox 601 1023 649 1101; x_wconf 91' lang='lat' dir='ltr'>de</span> <span class='ocrx_word' id='word_1_37' title='bbox 678 1023 865 1101; x_wconf 87' lang='lat' dir='ltr'>contentis</span> <span class='ocrx_word' id='word_1_38' title='bbox 888 1023 931 1099; x_wconf 80' lang='lat' dir='ltr'>in&#39;</span> <span class='ocrx_word' id='word_1_39' title='bbox 955 1020 1063 1098; x_wconf 86' lang='lat' dir='ltr'>dictis</span> <span class='ocrx_word' id='word_1_40' title='bbox 1094 1018 1260 1097; x_wconf 81' lang='lat' dir='ltr'>articulis</span> <span class='ocrx_word' id='word_1_41' title='bbox 1288 1016 1359 1092; x_wconf 91' lang='lat' dir='ltr'>nisi</span> <span class='ocrx_word' id='word_1_42' title='bbox 1394 1014 1498 1120; x_wconf 89' lang='lat' dir='ltr'>quod</span> <span class='ocrx_word' id='word_1_43' title='bbox 1524 1015 1705 1120; x_wconf 89' lang='lat' dir='ltr'>sequitur.</span> 
     </span>
     <span class='ocr_line' id='line_1_6' title="bbox 292 1144 1707 1258; baseline -0.006 -27"><span class='ocrx_word' id='word_1_44' title='bbox 292 1154 394 1231; x_wconf 85' lang='lat' dir='ltr'>Dixit</span> <span class='ocrx_word' id='word_1_45' title='bbox 425 1152 543 1242; x_wconf 91' lang='lat' dir='ltr'>enim,</span> <span class='ocrx_word' id='word_1_46' title='bbox 571 1153 842 1257; x_wconf 90' lang='lat' dir='ltr'>protestacione</span> <span class='ocrx_word' id='word_1_47' title='bbox 864 1152 1043 1258; x_wconf 87' lang='lat' dir='ltr'>premissa</span> <span class='ocrx_word' id='word_1_48' title='bbox 1063 1151 1169 1256; x_wconf 90' lang='lat' dir='ltr'>quod</span> <span class='ocrx_word' id='word_1_49' title='bbox 1192 1177 1269 1226; x_wconf 93' lang='lat' dir='ltr'>non</span> <span class='ocrx_word' id='word_1_50' title='bbox 1298 1144 1461 1222; x_wconf 78' lang='lat' dir='ltr'>intendit</span> <span class='ocrx_word' id='word_1_51' title='bbox 1486 1146 1662 1222; x_wconf 89' lang='lat' dir='ltr'>recedere</span> <span class='ocrx_word' id='word_1_52' title='bbox 1686 1176 1707 1223; x_wconf 93' lang='lat' dir='ltr'>a</span> 
     </span>
     <span class='ocr_line' id='line_1_7' title="bbox 294 1275 1704 1388; baseline -0.004 -28"><span class='ocrx_word' id='word_1_53' title='bbox 294 1282 530 1388; x_wconf 90' lang='lat' dir='ltr'>deposicione</span> <span class='ocrx_word' id='word_1_54' title='bbox 563 1309 630 1388; x_wconf 86' lang='lat' dir='ltr'>per</span> <span class='ocrx_word' id='word_1_55' title='bbox 664 1311 753 1360; x_wconf 90' lang='lat' dir='ltr'>eum</span> <span class='ocrx_word' id='word_1_56' title='bbox 787 1281 878 1359; x_wconf 83' lang='lat' dir='ltr'>sacta</span> <span class='ocrx_word' id='word_1_57' title='bbox 920 1309 1044 1358; x_wconf 91' lang='lat' dir='ltr'>coram</span> <span class='ocrx_word' id='word_1_58' title='bbox 1080 1280 1180 1357; x_wconf 91' lang='lat' dir='ltr'>dicto</span> <span class='ocrx_word' id='word_1_59' title='bbox 1218 1277 1373 1356; x_wconf 92' lang='lat' dir='ltr'>domino</span> <span class='ocrx_word' id='word_1_60' title='bbox 1407 1275 1704 1382; x_wconf 81' lang='lat' dir='ltr'>archiepiscopo,</span> 
     </span>
    </p>
   </div>
   <div class='ocr_carea' id='block_1_3' title="bbox 291 1405 1706 4880">
    <p class='ocr_par' dir='ltr' id='par_1_3' title="bbox 291 1405 1706 4880">
     <span class='ocr_line' id='line_1_8' title="bbox 292 1405 1706 1520; baseline -0.004 -31"><span class='ocrx_word' id='word_1_61' title='bbox 292 1413 396 1520; x_wconf 93' lang='lat' dir='ltr'>quod</span> <span class='ocrx_word' id='word_1_62' title='bbox 412 1412 491 1516; x_wconf 93' lang='lat' dir='ltr'>ipse</span> <span class='ocrx_word' id='word_1_63' title='bbox 508 1409 632 1488; x_wconf 82' lang='lat' dir='ltr'>suerat</span> <span class='ocrx_word' id='word_1_64' title='bbox 645 1428 818 1518; x_wconf 90' lang='lat' dir='ltr'>receptus</span> <span class='ocrx_word' id='word_1_65' title='bbox 834 1412 873 1488; x_wconf 93' lang='lat' dir='ltr'>in</span> <span class='ocrx_word' id='word_1_66' title='bbox 891 1411 1032 1517; x_wconf 89' lang='lat' dir='ltr'>capella</span> <span class='ocrx_word' id='word_1_67' title='bbox 1051 1411 1148 1488; x_wconf 88' lang='lat' dir='ltr'>dicte</span> <span class='ocrx_word' id='word_1_68' title='bbox 1167 1408 1303 1486; x_wconf 88' lang='lat' dir='ltr'>domus</span> <span class='ocrx_word' id='word_1_69' title='bbox 1323 1408 1370 1485; x_wconf 90' lang='lat' dir='ltr'>de</span> <span class='ocrx_word' id='word_1_70' title='bbox 1389 1408 1534 1513; x_wconf 85' lang='lat' dir='ltr'>Frotay,</span> <span class='ocrx_word' id='word_1_71' title='bbox 1555 1405 1706 1485; x_wconf 83' lang='lat' dir='ltr'>infesto</span> 
     </span>
     <span class='ocr_line' id='line_1_9' title="bbox 291 1535 1706 1648; baseline -0.004 -30"><span class='ocrx_word' id='word_1_72' title='bbox 291 1543 399 1618; x_wconf 88' lang='lat' dir='ltr'>beate</span> <span class='ocrx_word' id='word_1_73' title='bbox 424 1542 627 1618; x_wconf 86' lang='lat' dir='ltr'>llatherine</span> <span class='ocrx_word' id='word_1_74' title='bbox 652 1542 822 1648; x_wconf 86' lang='lat' dir='ltr'>proximo</span> <span class='ocrx_word' id='word_1_75' title='bbox 849 1543 1028 1648; x_wconf 87' lang='lat' dir='ltr'>preterito</span> <span class='ocrx_word' id='word_1_76' title='bbox 1048 1541 1203 1618; x_wconf 80' lang='lat' dir='ltr'>fuerunt</span> <span class='ocrx_word' id='word_1_77' title='bbox 1221 1565 1291 1617; x_wconf 83' lang='lat' dir='ltr'>xxv</span> <span class='ocrx_word' id='word_1_78' title='bbox 1318 1536 1404 1615; x_wconf 92' lang='lat' dir='ltr'>anni</span> <span class='ocrx_word' id='word_1_79' title='bbox 1428 1535 1486 1613; x_wconf 88' lang='lat' dir='ltr'>vel</span> <span class='ocrx_word' id='word_1_80' title='bbox 1509 1536 1619 1627; x_wconf 88' lang='lat' dir='ltr'>circa,</span> <span class='ocrx_word' id='word_1_81' title='bbox 1638 1564 1706 1643; x_wconf 87' lang='lat' dir='ltr'>per</span> 
     </span>
     <span class='ocr_line' id='line_1_10' title="bbox 292 1666 1705 1779; baseline -0.004 -32"><span class='ocrx_word' id='word_1_82' title='bbox 292 1671 444 1747; x_wconf 79' lang='lat' dir='ltr'>fratrem</span> <span class='ocrx_word' id='word_1_83' title='bbox 464 1671 673 1747; x_wconf 77' lang='lat' dir='ltr'>lohannem</span> <span class='ocrx_word' id='word_1_84' title='bbox 695 1671 743 1749; x_wconf 94' lang='lat' dir='ltr'>de</span> <span class='ocrx_word' id='word_1_85' title='bbox 769 1671 894 1779; x_wconf 85' lang='lat' dir='ltr'>Soday</span> <span class='ocrx_word' id='word_1_86' title='bbox 914 1670 1075 1748; x_wconf 89' lang='lat' dir='ltr'>militem</span> <span class='ocrx_word' id='word_1_87' title='bbox 1097 1669 1306 1776; x_wconf 89' lang='lat' dir='ltr'>quondam,</span> <span class='ocrx_word' id='word_1_88' title='bbox 1325 1684 1584 1772; x_wconf 83' lang='lat' dir='ltr'>preceptorem</span> <span class='ocrx_word' id='word_1_89' title='bbox 1607 1666 1705 1742; x_wconf 89' lang='lat' dir='ltr'>dicte</span> 
     </span>
     <span class='ocr_line' id='line_1_11' title="bbox 293 1795 1705 1906; baseline -0.004 -30"><span class='ocrx_word' id='word_1_90' title='bbox 293 1801 444 1887; x_wconf 91' lang='lat' dir='ltr'>domus,</span> <span class='ocrx_word' id='word_1_91' title='bbox 470 1800 705 1906; x_wconf 86' lang='lat' dir='ltr'>presentibus</span> <span class='ocrx_word' id='word_1_92' title='bbox 736 1799 913 1879; x_wconf 70' lang='lat' dir='ltr'>batribus</span> <span class='ocrx_word' id='word_1_93' title='bbox 935 1801 1054 1878; x_wconf 81' lang='lat' dir='ltr'>Adam</span> <span class='ocrx_word' id='word_1_94' title='bbox 1082 1799 1263 1904; x_wconf 89' lang='lat' dir='ltr'>clavigero</span> <span class='ocrx_word' id='word_1_95' title='bbox 1294 1795 1391 1872; x_wconf 90' lang='lat' dir='ltr'>dicte</span> <span class='ocrx_word' id='word_1_96' title='bbox 1417 1795 1571 1884; x_wconf 91' lang='lat' dir='ltr'>domus,</span> <span class='ocrx_word' id='word_1_97' title='bbox 1597 1796 1705 1901; x_wconf 87' lang='lat' dir='ltr'>Hym·</span> 
     </span>
     <span class='ocr_line' id='line_1_12' title="bbox 292 1923 1705 2036; baseline -0.004 -31"><span class='ocrx_word' id='word_1_98' title='bbox 292 1930 401 2007; x_wconf 90' lang='lat' dir='ltr'>berto</span> <span class='ocrx_word' id='word_1_99' title='bbox 418 1931 556 2036; x_wconf 84' lang='lat' dir='ltr'>Boysso</span> <span class='ocrx_word' id='word_1_100' title='bbox 579 1947 617 2006; x_wconf 90' lang='lat' dir='ltr'>et</span> <span class='ocrx_word' id='word_1_101' title='bbox 636 1933 745 2007; x_wconf 90' lang='lat' dir='ltr'>Petro</span> <span class='ocrx_word' id='word_1_102' title='bbox 764 1933 957 2036; x_wconf 81' lang='lat' dir='ltr'>Faugeyro</span> <span class='ocrx_word' id='word_1_103' title='bbox 974 1927 1238 2015; x_wconf 83' lang='lat' dir='ltr'>servientibus,</span> <span class='ocrx_word' id='word_1_104' title='bbox 1258 1923 1472 2012; x_wconf 87' lang='lat' dir='ltr'>deffunctis,</span> <span class='ocrx_word' id='word_1_105' title='bbox 1489 1941 1526 1999; x_wconf 88' lang='lat' dir='ltr'>et</span> <span class='ocrx_word' id='word_1_106' title='bbox 1545 1924 1584 1999; x_wconf 95' lang='lat' dir='ltr'>in</span> <span class='ocrx_word' id='word_1_107' title='bbox 1604 1923 1705 2001; x_wconf 89' lang='lat' dir='ltr'>hunc</span> 
     </span>
     <span class='ocr_line' id='line_1_13' title="bbox 293 2056 1705 2164; baseline -0.003 -30"><span class='ocrx_word' id='word_1_108' title='bbox 293 2059 480 2134; x_wconf 88' lang='lat' dir='ltr'>modum:</span> <span class='ocrx_word' id='word_1_109' title='bbox 511 2087 598 2134; x_wconf 91' lang='lat' dir='ltr'>nam</span> <span class='ocrx_word' id='word_1_110' title='bbox 629 2086 715 2135; x_wconf 92' lang='lat' dir='ltr'>cum</span> <span class='ocrx_word' id='word_1_111' title='bbox 743 2058 995 2164; x_wconf 83' lang='lat' dir='ltr'>requisivisset</span> <span class='ocrx_word' id='word_1_112' title='bbox 1022 2056 1239 2161; x_wconf 82' lang='lat' dir='ltr'>frequenter</span> <span class='ocrx_word' id='word_1_113' title='bbox 1270 2080 1404 2158; x_wconf 90' lang='lat' dir='ltr'>panem</span> <span class='ocrx_word' id='word_1_114' title='bbox 1436 2069 1473 2128; x_wconf 89' lang='lat' dir='ltr'>et</span> <span class='ocrx_word' id='word_1_115' title='bbox 1498 2079 1634 2158; x_wconf 90' lang='lat' dir='ltr'>aquam</span> <span class='ocrx_word' id='word_1_116' title='bbox 1668 2073 1705 2130; x_wconf 88' lang='lat' dir='ltr'>et</span> 
     </span>
     <span class='ocr_line' id='line_1_14' title="bbox 294 2181 1703 2276; baseline -0.006 -10"><span class='ocrx_word' id='word_1_117' title='bbox 294 2187 507 2266; x_wconf 89' lang='lat' dir='ltr'>societatem</span> <span class='ocrx_word' id='word_1_118' title='bbox 528 2186 690 2276; x_wconf 85' lang='lat' dir='ltr'>ordinis,</span> <span class='ocrx_word' id='word_1_119' title='bbox 711 2202 750 2262; x_wconf 95' lang='lat' dir='ltr'>et</span> <span class='ocrx_word' id='word_1_120' title='bbox 768 2185 965 2263; x_wconf 88' lang='lat' dir='ltr'>obtulisset</span> <span class='ocrx_word' id='word_1_121' title='bbox 979 2212 1018 2261; x_wconf 90' lang='lat' dir='ltr'>se</span> <span class='ocrx_word' id='word_1_122' title='bbox 1035 2184 1131 2260; x_wconf 87' lang='lat' dir='ltr'>velle</span> <span class='ocrx_word' id='word_1_123' title='bbox 1151 2183 1233 2260; x_wconf 88' lang='lat' dir='ltr'>lieri</span> <span class='ocrx_word' id='word_1_124' title='bbox 1253 2210 1399 2259; x_wconf 86' lang='lat' dir='ltr'>servum</span> <span class='ocrx_word' id='word_1_125' title='bbox 1415 2181 1599 2258; x_wconf 86' lang='lat' dir='ltr'>esclavum</span> <span class='ocrx_word' id='word_1_126' title='bbox 1616 2181 1703 2274; x_wconf 91' lang='lat' dir='ltr'>Dei,</span> 
     </span>
     <span class='ocr_line' id='line_1_15' title="bbox 293 2309 1703 2421; baseline -0.004 -28"><span class='ocrx_word' id='word_1_127' title='bbox 293 2318 400 2393; x_wconf 90' lang='lat' dir='ltr'>beate</span> <span class='ocrx_word' id='word_1_128' title='bbox 416 2315 533 2393; x_wconf 89' lang='lat' dir='ltr'>Marie</span> <span class='ocrx_word' id='word_1_129' title='bbox 553 2331 592 2392; x_wconf 88' lang='lat' dir='ltr'>et</span> <span class='ocrx_word' id='word_1_130' title='bbox 608 2314 765 2404; x_wconf 85' lang='lat' dir='ltr'>ordinis,</span> <span class='ocrx_word' id='word_1_131' title='bbox 795 2333 832 2391; x_wconf 91' lang='lat' dir='ltr'>et</span> <span class='ocrx_word' id='word_1_132' title='bbox 852 2314 1021 2421; x_wconf 90' lang='lat' dir='ltr'>predicto</span> <span class='ocrx_word' id='word_1_133' title='bbox 1048 2314 1081 2390; x_wconf 91' lang='lat' dir='ltr'>ei</span> <span class='ocrx_word' id='word_1_134' title='bbox 1103 2313 1208 2418; x_wconf 92' lang='lat' dir='ltr'>quod</span> <span class='ocrx_word' id='word_1_135' title='bbox 1230 2311 1328 2389; x_wconf 91' lang='lat' dir='ltr'>bene</span> <span class='ocrx_word' id='word_1_136' title='bbox 1349 2309 1574 2388; x_wconf 86' lang='lat' dir='ltr'>deliberaret</span> <span class='ocrx_word' id='word_1_137' title='bbox 1592 2339 1703 2418; x_wconf 89' lang='lat' dir='ltr'>supra</span> 
     </span>
     <span class='ocr_line' id='line_1_16' title="bbox 294 2439 1704 2549; baseline -0.003 -27"><span class='ocrx_word' id='word_1_138' title='bbox 294 2447 407 2532; x_wconf 91' lang='lat' dir='ltr'>dicta,</span> <span class='ocrx_word' id='word_1_139' title='bbox 431 2445 465 2520; x_wconf 89' lang='lat' dir='ltr'>ei</span> <span class='ocrx_word' id='word_1_140' title='bbox 481 2443 722 2522; x_wconf 82' lang='lat' dir='ltr'>concessisset</span> <span class='ocrx_word' id='word_1_141' title='bbox 741 2443 864 2520; x_wconf 89' lang='lat' dir='ltr'>dictus</span> <span class='ocrx_word' id='word_1_142' title='bbox 883 2459 1065 2548; x_wconf 89' lang='lat' dir='ltr'>receptor,</span> <span class='ocrx_word' id='word_1_143' title='bbox 1078 2439 1172 2517; x_wconf 79' lang='lat' dir='ltr'>lecit</span> <span class='ocrx_word' id='word_1_144' title='bbox 1190 2468 1278 2517; x_wconf 90' lang='lat' dir='ltr'>eum</span> <span class='ocrx_word' id='word_1_145' title='bbox 1296 2466 1426 2516; x_wconf 88' lang='lat' dir='ltr'>vovere</span> <span class='ocrx_word' id='word_1_146' title='bbox 1445 2455 1483 2516; x_wconf 91' lang='lat' dir='ltr'>et</span> <span class='ocrx_word' id='word_1_147' title='bbox 1498 2443 1626 2549; x_wconf 89' lang='lat' dir='ltr'>jurare</span> <span class='ocrx_word' id='word_1_148' title='bbox 1646 2470 1704 2518; x_wconf 89' lang='lat' dir='ltr'>ca·</span> 
     </span>
     <span class='ocr_line' id='line_1_17' title="bbox 293 2570 1704 2677; baseline -0.001 -26"><span class='ocrx_word' id='word_1_149' title='bbox 293 2578 473 2662; x_wconf 88' lang='lat' dir='ltr'>stitatem,</span> <span class='ocrx_word' id='word_1_150' title='bbox 496 2572 772 2658; x_wconf 85' lang='lat' dir='ltr'>obedienciam,</span> <span class='ocrx_word' id='word_1_151' title='bbox 792 2573 913 2650; x_wconf 87' lang='lat' dir='ltr'>vivere</span> <span class='ocrx_word' id='word_1_152' title='bbox 932 2572 1013 2650; x_wconf 93' lang='lat' dir='ltr'>sine</span> <span class='ocrx_word' id='word_1_153' title='bbox 1031 2573 1202 2677; x_wconf 87' lang='lat' dir='ltr'>proprio,</span> <span class='ocrx_word' id='word_1_154' title='bbox 1223 2587 1262 2647; x_wconf 89' lang='lat' dir='ltr'>et</span> <span class='ocrx_word' id='word_1_155' title='bbox 1277 2571 1382 2676; x_wconf 94' lang='lat' dir='ltr'>quod</span> <span class='ocrx_word' id='word_1_156' title='bbox 1401 2588 1561 2648; x_wconf 85' lang='lat' dir='ltr'>servaret</span> <span class='ocrx_word' id='word_1_157' title='bbox 1583 2570 1704 2650; x_wconf 90' lang='lat' dir='ltr'>bonos</span> 
     </span>
     <span class='ocr_line' id='line_1_18' title="bbox 294 2700 1705 2806; baseline -0.001 -28"><span class='ocrx_word' id='word_1_158' title='bbox 294 2731 384 2778; x_wconf 91' lang='lat' dir='ltr'>usus</span> <span class='ocrx_word' id='word_1_159' title='bbox 411 2703 476 2806; x_wconf 91' lang='lat' dir='ltr'>qui</span> <span class='ocrx_word' id='word_1_160' title='bbox 505 2718 596 2778; x_wconf 91' lang='lat' dir='ltr'>tunc</span> <span class='ocrx_word' id='word_1_161' title='bbox 624 2716 732 2776; x_wconf 89' lang='lat' dir='ltr'>erant</span> <span class='ocrx_word' id='word_1_162' title='bbox 750 2700 789 2775; x_wconf 93' lang='lat' dir='ltr'>in</span> <span class='ocrx_word' id='word_1_163' title='bbox 806 2701 958 2789; x_wconf 89' lang='lat' dir='ltr'>ordine,</span> <span class='ocrx_word' id='word_1_164' title='bbox 985 2718 1023 2778; x_wconf 89' lang='lat' dir='ltr'>et</span> <span class='ocrx_word' id='word_1_165' title='bbox 1046 2700 1111 2806; x_wconf 93' lang='lat' dir='ltr'>qui</span> <span class='ocrx_word' id='word_1_166' title='bbox 1132 2700 1417 2804; x_wconf 84' lang='lat' dir='ltr'>imponerentur</span> <span class='ocrx_word' id='word_1_167' title='bbox 1440 2701 1705 2777; x_wconf 89' lang='lat' dir='ltr'>cumconsilio</span> 
     </span>
     <span class='ocr_line' id='line_1_19' title="bbox 294 2825 1703 2935; baseline 0 -30"><span class='ocrx_word' id='word_1_168' title='bbox 294 2831 500 2935; x_wconf 89' lang='lat' dir='ltr'>proborum</span> <span class='ocrx_word' id='word_1_169' title='bbox 519 2829 677 2920; x_wconf 68' lang='lat' dir='ltr'>ordinis,</span> <span class='ocrx_word' id='word_1_170' title='bbox 699 2845 738 2906; x_wconf 89' lang='lat' dir='ltr'>et</span> <span class='ocrx_word' id='word_1_171' title='bbox 756 2828 930 2934; x_wconf 87' lang='lat' dir='ltr'>imposito</span> <span class='ocrx_word' id='word_1_172' title='bbox 951 2829 985 2904; x_wconf 92' lang='lat' dir='ltr'>ei</span> <span class='ocrx_word' id='word_1_173' title='bbox 1010 2827 1204 2918; x_wconf 86' lang='lat' dir='ltr'>mantello,</span> <span class='ocrx_word' id='word_1_174' title='bbox 1230 2827 1308 2932; x_wconf 91' lang='lat' dir='ltr'>ipse</span> <span class='ocrx_word' id='word_1_175' title='bbox 1336 2842 1375 2903; x_wconf 88' lang='lat' dir='ltr'>et</span> <span class='ocrx_word' id='word_1_176' title='bbox 1394 2825 1525 2903; x_wconf 85' lang='lat' dir='ltr'>iratres</span> <span class='ocrx_word' id='word_1_177' title='bbox 1543 2845 1703 2905; x_wconf 77' lang='lat' dir='ltr'>astantes</span> 
     </span>
     <span class='ocr_line' id='line_1_20' title="bbox 296 2954 1703 3063; baseline -0.001 -27"><span class='ocrx_word' id='word_1_178' title='bbox 296 2961 451 3036; x_wconf 84' lang='lat' dir='ltr'>suerunt</span> <span class='ocrx_word' id='word_1_179' title='bbox 470 2986 559 3037; x_wconf 89' lang='lat' dir='ltr'>eum</span> <span class='ocrx_word' id='word_1_180' title='bbox 577 2957 732 3036; x_wconf 90' lang='lat' dir='ltr'>osculati</span> <span class='ocrx_word' id='word_1_181' title='bbox 750 2959 790 3033; x_wconf 91' lang='lat' dir='ltr'>in</span> <span class='ocrx_word' id='word_1_182' title='bbox 816 2985 899 3047; x_wconf 72' lang='lat' dir='ltr'>ore,</span> <span class='ocrx_word' id='word_1_183' title='bbox 925 2975 964 3034; x_wconf 93' lang='lat' dir='ltr'>et</span> <span class='ocrx_word' id='word_1_184' title='bbox 989 2985 1034 3034; x_wconf 90' lang='lat' dir='ltr'>eo</span> <span class='ocrx_word' id='word_1_185' title='bbox 1051 2958 1232 3035; x_wconf 90' lang='lat' dir='ltr'>instructo</span> <span class='ocrx_word' id='word_1_186' title='bbox 1254 2954 1414 3062; x_wconf 88' lang='lat' dir='ltr'>qualiter</span> <span class='ocrx_word' id='word_1_187' title='bbox 1436 2975 1583 3063; x_wconf 89' lang='lat' dir='ltr'>regeret</span> <span class='ocrx_word' id='word_1_188' title='bbox 1605 2985 1645 3035; x_wconf 90' lang='lat' dir='ltr'>se</span> <span class='ocrx_word' id='word_1_189' title='bbox 1663 2960 1703 3034; x_wconf 93' lang='lat' dir='ltr'>in</span> 
     </span>
     <span class='ocr_line' id='line_1_21' title="bbox 292 3086 1703 3193; baseline 0.002 -29"><span class='ocrx_word' id='word_1_190' title='bbox 292 3090 441 3175; x_wconf 88' lang='lat' dir='ltr'>ordine,</span> <span class='ocrx_word' id='word_1_191' title='bbox 471 3089 594 3166; x_wconf 89' lang='lat' dir='ltr'>dictus</span> <span class='ocrx_word' id='word_1_192' title='bbox 628 3104 809 3193; x_wconf 85' lang='lat' dir='ltr'>receptor,</span> <span class='ocrx_word' id='word_1_193' title='bbox 844 3087 955 3164; x_wconf 91' lang='lat' dir='ltr'>certis</span> <span class='ocrx_word' id='word_1_194' title='bbox 990 3086 1270 3164; x_wconf 87' lang='lat' dir='ltr'>remanentibus</span> <span class='ocrx_word' id='word_1_195' title='bbox 1304 3087 1343 3163; x_wconf 93' lang='lat' dir='ltr'>in</span> <span class='ocrx_word' id='word_1_196' title='bbox 1379 3086 1535 3192; x_wconf 89' lang='lat' dir='ltr'>capella,</span> <span class='ocrx_word' id='word_1_197' title='bbox 1570 3117 1703 3167; x_wconf 89' lang='lat' dir='ltr'>vocans</span> 
     </span>
     <span class='ocr_line' id='line_1_22' title="bbox 292 3215 1703 3324; baseline 0.006 -32"><span class='ocrx_word' id='word_1_198' title='bbox 292 3222 414 3322; x_wconf 89' lang='lat' dir='ltr'>ipsum</span> <span class='ocrx_word' id='word_1_199' title='bbox 441 3234 575 3295; x_wconf 85' lang='lat' dir='ltr'>testem</span> <span class='ocrx_word' id='word_1_200' title='bbox 603 3235 705 3295; x_wconf 89' lang='lat' dir='ltr'>retro</span> <span class='ocrx_word' id='word_1_201' title='bbox 734 3216 863 3307; x_wconf 88' lang='lat' dir='ltr'>altare,</span> <span class='ocrx_word' id='word_1_202' title='bbox 896 3217 1061 3323; x_wconf 90' lang='lat' dir='ltr'>precepit</span> <span class='ocrx_word' id='word_1_203' title='bbox 1081 3218 1115 3293; x_wconf 90' lang='lat' dir='ltr'>ei</span> <span class='ocrx_word' id='word_1_204' title='bbox 1144 3218 1249 3323; x_wconf 91' lang='lat' dir='ltr'>quod</span> <span class='ocrx_word' id='word_1_205' title='bbox 1274 3215 1476 3324; x_wconf 87' lang='lat' dir='ltr'>abnegaret</span> <span class='ocrx_word' id='word_1_206' title='bbox 1500 3220 1638 3309; x_wconf 90' lang='lat' dir='ltr'>Deum,</span> <span class='ocrx_word' id='word_1_207' title='bbox 1666 3241 1703 3300; x_wconf 90' lang='lat' dir='ltr'>et</span> 
     </span>
     <span class='ocr_line' id='line_1_23' title="bbox 292 3345 1700 3458; baseline 0.004 -35"><span class='ocrx_word' id='word_1_208' title='bbox 292 3348 371 3452; x_wconf 90' lang='lat' dir='ltr'>ipse</span> <span class='ocrx_word' id='word_1_209' title='bbox 391 3346 585 3454; x_wconf 88' lang='lat' dir='ltr'>abnegavit</span> <span class='ocrx_word' id='word_1_210' title='bbox 607 3346 756 3438; x_wconf 93' lang='lat' dir='ltr'>dolens,</span> <span class='ocrx_word' id='word_1_211' title='bbox 780 3374 844 3423; x_wconf 92' lang='lat' dir='ltr'>ore</span> <span class='ocrx_word' id='word_1_212' title='bbox 864 3374 941 3423; x_wconf 91' lang='lat' dir='ltr'>non</span> <span class='ocrx_word' id='word_1_213' title='bbox 961 3347 1091 3436; x_wconf 86' lang='lat' dir='ltr'>corde,</span> <span class='ocrx_word' id='word_1_214' title='bbox 1110 3364 1153 3423; x_wconf 93' lang='lat' dir='ltr'>ut</span> <span class='ocrx_word' id='word_1_215' title='bbox 1180 3347 1282 3423; x_wconf 82' lang='lat' dir='ltr'>dixit.</span> <span class='ocrx_word' id='word_1_216' title='bbox 1305 3345 1451 3425; x_wconf 90' lang='lat' dir='ltr'>Deinde</span> <span class='ocrx_word' id='word_1_217' title='bbox 1482 3352 1650 3458; x_wconf 90' lang='lat' dir='ltr'>precepit</span> <span class='ocrx_word' id='word_1_218' title='bbox 1667 3357 1700 3429; x_wconf 91' lang='lat' dir='ltr'>ei</span> 
     </span>
     <span class='ocr_line' id='line_1_24' title="bbox 292 3476 1703 3586; baseline 0.005 -34"><span class='ocrx_word' id='word_1_219' title='bbox 292 3476 396 3581; x_wconf 92' lang='lat' dir='ltr'>quod</span> <span class='ocrx_word' id='word_1_220' title='bbox 426 3493 578 3582; x_wconf 88' lang='lat' dir='ltr'>spueret</span> <span class='ocrx_word' id='word_1_221' title='bbox 600 3505 713 3582; x_wconf 89' lang='lat' dir='ltr'>super</span> <span class='ocrx_word' id='word_1_222' title='bbox 742 3476 944 3582; x_wconf 85' lang='lat' dir='ltr'>quamdam</span> <span class='ocrx_word' id='word_1_223' title='bbox 974 3505 1123 3554; x_wconf 91' lang='lat' dir='ltr'>crucem</span> <span class='ocrx_word' id='word_1_224' title='bbox 1153 3476 1316 3586; x_wconf 81' lang='lat' dir='ltr'>ligneam</span> <span class='ocrx_word' id='word_1_225' title='bbox 1344 3479 1383 3553; x_wconf 91' lang='lat' dir='ltr'>in</span> <span class='ocrx_word' id='word_1_226' title='bbox 1412 3507 1487 3583; x_wconf 93' lang='lat' dir='ltr'>qua</span> <span class='ocrx_word' id='word_1_227' title='bbox 1516 3507 1591 3557; x_wconf 90' lang='lat' dir='ltr'>non</span> <span class='ocrx_word' id='word_1_228' title='bbox 1623 3503 1703 3559; x_wconf 89' lang='lat' dir='ltr'>erat</span> 
     </span>
     <span class='ocr_line' id='line_1_25' title="bbox 291 3605 1701 3715; baseline 0.003 -33"><span class='ocrx_word' id='word_1_229' title='bbox 291 3634 425 3712; x_wconf 83' lang='lat' dir='ltr'>ymago</span> <span class='ocrx_word' id='word_1_230' title='bbox 442 3605 634 3692; x_wconf 85' lang='lat' dir='ltr'>Crucifixi,</span> <span class='ocrx_word' id='word_1_231' title='bbox 659 3608 700 3682; x_wconf 91' lang='lat' dir='ltr'>in</span> <span class='ocrx_word' id='word_1_232' title='bbox 721 3623 859 3684; x_wconf 90' lang='lat' dir='ltr'>terram</span> <span class='ocrx_word' id='word_1_233' title='bbox 879 3606 1053 3712; x_wconf 87' lang='lat' dir='ltr'>positam,</span> <span class='ocrx_word' id='word_1_234' title='bbox 1080 3623 1118 3683; x_wconf 92' lang='lat' dir='ltr'>et</span> <span class='ocrx_word' id='word_1_235' title='bbox 1142 3607 1221 3712; x_wconf 91' lang='lat' dir='ltr'>ipse</span> <span class='ocrx_word' id='word_1_236' title='bbox 1245 3607 1350 3685; x_wconf 85' lang='lat' dir='ltr'>testis</span> <span class='ocrx_word' id='word_1_237' title='bbox 1374 3608 1474 3712; x_wconf 91' lang='lat' dir='ltr'>spuit</span> <span class='ocrx_word' id='word_1_238' title='bbox 1496 3636 1573 3685; x_wconf 93' lang='lat' dir='ltr'>non</span> <span class='ocrx_word' id='word_1_239' title='bbox 1591 3638 1701 3715; x_wconf 90' lang='lat' dir='ltr'>supra</span> 
     </span>
     <span class='ocr_line' id='line_1_26' title="bbox 292 3735 1700 3844; baseline 0.004 -33"><span class='ocrx_word' id='word_1_240' title='bbox 292 3737 360 3812; x_wconf 90' lang='lat' dir='ltr'>sed</span> <span class='ocrx_word' id='word_1_241' title='bbox 374 3737 479 3842; x_wconf 85' lang='lat' dir='ltr'>juxta</span> <span class='ocrx_word' id='word_1_242' title='bbox 508 3764 602 3814; x_wconf 87' lang='lat' dir='ltr'>eam.</span> <span class='ocrx_word' id='word_1_243' title='bbox 624 3738 756 3814; x_wconf 89' lang='lat' dir='ltr'>Postea</span> <span class='ocrx_word' id='word_1_244' title='bbox 775 3735 868 3813; x_wconf 88' lang='lat' dir='ltr'>dixit</span> <span class='ocrx_word' id='word_1_245' title='bbox 886 3738 920 3813; x_wconf 87' lang='lat' dir='ltr'>ei</span> <span class='ocrx_word' id='word_1_246' title='bbox 948 3738 1054 3844; x_wconf 89' lang='lat' dir='ltr'>quod</span> <span class='ocrx_word' id='word_1_247' title='bbox 1079 3753 1224 3843; x_wconf 86' lang='lat' dir='ltr'>poterat</span> <span class='ocrx_word' id='word_1_248' title='bbox 1250 3737 1425 3815; x_wconf 88' lang='lat' dir='ltr'>fratribus</span> <span class='ocrx_word' id='word_1_249' title='bbox 1452 3739 1594 3816; x_wconf 90' lang='lat' dir='ltr'>ordinis</span> <span class='ocrx_word' id='word_1_250' title='bbox 1622 3769 1700 3817; x_wconf 88' lang='lat' dir='ltr'>ear-</span> 
     </span>
     <span class='ocr_line' id='line_1_27' title="bbox 293 3865 1702 3971; baseline 0.006 -32"><span class='ocrx_word' id='word_1_251' title='bbox 293 3865 427 3943; x_wconf 89' lang='lat' dir='ltr'>naliter</span> <span class='ocrx_word' id='word_1_252' title='bbox 448 3867 680 3944; x_wconf 88' lang='lat' dir='ltr'>commisceri</span> <span class='ocrx_word' id='word_1_253' title='bbox 700 3883 739 3944; x_wconf 88' lang='lat' dir='ltr'>et</span> <span class='ocrx_word' id='word_1_254' title='bbox 760 3867 831 3971; x_wconf 91' lang='lat' dir='ltr'>ipsi</span> <span class='ocrx_word' id='word_1_255' title='bbox 851 3895 937 3944; x_wconf 91' lang='lat' dir='ltr'>cum</span> <span class='ocrx_word' id='word_1_256' title='bbox 961 3895 1024 3958; x_wconf 73' lang='grc' dir='ltr'>θος</span> <span class='ocrx_word' id='word_1_257' title='bbox 1045 3868 1117 3945; x_wconf 88' lang='lat' dir='ltr'>hoc</span> <span class='ocrx_word' id='word_1_258' title='bbox 1134 3885 1260 3945; x_wconf 87' lang='lat' dir='ltr'>tamen</span> <span class='ocrx_word' id='word_1_259' title='bbox 1279 3896 1356 3947; x_wconf 92' lang='lat' dir='ltr'>non</span> <span class='ocrx_word' id='word_1_260' title='bbox 1376 3868 1478 3959; x_wconf 83' lang='lat' dir='ltr'>feeit,</span> <span class='ocrx_word' id='word_1_261' title='bbox 1501 3895 1569 3944; x_wconf 90' lang='lat' dir='ltr'>uec</span> <span class='ocrx_word' id='word_1_262' title='bbox 1584 3870 1702 3947; x_wconf 89' lang='lat' dir='ltr'>credit</span> 
     </span>
     <span class='ocr_line' id='line_1_28' title="bbox 291 3993 1699 4104; baseline 0.003 -34"><span class='ocrx_word' id='word_1_263' title='bbox 291 3993 395 4098; x_wconf 92' lang='lat' dir='ltr'>quod</span> <span class='ocrx_word' id='word_1_264' title='bbox 409 3994 448 4070; x_wconf 93' lang='lat' dir='ltr'>in</span> <span class='ocrx_word' id='word_1_265' title='bbox 468 3995 600 4072; x_wconf 89' lang='lat' dir='ltr'>ordine</span> <span class='ocrx_word' id='word_1_266' title='bbox 617 3994 736 4073; x_wconf 84' lang='lat' dir='ltr'>fieret.</span> <span class='ocrx_word' id='word_1_267' title='bbox 753 3996 856 4075; x_wconf 85' lang='lat' dir='ltr'>Dixit</span> <span class='ocrx_word' id='word_1_268' title='bbox 872 4013 999 4073; x_wconf 89' lang='lat' dir='ltr'>tamen</span> <span class='ocrx_word' id='word_1_269' title='bbox 1017 3996 1139 4074; x_wconf 89' lang='lat' dir='ltr'>dictus</span> <span class='ocrx_word' id='word_1_270' title='bbox 1158 4013 1329 4102; x_wconf 86' lang='lat' dir='ltr'>receptor</span> <span class='ocrx_word' id='word_1_271' title='bbox 1348 3996 1472 4072; x_wconf 90' lang='lat' dir='ltr'>eidem</span> <span class='ocrx_word' id='word_1_272' title='bbox 1490 3996 1575 4072; x_wconf 90' lang='lat' dir='ltr'>testi</span> <span class='ocrx_word' id='word_1_273' title='bbox 1595 3999 1699 4104; x_wconf 90' lang='lat' dir='ltr'>quod</span> 
     </span>
     <span class='ocr_line' id='line_1_29' title="bbox 292 4122 1699 4230; baseline 0.008 -35"><span class='ocrx_word' id='word_1_274' title='bbox 292 4122 459 4225; x_wconf 87' lang='lat' dir='ltr'>predicta</span> <span class='ocrx_word' id='word_1_275' title='bbox 478 4141 586 4200; x_wconf 88' lang='lat' dir='ltr'>erant</span> <span class='ocrx_word' id='word_1_276' title='bbox 611 4123 659 4201; x_wconf 85' lang='lat' dir='ltr'>de</span> <span class='ocrx_word' id='word_1_277' title='bbox 682 4125 831 4230; x_wconf 82' lang='lat' dir='ltr'>punctis</span> <span class='ocrx_word' id='word_1_278' title='bbox 853 4125 1012 4215; x_wconf 88' lang='lat' dir='ltr'>ordinis,</span> <span class='ocrx_word' id='word_1_279' title='bbox 1042 4143 1080 4202; x_wconf 91' lang='lat' dir='ltr'>et</span> <span class='ocrx_word' id='word_1_280' title='bbox 1111 4125 1203 4201; x_wconf 88' lang='lat' dir='ltr'>dixit</span> <span class='ocrx_word' id='word_1_281' title='bbox 1228 4125 1329 4201; x_wconf 89' lang='lat' dir='ltr'>idem</span> <span class='ocrx_word' id='word_1_282' title='bbox 1358 4123 1462 4202; x_wconf 87' lang='lat' dir='ltr'>testis</span> <span class='ocrx_word' id='word_1_283' title='bbox 1485 4152 1524 4202; x_wconf 91' lang='lat' dir='ltr'>se</span> <span class='ocrx_word' id='word_1_284' title='bbox 1548 4127 1699 4206; x_wconf 89' lang='lat' dir='ltr'>credere</span> 
     </span>
     <span class='ocr_line' id='line_1_30' title="bbox 292 4246 1699 4364; baseline 0.009 -42"><span class='ocrx_word' id='word_1_285' title='bbox 292 4247 397 4352; x_wconf 91' lang='lat' dir='ltr'>quod</span> <span class='ocrx_word' id='word_1_286' title='bbox 420 4246 535 4354; x_wconf 85' lang='lat' dir='ltr'>aliqui</span> <span class='ocrx_word' id='word_1_287' title='bbox 568 4250 825 4355; x_wconf 88' lang='lat' dir='ltr'>reciperentur</span> <span class='ocrx_word' id='word_1_288' title='bbox 850 4251 1057 4328; x_wconf 89' lang='lat' dir='ltr'>secundum</span> <span class='ocrx_word' id='word_1_289' title='bbox 1088 4251 1246 4328; x_wconf 89' lang='lat' dir='ltr'>modum</span> <span class='ocrx_word' id='word_1_290' title='bbox 1272 4253 1484 4356; x_wconf 88' lang='lat' dir='ltr'>predictum</span> <span class='ocrx_word' id='word_1_291' title='bbox 1514 4273 1552 4332; x_wconf 91' lang='lat' dir='ltr'>et</span> <span class='ocrx_word' id='word_1_292' title='bbox 1584 4257 1699 4364; x_wconf 87' lang='lat' dir='ltr'>aliqui</span> 
     </span>
     <span class='ocr_line' id='line_1_31' title="bbox 293 4376 1700 4489; baseline 0.007 -37"><span class='ocrx_word' id='word_1_293' title='bbox 293 4404 387 4463; x_wconf 92' lang='lat' dir='ltr'>non,</span> <span class='ocrx_word' id='word_1_294' title='bbox 411 4376 499 4482; x_wconf 93' lang='lat' dir='ltr'>quia</span> <span class='ocrx_word' id='word_1_295' title='bbox 517 4377 658 4454; x_wconf 79' lang='lat' dir='ltr'>audivit</span> <span class='ocrx_word' id='word_1_296' title='bbox 675 4379 748 4455; x_wconf 92' lang='lat' dir='ltr'>dici</span> <span class='ocrx_word' id='word_1_297' title='bbox 776 4381 823 4457; x_wconf 89' lang='lat' dir='ltr'>ab</span> <span class='ocrx_word' id='word_1_298' title='bbox 840 4378 1031 4484; x_wconf 89' lang='lat' dir='ltr'>aliquibus</span> <span class='ocrx_word' id='word_1_299' title='bbox 1049 4378 1226 4457; x_wconf 83' lang='lat' dir='ltr'>fratribus</span> <span class='ocrx_word' id='word_1_300' title='bbox 1253 4380 1395 4459; x_wconf 91' lang='lat' dir='ltr'>ordinis</span> <span class='ocrx_word' id='word_1_301' title='bbox 1414 4386 1519 4488; x_wconf 91' lang='lat' dir='ltr'>qnod</span> <span class='ocrx_word' id='word_1_302' title='bbox 1536 4385 1700 4489; x_wconf 87' lang='lat' dir='ltr'>predicta</span> 
     </span>
     <span class='ocr_line' id='line_1_32' title="bbox 292 4505 1699 4618; baseline 0.009 -36"><span class='ocrx_word' id='word_1_303' title='bbox 292 4505 420 4584; x_wconf 90' lang='lat' dir='ltr'>illicita</span> <span class='ocrx_word' id='word_1_304' title='bbox 446 4507 715 4585; x_wconf 86' lang='lat' dir='ltr'>intervenirent</span> <span class='ocrx_word' id='word_1_305' title='bbox 739 4508 779 4584; x_wconf 93' lang='lat' dir='ltr'>in</span> <span class='ocrx_word' id='word_1_306' title='bbox 806 4507 1087 4614; x_wconf 89' lang='lat' dir='ltr'>recepcionibus</span> <span class='ocrx_word' id='word_1_307' title='bbox 1115 4538 1247 4589; x_wconf 89' lang='lat' dir='ltr'>eorum</span> <span class='ocrx_word' id='word_1_308' title='bbox 1274 4511 1332 4588; x_wconf 88' lang='lat' dir='ltr'>vel</span> <span class='ocrx_word' id='word_1_309' title='bbox 1354 4531 1454 4618; x_wconf 87' lang='lat' dir='ltr'>post,</span> <span class='ocrx_word' id='word_1_310' title='bbox 1481 4530 1519 4590; x_wconf 91' lang='lat' dir='ltr'>et</span> <span class='ocrx_word' id='word_1_311' title='bbox 1543 4514 1590 4591; x_wconf 89' lang='lat' dir='ltr'>ab</span> <span class='ocrx_word' id='word_1_312' title='bbox 1618 4513 1699 4594; x_wconf 84' lang='lat' dir='ltr'>aliis</span> 
     </span>
     <span class='ocr_line' id='line_1_33' title="bbox 293 4636 1698 4722; baseline 0.008 -11"><span class='ocrx_word' id='word_1_313' title='bbox 293 4636 520 4712; x_wconf 88' lang='lat' dir='ltr'>contrarium</span> <span class='ocrx_word' id='word_1_314' title='bbox 537 4636 611 4714; x_wconf 88' lang='lat' dir='ltr'>:de</span> <span class='ocrx_word' id='word_1_315' title='bbox 632 4637 821 4716; x_wconf 90' lang='lat' dir='ltr'>dictorum</span> <span class='ocrx_word' id='word_1_316' title='bbox 849 4655 975 4715; x_wconf 88' lang='lat' dir='ltr'>tamen</span> <span class='ocrx_word' id='word_1_317' title='bbox 994 4638 1151 4718; x_wconf 80' lang='lat' dir='ltr'>fratrum</span> <span class='ocrx_word' id='word_1_318' title='bbox 1175 4639 1393 4719; x_wconf 87' lang='lat' dir='ltr'>nominibus</span> <span class='ocrx_word' id='word_1_319' title='bbox 1423 4670 1500 4720; x_wconf 93' lang='lat' dir='ltr'>nou</span> <span class='ocrx_word' id='word_1_320' title='bbox 1527 4644 1698 4722; x_wconf 86' lang='lat' dir='ltr'>recorda-</span> 
     </span>
     <span class='ocr_line' id='line_1_34' title="bbox 292 4766 1697 4880; baseline 0.009 -41"><span class='ocrx_word' id='word_1_321' title='bbox 292 4781 364 4840; x_wconf 91' lang='lat' dir='ltr'>tur.</span> <span class='ocrx_word' id='word_1_322' title='bbox 387 4766 601 4872; x_wconf 84' lang='lat' dir='ltr'>Requisitus</span> <span class='ocrx_word' id='word_1_323' title='bbox 627 4767 656 4845; x_wconf 91' lang='lat' dir='ltr'>si</span> <span class='ocrx_word' id='word_1_324' title='bbox 676 4767 819 4845; x_wconf 86' lang='lat' dir='ltr'>viderat</span> <span class='ocrx_word' id='word_1_325' title='bbox 841 4767 988 4875; x_wconf 86' lang='lat' dir='ltr'>aliquos</span> <span class='ocrx_word' id='word_1_326' title='bbox 1015 4769 1107 4849; x_wconf 86' lang='lat' dir='ltr'>alios</span> <span class='ocrx_word' id='word_1_327' title='bbox 1125 4771 1238 4875; x_wconf 90' lang='lat' dir='ltr'>recipi</span> <span class='ocrx_word' id='word_1_328' title='bbox 1268 4772 1307 4848; x_wconf 93' lang='lat' dir='ltr'>in</span> <span class='ocrx_word' id='word_1_329' title='bbox 1326 4772 1478 4859; x_wconf 91' lang='lat' dir='ltr'>ordine,</span> <span class='ocrx_word' id='word_1_330' title='bbox 1504 4774 1697 4880; x_wconf 89' lang='lat' dir='ltr'>respoudit</span> 
     </span>
    </p>
   </div>
   <div class='ocr_carea' id='block_1_4' title="bbox 0 0 2120 5956">
    <p class='ocr_par' dir='ltr' id='par_1_4' title="bbox 0 0 2120 5956">
     <span class='ocr_line' id='line_1_35' title="bbox 0 0 2120 5956; baseline 0 0"><span class='ocrx_word' id='word_1_331' title='bbox 0 0 2120 5956; x_wconf 95' lang='lat' dir='ltr'> </span> 
     </span>
    </p>
   </div>
  </div>
 </body>
</html>
