4268 5946
653 498 851 591 rnocts
877 517 976 590 urs
1003 516 1305 635 retinemus.
1645 520 1693 591 sr

265 658 531 737 nesciebstnec
540 658 733 737 audiverat
748 660 840 749 dici,
862 658 929 737 sed
946 652 1108 755 credeba¹
1175 652 1193 745 ¹.
1220 657 1311 735 deis
1320 657 1579 765 preciperetur
1590 659 1693 767 quod

264 789 529 867 conculcarent
552 818 703 867 crucem
725 809 763 868 et
787 808 969 901 spuerent
992 818 1083 896 supr
1145 780 1151 811 ³
1175 880 1181 891 θ
1212 792 1230 891 ‚⁸
1254 789 1322 867 sed
1342 792 1427 866 non'
1447 791 1567 867 credit
1589 790 1695 897 quod

264 920 429 1015 facerent
452 903 689 1028 spuicionem
709 939 748 999 et
765 921 1094 1001 conculcacionem
1114 890 1312 1028 prbdictas.
1338 921 1449 1013 Item,
1476 919 1571 998 dixit
1589 923 1695 1029 quod

264 1052 343 1158 ipse
353 1053 451 1131 bene
465 1052 643 1130 credebat
652 1050 909 1132 ecclesiasticis
923 1052 1180 1141 sacramentis,
1194 1068 1233 1128 et
1242 1050 1363 1129 credit
1374 1051 1479 1158 quod
1488 1051 1552 1129 alii
1562 1051 1695 1156 fratres

265 1183 409 1261 ordinis
423 1183 523 1262 bene
539 1186 755 1279 crederent,
778 1215 946 1266 asserens
963 1186 1068 1292 quod
1088 1186 1249 1264 existens
1268 1185 1310 1262 in
1328 1185 1462 1263 ordine
1479 1184 1693 1264 secundum

263 1314 422 1391 sormam
432 1314 831 1411 Ecclesiecelebrabat,
845 1336 883 1397 et
893 1316 1014 1396 credit
1027 1319 1133 1424 quod
1143 1315 1208 1392 alii
1219 1314 1418 1424 presbiteri
1432 1315 1576 1394 ordinis
1590 1315 1693 1394 idem

264 1444 438 1538 facerent,
454 1475 525 1525 nec
540 1447 683 1524 audivit
696 1447 750 1525 eis
763 1449 906 1558 precipi
922 1448 1026 1556 quod
1041 1449 1154 1528 verba
1166 1448 1320 1526 canonis
1335 1446 1591 1526 obmitterent.
1610 1448 1694 1527 Sta-

262 1577 331 1652 tim
346 1607 414 1684 pro
423 1576 860 1685 professisbabebantur.
876 1580 1119 1679 Clandestine
1129 1577 1419 1686 recipiebantur,
1432 1607 1476 1656 ex
1486 1607 1564 1686 quo
1574 1577 1696 1656 credit

263 1709 368 1815 quod
382 1728 479 1787 esset
492 1709 588 1787 mala
603 1710 767 1819 suspicio
779 1728 909 1789 contra
924 1739 1001 1790 eos.
1019 1711 1197 1792 Cordulis
1209 1694 1455 1819 cingebantur
1463 1738 1560 1819 quas
1574 1691 1696 1789 sume

262 1838 353 1916 bant
365 1843 469 1919 unde
483 1841 672 1921 tolebant.
689 1842 939 1921 Inhibebatur
951 1843 1005 1921 eis
1018 1844 1123 1951 quod
1137 1871 1214 1920 non
1229 1843 1439 1920 revelarent
1448 1858 1590 1920 secreta
1602 1842 1695 1948 capi·

261 1969 449 2060 tulorum,
466 1968 581 2078 etqui
594 1971 836 2061 revelassent,
855 1972 1013 2050 luissent
1026 1972 1166 2078 puniti,
1181 1973 1301 2048 nescit
1314 1968 1488 2077 qualiter.
1504 1971 1560 2046 De
1575 1968 1693 2049 modo

263 2101 493 2206 recepcionis
505 2129 582 2178 non
593 2100 883 2179 revelandonon
893 2100 1037 2178 audivit
1047 2100 1128 2178 [ieri
1141 2099 1415 2209 inhibicionem
1425 2095 1692 2204 specialemsi
1816 2101 1820 2107 ⁷

264 2247 369 2306 erant
383 2229 498 2336 aliqui
512 2230 577 2337 qui
592 2231 731 2308 scirent
741 2259 904 2320 errores,
916 2228 1074 2307 luerunt
1087 2229 1323 2337 negligentes
1337 2231 1426 2337 quia
1440 2256 1518 2307 non
1531 2259 1694 2310 correxs

262 2378 352 2436 runt
370 2388 435 2438 eos
456 2388 525 2436 nec
544 2361 868 2437 denunciaverunt
885 2359 1063 2438 Ecclesie.
1085 2359 1320 2440 Elemosinas
1338 2377 1376 2439 et
1397 2358 1693 2468 hospitalitatem

259 2490 354 2566 vidit
363 2489 628 2567 convenienter
638 2488 720 2566 lieri
733 2507 771 2567 et
780 2491 916 2569 servari
927 2491 967 2567 in
977 2489 1157 2568 domibus
1168 2490 1314 2570 ordinis
1324 2491 1364 2569 in
1374 2491 1516 2600 quibus
1526 2492 1599 2572 fuit
1611 2522 1694 2573 con·

260 2638 436 2699 versatus.
454 2621 560 2701 Clam
571 2621 796 2700 tenebantur
807 2619 993 2729 capitulia,
1004 2622 1101 2700 sicut
1113 2623 1255 2699 audivit
1265 2623 1351 2700 dici.
1364 2623 1434 2701 Illa
1443 2652 1519 2731 que
1531 2625 1694 2703 ordinas·

260 2767 317 2828 set
336 2751 511 2859 Magister
530 2781 618 2828 cum
639 2769 826 2830 conventu
840 2780 909 2829 sno
925 2769 1106 2831 servasset
1120 2767 1223 2843 totus
1243 2753 1338 2830 ordo
1352 2754 1382 2830 si
1400 2771 1525 2830 essent
1536 2754 1636 2832 bona
1654 2774 1693 2834 et

254 2884 368 2990 justa,
380 2881 489 2960 aliter
497 2910 587 2970 non,
597 2882 1006 2961 sicutcredit.Grandia
1014 2880 1198 2968 scandala,
1211 2882 1375 2991 suspicio
1385 2901 1422 2959 et
1430 2882 1581 2961 infamia
1589 2913 1692 2963 nunc

260 3030 389 3093 contra
404 3014 579 3092 ordinem
594 3030 682 3090 sunt
694 3031 830 3091 exorta.
848 3012 1002 3091 Audivit
1017 3012 1089 3089 dici
1102 3040 1282 3120 magnum
1298 3014 1519 3121 Magistrum
1534 3033 1572 3093 et
1583 3045 1692 3123 quos

260 3146 345 3222 dam
357 3144 451 3224 alios
463 3143 609 3251 aliquos
620 3171 777 3233 errores,
791 3144 911 3222 nescit
917 3171 1024 3250 quos,
1038 3159 1167 3221 contra
1177 3144 1352 3223 ordinem
1362 3144 1477 3225 fuisse
1488 3146 1687 3228 confessos.

314 3277 532 3384 Requisitus
547 3277 577 3355 si
596 3277 648 3354 sic
664 3276 890 3384 deposuerat
899 3304 1028 3385 prece,
1040 3292 1236 3384 precepto,
1247 3277 1403 3368 timore,
1420 3305 1563 3370 amore,
1581 3278 1687 3369 odio,

258 3409 316 3487 vel
336 3409 537 3516 temporali
553 3410 716 3488 comodo
732 3408 863 3488 habito
878 3408 936 3486 vel
957 3408 1151 3499 habendo,
1172 3409 1368 3516 respondit
1383 3410 1490 3518 quod
1506 3438 1600 3499 non,
1621 3410 1691 3489 sed

257 3570 326 3648 pro
345 3542 499 3621 veritate
526 3540 702 3631 diceuda3
731 3542 791 3619 cui
816 3540 892 3619 suit
916 3540 1129 3649 injunctum
1155 3541 1260 3649 quod
1285 3570 1363 3620 non
1387 3540 1570 3621 revelaret
1594 3543 1690 3621 hanc

257 3701 365 3750 suam
378 3672 660 3779 deposicionem
680 3701 881 3781 quousque
899 3672 1160 3751 attestaciones
1181 3670 1322 3751 suerint
1341 3671 1549 3781 publicste3
1571 3688 1610 3749 et
1629 3672 1691 3750 ob

135 3831 138 3838 ¹
257 3802 397 3888 tulerat
414 3832 454 3885 se
475 3802 703 3886 deffensioni
722 3803 813 3885 dicti
833 3803 978 3888 ordinis
998 3832 1181 3889 unacum
1201 3803 1294 3890 aliis.

313 4071 441 4149 Frater
457 4072 648 4151 lohannes
666 4072 714 4149 de
728 4071 937 4181 Fregevilla
956 4070 1119 4149 serviens
1138 4067 1368 4150 Senonensis
1386 4063 1562 4153 diocesis,
1581 4064 1689 4142 testis

257 4228 368 4304 supra
378 4203 544 4307 juratus,
567 4202 744 4310 agricola,
766 4201 1042 4310 quinquaginta
1060 4200 1232 4306 quinque
1248 4224 1434 4274 annorum
1455 4194 1514 4275 vel
1534 4195 1647 4283 circa,
1668 4224 1689 4271 a

256 4356 334 4434 quo
349 4328 575 4405 mantellum
588 4347 804 4406 amoverant
818 4328 874 4406 illi
889 4327 956 4434 qui
969 4343 1150 4432 ceperunt
1165 4355 1253 4403 eum
1271 4343 1309 4404 et
1322 4343 1574 4434 preceperunt
1583 4328 1686 4433 quod

255 4460 337 4536 radi
363 4457 503 4537 faceret
523 4460 595 4538 sibi
616 4460 791 4549 barbam,
820 4487 908 4537 cnm
925 4487 1003 4565 quo
1025 4459 1250 4566 inquisitum
1274 4457 1411 4551 fuerat,
1436 4456 1632 4537 absolutus
1650 4475 1688 4536 et

256 4591 518 4670 reconciliatus
537 4592 698 4670 Senonis
710 4620 779 4699 per
791 4591 993 4669 dominum
1010 4589 1230 4699 episcopum
1250 4590 1578 4678 Aurelianensem,
1595 4588 1685 4668 sede

256 4723 476 4802 Senonense
507 4741 675 4816 vacante,
708 4724 815 4803 lectis
842 4740 881 4802 et
910 4723 1111 4833 diligenter
1138 4724 1314 4831 expositis
1345 4722 1417 4801 sibi
1445 4720 1624 4799 omnibus
1649 4738 1687 4800 et

256 4855 413 4963 singulis
436 4855 620 4949 articulis,
650 4856 846 4961 respondit
869 4855 974 4964 quod
994 4882 1190 4961 nunquam
1217 4855 1360 4934 viderat
1381 4854 1547 4964 aliquem
1567 4854 1683 4933 elium
