4230 5956
709 462 906 555 raoees
937 477 1033 550 oss
1063 474 1366 548 TEMPLIERS.
1664 474 1739 545 aas

325 626 499 706 volebant
513 623 711 726 assumptis
725 621 968 727 cingebantur
982 648 1095 724 super
1111 616 1279 694 camisias
1297 645 1384 691 cum
1398 614 1537 720 quibus
1549 616 1737 720 jacebant,

325 758 392 835 sed
408 757 456 832 de
476 753 598 862 ydolis
617 769 656 829 et
672 752 856 858 capitibus
873 750 1090 858 ydolorum,
1113 749 1215 825 etde
1236 747 1318 823 aliis
1332 745 1517 850 capitibus
1538 744 1739 851 dequibus

326 887 584 992 deposuerunt
614 883 790 987 magister
821 879 1033 957 Anthonius
1062 878 1110 953 de
1136 877 1317 954 Vercellis
1346 894 1383 952 et
1408 874 1522 951 frater
1552 876 1661 980 Hugo
1691 874 1739 951 de

324 1017 462 1105 Fauro,
480 1041 558 1089 non
573 1012 714 1088 audivit
733 1010 831 1087 ultra
847 1038 966 1097 mare,
984 1008 1052 1085 ubi
1067 1007 1139 1083 luit
1154 1035 1216 1083 ses
1231 1007 1336 1083 annis
1356 1022 1555 1112 antequam
1569 1004 1740 1081 intrasset

326 1143 500 1220 ordinem
513 1140 680 1246 Templi,
702 1168 771 1215 nee
797 1140 887 1215 citra
907 1137 988 1214 lieri
1013 1137 1177 1242 aliquam
1195 1136 1445 1212 mencionem.
1466 1133 1642 1210 Promisit
1663 1160 1739 1209 non

326 1272 488 1349 revelare
499 1287 639 1346 secreta
654 1269 925 1374 capitulorum3
940 1268 969 1344 si
980 1267 1194 1353 revelasset,
1215 1266 1335 1342 credit
1353 1266 1457 1371 quod
1476 1265 1629 1369 punitus
1648 1262 1739 1341 fuis-

326 1420 394 1477 set.
418 1401 569 1505 Absque
592 1399 748 1475 licencia
771 1425 848 1475 non
867 1414 1041 1503 poterant
1067 1397 1149 1473 aliis
1176 1425 1288 1502 quam
1315 1394 1573 1472 sacerdotibus
1597 1393 1741 1471 ordinis

326 1530 509 1606 confiteri.
530 1529 678 1604 Fratres
703 1528 861 1604 scientes
884 1554 1029 1603 errores
1052 1526 1277 1603 consessatos
1302 1554 1476 1630 pereum
1496 1525 1650 1609 fuerunt
1675 1552 1739 1600 ne-

324 1660 526 1766 gligentes,
547 1657 729 1762 quianon
754 1674 994 1733 correxerunt
1019 1684 1102 1743 eos,
1129 1684 1198 1731 nec
1219 1656 1536 1731 denunciaverunt
1562 1654 1737 1731 Ecclesie.

324 1788 576 1864 Elemosinam
601 1786 949 1893 ethospitalitatem
972 1787 1065 1863 vidit
1089 1788 1354 1863 convenienter
1377 1786 1459 1861 lieri
1482 1801 1520 1861 et
1541 1785 1674 1861 servari
1699 1786 1739 1863 in

326 1917 502 1995 domibus
531 1916 674 1993 ordinis
697 1917 896 2023 inquibus
917 1917 1055 1992 exstitit
1076 1932 1338 1992 commoratus.
1367 1914 1546 1990 Ordinata
1567 1943 1635 2018 per
1663 1917 1739 1992 Ma·

325 2048 483 2152 gistrum
498 2074 583 2120 cum
601 2062 786 2121 conventu
812 2062 1004 2131 servasset,
1019 2062 1062 2120 ut
1075 2044 1211 2131 credit,
1232 2050 1336 2120 totus
1351 2044 1462 2135 ordo,
1479 2059 1736 2150 contraquam

324 2202 426 2251 nune
443 2191 597 2281 propter
624 2174 789 2279 predicta
815 2173 969 2279 grandia
994 2172 1190 2264 scandala,
1224 2173 1385 2277 suspicio
1408 2189 1446 2249 et
1474 2171 1625 2248 infamia
1650 2193 1738 2252 sunt

325 2321 466 2394 exorta,
479 2320 517 2380 et
531 2303 672 2380 audivit
685 2302 760 2378 dici
770 2303 873 2407 quod
884 2302 1060 2409 Magister
1072 2319 1110 2379 et
1123 2302 1186 2378 alii
1200 2302 1356 2379 confessi
1372 2319 1459 2377 sunt
1472 2302 1597 2406 aliqua
1607 2320 1734 2380 contra

325 2433 517 2523 ordinem,
542 2433 590 2509 ad
606 2432 711 2537 cujus
730 2430 1002 2508 deffensionem
1019 2459 1057 2507 se
1078 2459 1154 2508 non
1175 2430 1372 2509 obtulerat.

380 2562 595 2667 Requisitus
629 2562 658 2637 si
689 2560 743 2636 sic
769 2560 995 2665 deposuerat
1022 2587 1149 2666 prece,
1183 2578 1379 2666 precepto,
1409 2563 1564 2653 timore,
1589 2572 1732 2654 amore,
1845 2559 1852 2569 ’

325 2692 432 2779 odio,
449 2691 508 2767 vel
516 2688 715 2796 temporali
730 2688 890 2767 comodo
900 2690 1030 2767 habito
1039 2688 1095 2765 vel
1115 2689 1308 2781 habendo,
1320 2690 1513 2794 respondit
1526 2691 1630 2796 quod
1645 2719 1733 2781 non,

323 2819 391 2898 sed
412 2848 481 2925 pro
507 2818 659 2895 veritate
690 2816 870 2906 dicenda3
897 2818 956 2893 cui
984 2817 1056 2893 fuit
1079 2818 1288 2924 injrmctum
1314 2818 1418 2923 quod
1449 2846 1526 2894 non
1556 2820 1736 2929 revelaret

324 2951 419 3026 hanc
440 2976 544 3025 suam
568 2948 864 3053 deposicionem,
885 2974 1082 3054 quousque
1101 2948 1358 3024 attestaciones
1377 2947 1517 3024 luerint
1535 2949 1732 3053 publicate.

378 3078 467 3154 Acta
477 3078 710 3154 luertmtbee
723 3077 784 3154 die
798 3076 931 3154 inloco
942 3077 1129 3182 predictis,
1144 3077 1379 3182 presentibus
1391 3078 1565 3184 magistro
1579 3079 1731 3173 Amisio,

323 3234 383 3283 ine
403 3207 656 3285 Floriamonte
672 3206 891 3296 Dondedei,
910 3223 949 3283 et
966 3205 1048 3283 aliis
1063 3206 1217 3284 notariis
1239 3235 1348 3312 supra
1363 3206 1499 3284 ultimo
1520 3210 1730 3289 nominatis.

377 3474 465 3551 Post
484 3474 571 3562 bec,
598 3502 684 3550 cum
710 3468 843 3580 prelati
869 3471 1013 3551 domini
1038 3470 1280 3552 commissarii
1305 3473 1446 3551 vellent
1473 3473 1589 3551 linem
1613 3473 1735 3581 impo-

322 3628 411 3677 nere
441 3602 679 3708 inquisicioni
707 3605 872 3709 presenti
903 3621 941 3679 et
967 3605 1191 3681 concludere
1219 3605 1259 3680 in
1288 3604 1437 3693 eadem,
1469 3622 1507 3680 et
1535 3605 1733 3710 negocium

322 3732 512 3808 remittere
532 3731 689 3810 domino
709 3734 851 3839 Pappe,
868 3734 973 3839 juxta
989 3733 1148 3810 formam
1168 3734 1442 3810 commissionis
1459 3732 1553 3810 facte
1574 3732 1731 3824 eisdem,

321 3875 376 3949 et,
394 3875 438 3934 ut
453 3857 641 3952 dixenmt,
656 3861 885 3966 scripsissent
898 3861 1105 3938 reverendo
1115 3863 1210 3966 patri
1227 3863 1265 3937 in
1275 3861 1423 3940 Christo
1441 3861 1595 3939 domino
1605 3860 1650 3939 G.
1663 3862 1734 3939 Dei

320 3988 442 4090 gracia
471 3988 662 4094 Bajocensi
693 3991 887 4096 episcopo,
909 4017 1042 4066 eorum
1063 3991 1223 4099 college,
1250 4008 1342 4066 tune
1373 3993 1411 4066 in
1441 3992 1605 4066 Romana
1632 3992 1733 4067 curia

321 4116 510 4207 existenti,
531 4135 575 4195 ut
598 4119 863 4196 certificaretur
886 4148 972 4196 cum
994 4121 1095 4195 dicto
1120 4121 1276 4197 domino
1302 4122 1415 4224 Papa,
1445 4149 1490 4195 an
1511 4121 1584 4197 hoc
1611 4120 1732 4227 place·

321 4261 378 4319 ret
406 4244 545 4337 eidem,
569 4264 607 4323 et
625 4247 728 4323 idem
750 4248 927 4325 dominus
951 4248 1162 4355 Bajocensis
1184 4250 1430 4353 rescripsisset
1454 4250 1596 4328 eisdem
1628 4254 1733 4358 quod

321 4392 399 4450 acta
419 4401 486 4479 per
507 4375 628 4453 dictos
655 4376 831 4453 dominos
858 4377 1132 4481 commissarios
1161 4404 1273 4481 super
1296 4381 1461 4485 presenti
1486 4381 1733 4486 inquisicione

319 4503 368 4578 ad
393 4504 538 4611 negocii
568 4504 970 4593 instruceionemrsatis
995 4505 1120 4582 eidem
1152 4507 1308 4585 domino
1334 4507 1448 4615 Pape,
1482 4527 1520 4588 et
1547 4511 1733 4618 aliquibus

320 4631 486 4711 dominis
508 4632 758 4711 cardinalibus
782 4635 830 4711 ad
852 4634 926 4713 hoc
949 4635 1136 4743 deputatis
1163 4638 1373 4743 specialiter
1398 4667 1466 4745 per
1495 4667 1602 4727 eum,
1630 4641 1752 4763 ruffi-2

319 4788 402 4838 cere
421 4762 654 4855 videbantur,
684 4764 756 4841 nisi
784 4764 832 4841 de
852 4767 1011 4872 receptis
1039 4765 1137 4845 ultra
1162 4795 1264 4844 mare
1294 4787 1447 4873 possent
1473 4771 1598 4848 adhuc
1616 4771 1733 4851 insor-
