4230 5956
643 495 841 588 rnocts
867 515 967 587 nus
993 513 1296 628 inuenietis.
1636 519 1683 590 57

256 655 445 754 nesciebat
451 683 522 732 nec
531 656 728 734 audiverat*
739 657 830 746 dici,
844 655 920 734 sed
936 644 1238 787 credeha‘thd
1248 655 1302 732 eis
1311 655 1570 763 preciperetur
1581 658 1685 765 quod

255 786 520 865 conculcarent
543 816 693 864 crucem
716 805 754 865 et
778 806 959 901 spuerent
982 774 1226 894 supraidilu,¹
1245 788 1312 866 sed
1333 792 1418 864 non'
1438 789 1557 866 credit
1581 789 1686 896 quod

255 916 419 996 facerent
443 901 680 1027 spuicionem
700 937 738 997 et
755 919 1084 998 conculcacionem
1104 890 1302 1025 predictas.
1329 920 1440 1010 Item,
1468 918 1562 997 dixit
1580 920 1686 1027 quod

255 1049 333 1156 ipse
344 1051 442 1128 bene
456 1050 633 1128 credebat
642 1049 899 1130 ecclesiasticis
914 1050 1171 1138 sacramentis,
1185 1066 1224 1126 et
1233 1049 1354 1127 credit
1364 1049 1470 1156 quod
1479 1049 1543 1127 alii
1553 1050 1685 1154 fratres

256 1181 400 1258 ordinis
415 1181 513 1260 bene
529 1183 746 1284 crederent,
769 1212 937 1263 asserens
954 1184 1058 1290 quod
1078 1184 1240 1260 existens
1259 1183 1300 1260 in
1319 1183 1453 1263 ordine
1471 1183 1683 1261 secundum

254 1312 414 1389 sormam
423 1312 822 1408 Ecclesieee'lebrabat,
836 1334 874 1394 et
884 1313 1005 1393 credit
1018 1315 1125 1422 quod
1134 1313 1199 1391 alii
1209 1313 1408 1421 presbiteri
1423 1314 1566 1392 ordinis
1581 1314 1684 1393 idem

254 1441 429 1535 facerent,
444 1472 516 1521 nec
531 1445 674 1523 audivit
686 1446 741 1523 eis
754 1446 896 1554 precipi
912 1446 1017 1554 quod
1031 1447 1145 1524 verba
1157 1446 1310 1524 canonis
1325 1445 1581 1524 obmitterent.
1600 1448 1684 1526 Sta-

253 1574 323 1650 tim
337 1604 405 1681 pro
414 1574 592 1682 professis
602 1575 851 1654 habebantur.
866 1578 1109 1677 Clandestine
1119 1576 1409 1684 recipiebantur,
1423 1606 1467 1653 011
1476 1605 1554 1684 quo
1565 1577 1685 1656 credit

254 1706 360 1813 quod
373 1725 471 1785 esset
483 1707 579 1784 mala
593 1708 757 1815 suspicio
769 1726 900 1787 contra
915 1738 991 1787 eos.
1009 1709 1187 1790 Cordulis
1200 1687 1686 1818 cingebanturquassume

252 1835 344 1914 hant
356 1838 459 1915 unde
473 1839 663 1943 volebant.
679 1840 929 1918 inhibebatur
941 1842 995 1918 eis
1008 1842 1114 1948 quod
1127 1870 1204 1918 non
1220 1840 1429 1921 revelarent
1439 1858 1580 1919 secreta
1592 1841 1685 1947 capi·

252 1966 440 2058 tulorum,
456 1965 495 2046 e't
506 1970 572 2076 qui
584 1969 827 2060 revelassent,
845 1969 1004 2048 luissent
1016 1970 1157 2077 puniti,
1172 1971 1292 2047 nescit
1305 1969 1478 2076 qualiter.
1494 1970 1551 2047 De
1566 1969 1683 2046 modo

253 2100 484 2206 recepcionis
495 2128 574 2177 non
583 2099 786 2177 revelando
795 2128 873 2177 non
883 2099 1028 2178 audivit
1037 2099 1119 2177 fieri
1132 2098 1406 2208 inhihicionem
1416 2095 1682 2204 specialem&
1807 2100 1811 2107 ’

254 2246 360 2306 erant
373 2228 488 2337 aliqui
503 2229 569 2338 qui
583 2230 721 2307 scirent
732 2258 894 2319 errores,
907 2227 1065 2306 suerunt
1078 2229 1313 2337 negligentes
1328 2229 1508 2338 quianon
1522 2258 1684 2309 correxe

251 2378 342 2437 runt
360 2389 425 2438 eos
446 2389 516 2437 nec
535 2359 858 2438 denunciaverunt
875 2358 1053 2437 Ecclesie.
1076 2358 1311 2438 Elemosinas
1329 2377 1367 2437 et
1387 2359 1683 2467 hospitalitatem

250 2490 344 2569 vidit
353 2489 620 2569 convenienter
629 2488 712 2567 fieri
724 2508 762 2568 et
771 2491 907 2570 servari
918 2491 958 2568 in
967 2489 1147 2571 domibus
1159 2491 1305 2570 ordinis
1314 2490 1355 2568 in
1365 2491 1506 2598 quibus
1516 2492 1590 2571 fuit
1601 2522 1684 2571 con·

250 2639 427 2701 versatus.
445 2622 552 2705 Clam
562 2621 787 2700 tenebantur
798 2620 984 2729 capitulia,
994 2622 1092 2699 sicut
1103 2622 1246 2701 audivit
1255 2622 1342 2700 dici.
1356 2622 1424 2701 1110
1434 2651 1510 2731 que
1522 2624 1685 2703 ordinas·

251 2769 309 2829 set
327 2753 503 2859 Magister
521 2782 608 2830 cum
630 2769 817 2830 conventu
831 2781 900 2830 suo
916 2768 1097 2831 servasset
1111 2767 1213 2845 totus
1234 2752 1329 2830 ordo
1342 2754 1374 2831 si
1391 2771 1516 2831 essent
1527 2754 1627 2833 hona
1646 2774 1684 2834 et

245 2886 359 2990 justa,
371 2882 480 2960 aliter
488 2882 685 2971 non,sicut
692 2883 824 2961 credit.
832 2883 997 2962 Grandia
1005 2881 1189 2969 scandala,
1202 2882 1366 2993 suspicio
1375 2882 1572 2970 etinfamia
1579 2914 1682 2964 nunc

251 3032 380 3093 contra
395 3013 570 3092 ordinem
585 3031 673 3091 sunt
686 3031 821 3091 exorta.
839 3013 993 3092 Audivit
1008 3013 1081 3089 dici
1092 3041 1273 3121 magnum
1289 3014 1511 3122 Magistrum
1525 3033 1564 3093 et
1575 3045 1683 3123 quos

251 3147 337 3223 dam
348 3145 442 3224 alios
453 3143 601 3251 aliquos
612 3171 768 3234 errores,
782 3144 1015 3250 nescitquos,
1030 3160 1158 3222 contra
1167 3144 1343 3222 ordinem
1353 3144 1468 3225 fuisse
1478 3146 1678 3227 confessos.

305 3277 524 3385 Requisitus
538 3278 569 3354 si
587 3278 640 3355 sic
654 3278 881 3384 deposuerat
889 3305 1019 3385 prece,
1032 3293 1227 3384 precepto,
1238 3277 1395 3368 timore,
1410 3305 1553 3370 amore,
1571 3278 1678 3369 odio,

249 3409 308 3488 vel
327 3409 527 3516 temporali
544 3410 707 3496 comodo
724 3407 854 3488 habito
868 3408 928 3487 vel
948 3408 1142 3498 habendo,
1163 3411 1360 3516 respondit
1375 3411 1481 3518 quod
1496 3439 1591 3499 non,
1612 3410 1682 3489 sed

249 3570 317 3650 pro
337 3542 490 3621 veritate
517 3541 693 3631 dicenda3
722 3542 783 3620 cui
809 3539 882 3619 tuit
906 3541 1121 3649 injunctum
1145 3541 1251 3648 quod
1275 3570 1353 3620 non
1378 3541 1561 3621 revelaret
1584 3542 1682 3621 hanc

249 3701 356 3750 snam
369 3672 652 3779 depesicionem
671 3701 872 3781 quousque
891 3672 1152 3751 attestaciones
1170 3671 1312 3751 fuerint
1331 3671 1540 3780 publicate;
1563 3689 1601 3752 et
1620 3672 1683 3750 ob

126 3831 130 3839 ¹
249 3802 388 3886 tulerat
405 3832 446 3885 se
466 3803 695 3887 deffensioni
713 3804 804 3886 dicti
824 3804 969 3888 ordinis
989 3832 1173 3889 unacum
1192 3803 1285 3889 aliis.

304 4071 433 4149 Frater
449 4073 639 4150 lohannes
657 4072 705 4151 de
719 4072 928 4181 Fregevilla
947 4071 1110 4149 serviens
1120 4068 1360 4149 «Senonensis
1374 4064 1553 4154 diocesis,
1573 4066 1680 4143 testis

248 4228 360 4306 supra
370 4202 536 4308 juratus,
558 4202 736 4310 agricola,
758 4201 1033 4310 quinquaginta
1052 4201 1223 4305 quinque
1239 4224 1426 4274 annorum
1446 4195 1505 4277 vel
1525 4196 1638 4285 circa,
1659 4227 1679 4274 a

249 4357 326 4436 quo
341 4328 567 4406 mantellum
580 4348 795 4408 amoverant
810 4329 867 4407 illi
881 4328 948 4435 qui
961 4344 1142 4433 ceperunt
1157 4356 1245 4404 eum
1263 4345 1301 4405 et
1314 4344 1565 4435 preceperunt
1574 4330 1678 4435 quod

247 4460 329 4537 radi
354 4458 494 4538 faceret
515 4461 587 4539 sihi
608 4460 783 4548 barbam,
811 4486 899 4538 cum
916 4488 994 4568 quo
1016 4459 1242 4567 inquisitum
1265 4459 1403 4552 fuerat,
1427 4457 1624 4538 absolutus
1642 4478 1681 4538 et

248 4591 510 4671 reconciliatus
529 4593 690 4671 Senonis
702 4621 771 4701 per
783 4592 984 4670 dominum
1001 4592 1222 4699 episcopum
1241 4590 1569 4679 Aurelianensem,
1587 4572 1677 4670 sede

249 4724 468 4803 Senonense
499 4742 666 4817 vacante,
700 4724 806 4803 lectis
835 4742 872 4803 et
901 4723 1103 4834 diligenter
1130 4724 1306 4831 expositis
1337 4723 1410 4802 sibi
1438 4722 1616 4816 omnibus
1641 4739 1679 4801 et

249 4855 405 4964 singulis
428 4856 612 4950 articulis,
642 4856 838 4963 respondit
861 4855 967 4964 quod
986 4884 1182 4963 nunquam
1208 4855 1352 4935 viderat
1373 4855 1539 4965 aliquem
1559 4855 1676 4935 alium
