4230 5956
663 456 856 550 Procas
887 476 984 548 nas
1016 477 1324 550 reaumaus.
1629 487 1701 559 201

285 612 324 690 in
344 609 627 716 recepcionibus
647 613 808 692 aliorum
829 615 986 691 fratrum
1007 617 1151 694 ordinis
1169 616 1227 694 vel
1246 632 1347 722 post,
1369 615 1427 693 vel
1443 617 1586 725 aliquid
1600 623 1705 703 aliud

284 740 475 831 illicitum,
501 744 697 848 respondit
716 774 755 822 se
776 744 930 822 credere
950 745 1054 851 quod
1074 746 1136 822 alii
1158 746 1405 853 abnegarent,
1430 748 1477 824 de
1497 748 1580 827 aliis
1598 752 1706 830 illici-

282 871 329 948 tis
355 870 460 948 aliud
485 873 673 963 nesciens3
700 875 819 952 credit
841 891 969 951 tamen
990 877 1114 980 quod,
1141 893 1295 981 propter
1316 876 1427 953 verba
1445 879 1614 983 predicta
1633 882 1704 960 sibi

284 1002 381 1078 dicta
401 1030 422 1078 a
441 1001 542 1078 dicto
563 1002 675 1080 fratre
696 1004 892 1093 Arnaudo,
913 1021 953 1081 et
973 988 1126 1111 propter
1149 1006 1214 1083 illa
1239 1035 1313 1114 que
1335 1006 1443 1085 multi
1465 1036 1508 1084 ex
1527 1008 1705 1090 fratribus

283 1131 428 1208 ordinis
447 1149 535 1209 sunt
554 1132 729 1227 confessi,
747 1135 851 1241 quod
866 1135 937 1211 alia
950 1134 1078 1212 illicita
1090 1138 1360 1215 intervenirent
1371 1139 1409 1213 in
1421 1140 1704 1245 recepcionibus

285 1260 444 1338 aliorum
468 1261 526 1338 vel
550 1281 647 1367 post
669 1264 780 1358 Item,
803 1265 896 1342 dixit
916 1266 1023 1372 quod
1041 1267 1081 1342 in
1102 1266 1163 1343 die
1185 1268 1339 1348 Veneris
1358 1270 1492 1346 Sancta
1513 1270 1645 1348 devote
1667 1291 1704 1349 et

284 1410 498 1469 reverenter
518 1393 724 1472 adorabant
750 1424 916 1484 crucem,
939 1413 977 1472 et
994 1396 1100 1502 quod
1120 1397 1198 1501 ipse
1218 1397 1316 1474 bene
1336 1397 1514 1476 credebat
1533 1399 1704 1479 ecclesia·

284 1522 383 1600 sticis
407 1526 664 1618 sacramentis,
693 1544 730 1603 et
753 1527 873 1604 credit
896 1528 1000 1632 quod
1020 1527 1088 1611 alii
1108 1526 1239 1605 fratres
1268 1529 1412 1605 ordinis
1431 1530 1566 1607 eodem
1588 1531 1703 1610 modo

284 1655 496 1744 crederent,
520 1674 558 1734 et
567 1657 671 1763 quod
684 1685 816 1734 eorum
836 1658 1199 1736 sacerdotesdebite
1220 1660 1465 1737 celebrarent.
1486 1660 1528 1736 ln
1551 1661 1631 1766 ejus
1649 1679 1703 1737 ta·

284 1814 372 1863 men
398 1788 615 1893 recepcione
644 1787 768 1865 dictus
793 1805 965 1894 receptor
989 1788 1082 1865 dixit
1106 1790 1139 1867 ci
1166 1791 1271 1896 quod
1298 1791 1439 1895 absque
1464 1789 1620 1868 licencia
1645 1792 1701 1867 sui

283 1916 487 2021 superioris
514 1946 592 1995 nou
616 1919 821 2024 susciperet
845 1918 1009 2024 aliquem
1037 1917 1217 1995 infantem
1244 1919 1290 1994 de
1316 1918 1559 1996 sacrofonte.
1587 1920 1701 2010 Item,

285 2045 377 2122 dixit
394 2075 433 2123 se
449 2047 633 2123 audivisse
654 2048 728 2123 dici
748 2077 769 2123 a
788 2046 967 2124 fratribus
986 2047 1253 2153 ordinisquod
1273 2064 1511 2154 preceptores
1531 2066 1704 2127 tenentes

285 2175 458 2280 capitulia
478 2175 723 2281 imponebant
738 2176 961 2281 disciplinas,
979 2193 1017 2253 et
1026 2176 1223 2282 presbiteri
1239 2177 1481 2256 absolvebant
1496 2206 1517 2254 a
1531 2180 1700 2284 peccatis.

283 2303 423 2382 duravit
436 2305 607 2381 ordinem
622 2334 699 2382 non
714 2306 823 2398 exire,
839 2324 877 2383 et
889 2307 1009 2383 credit
1024 2307 1129 2412 quod
1139 2307 1241 2383 idem
1252 2307 1434 2414 jurarent,
1444 2309 1576 2414 etquia
1589 2309 1704 2386 exive-

285 2453 351 2523 rat,
364 2434 437 2512 fuit
448 2435 643 2542 aperJ‘urio
657 2435 863 2512 absolutus.
882 2435 1123 2513 Clandestine
1139 2436 1426 2541 recipiebantur,
1439 2465 1482 2514 ex
1493 2467 1571 2545 quo
1585 2440 1705 2517 credit

285 2566 389 2671 quod
404 2584 501 2644 esset
517 2565 679 2671 suspicio
690 2580 818 2642 contra
834 2593 910 2641 eos.
927 2565 1105 2643 Cordulis
1118 2565 1221 2644 uude
1235 2565 1412 2670 volebant
1424 2569 1623 2672 assumptis
1637 2597 1705 2673 per

285 2697 534 2802 penitenciam
549 2697 794 2805 cingebantur
803 2724 917 2804 super
927 2725 1072 2804 pannos
1083 2697 1297 2777 lineoscum
1308 2697 1640 2803 quihusjacebant.
1649 2701 1705 2774 ln-

280 2827 509 2934 jungebatur
529 2828 582 2905 eis
600 2856 668 2933 per
689 2845 963 2905 sacramentum
984 2855 1032 2904 ne
1055 2828 1264 2904 revelarent
1281 2844 1422 2904 secreta
1442 2826 1703 2931 capituliorum
1802 2878 1803 2882 =

286 2987 354 3036 nec
378 2959 536 3036 modum
561 2957 791 3062 recepcionis
819 2955 980 3063 illisqui
1007 2984 1083 3034 nou
1109 2956 1320 3042 adfuerant,
1343 2955 1461 3061 etqui
1474 2955 1704 3033 contrarium

285 3089 459 3166 fecissent
480 3088 695 3165 incarcerati
711 3086 879 3164 fuissent.
901 3084 1105 3164 Dicebatur
1120 3086 1173 3162 eis
1188 3086 1308 3192 quod,
1330 3083 1513 3191 quamdiu
1531 3101 1705 3190 poterant

286 3221 424 3298 habere
450 3218 663 3297 facultatem
693 3215 898 3296 confitendi
925 3216 1183 3297 sacerdotibus
1212 3215 1376 3308 ordinis,
1405 3243 1483 3294 non
1513 3215 1704 3293 debebant

285 3351 365 3428 aliis
384 3350 525 3458 absque
546 3379 678 3429 eorum
704 3348 860 3427 licencia
883 3347 1068 3427 confiteri.
1093 3350 1240 3426 Fratres
1267 3348 1425 3424 scientes
1454 3373 1599 3422 errores
1624 3373 1703 3422 esse
1808 3342 1811 3346 ’

286 3482 324 3557 in
344 3479 499 3569 ordine,
522 3509 618 3587 quos
637 3481 756 3557 credit
774 3479 887 3558 fuisse
913 3472 1155 3558 introductos
1173 3508 1193 3553 a
1218 3478 1395 3586 Magistro
1417 3491 1455 3552 et
1478 3475 1527 3551 de
1547 3474 1705 3565 sciencia

286 3613 446 3690 aliorum
465 3610 622 3689 fratrum
638 3610 797 3698 ordinis,
818 3611 971 3688 fuerunt
987 3609 1235 3718 negligentes,
1257 3608 1345 3714 quia
1365 3634 1442 3684 non
1463 3621 1705 3683 correxerunt

287 3769 350 3820 eos
371 3771 447 3820 nec·
460 3741 780 3819 denunciaverunt
798 3740 980 3828 Ecclesia,
997 3756 1036 3817 et
1050 3739 1170 3817 credit
1184 3738 1286 3844 quod
1303 3737 1445 3843 ubique
1465 3733 1706 3813 uniformiter

286 3864 551 3981 reciperentur.
579 3872 857 3978 Pracipiebatur
879 3872 933 3948 eis
950 3898 1019 3976 per
1037 3886 1275 3978 preceptores
1301 3894 1434 3943 eorum
1453 3864 1558 3970 quod
1578 3862 1708 3939 debite

286 4022 474 4081 servarent
488 4003 710 4082 elemosinas
725 4018 764 4080 et
776 4001 1081 4107 hospitalitatem,
1096 4017 1134 4078 et
1147 4013 1325 4076 ornarent
1334 3994 1504 4102 capellas,
1519 4010 1557 4070 et
1566 4020 1707 4069 revere·

287 4151 418 4210 rentur
437 4160 545 4210 senes
565 4133 720 4211 ordinis.
739 4130 890 4208 Audivit
914 4131 987 4207 dici
1011 4131 1116 4236 quod
1137 4156 1268 4206 eorum
1289 4123 1462 4231 capitalia
1484 4122 1579 4200 clam
1599 4138 1704 4201 tens·

286 4263 436 4353 bantur,
457 4261 573 4340 nullis
589 4263 828 4368 presentibus
847 4260 918 4337 nisi
934 4259 1110 4359 fnanibus
1127 4255 1287 4347 ordinis,
1309 4271 1347 4332 et
1362 4252 1469 4361 quod
1485 4251 1707 4360 provideba-

286 4409 350 4468 tur
360 4420 408 4468 ne
424 4391 615 4469 videretur
628 4390 686 4468 vel
701 4391 896 4470 audiretur
908 4386 1069 4466 citerius
1082 4386 1186 4493 quod
1202 4386 1360 4463 interius
1373 4383 1562 4491 agebatur.
1577 4381 1708 4460 Credit

287 4523 391 4630 quod
411 4520 668 4628 ordinataper
691 4519 909 4628 Magistrum
935 4546 1021 4595 cum
1041 4532 1228 4595 conventu
1247 4513 1407 4592 fuissent
1423 4527 1565 4591 servata
1586 4512 1625 4587 in
1647 4538 1709 4588 or-

287 4653 393 4742 dine,
410 4670 538 4730 contra
555 4681 669 4760 quem
687 4668 842 4759 propter
857 4649 1024 4756 predicta
1043 4676 1143 4727 nunc
1161 4645 1315 4755 grandia
1336 4641 1525 4736 scaudala,
1545 4640 1707 4748 suspicio

288 4801 326 4861 et
351 4781 503 4860 infamia
530 4800 619 4861 sunt
643 4799 779 4859 exorta
804 4779 936 4860 Credit
959 4779 1063 4888 quod
1087 4777 1218 4857 illicita
1242 4805 1316 4884 que
1342 4771 1642 4863 interveniebant
1667 4772 1707 4850 in

393 4918 500 4984 esocis
521 4940 574 4985 nas
596 4939 862 4983 miramars-rr.
1520 4907 1560 4973 26
