4230 5956
643 445 838 537 rnocns
864 463 960 535 ons
986 461 1286 536 rnurnrnns.
1601 463 1679 538 tsi·
1720 475 1724 487 ·

314 605 435 707 Super
457 601 631 679 omnibus
656 602 736 679 aliis
757 631 844 679 vero
873 604 1119 709 interrogatus
1145 601 1353 708 diligenter,
1381 601 1474 678 dirit
1495 631 1534 680 se
1556 604 1671 681 nichil

256 732 415 839 amplius
434 733 528 810 scire
547 760 616 809 nec
631 733 800 823 credere,
820 734 890 810 nisi
905 752 949 810 ut
968 761 1077 838 supra
1092 732 1306 809 testificatus
1322 731 1428 808 estin
1442 734 1643 836 premissis.

313 995 419 1070 Anno
441 1010 479 1072 et
491 993 553 1070 die
573 993 711 1100 quibus
728 1022 850 1099 supra.
894 1036 897 1041 ·

312 1124 421 1203 Xllll.
450 1127 578 1201 Frater
603 1124 830 1202 Guillelmus
856 1121 1061 1202 Marturelli
1089 1122 1231 1199 ordinis
1257 1122 1345 1199 dicti
1365 1121 1514 1228 Templi
1539 1123 1673 1200 domus

258 1254 377 1331 Mansi
393 1256 481 1346 Dei,
497 1255 603 1332 testis
612 1255 758 1361 juratus
772 1254 819 1330 ad
837 1270 960 1331 sancta
972 1253 1042 1331 Dei
1055 1252 1251 1359 Evangelia
1265 1282 1385 1358 super.
1395 1253 1573 1358 predictis
1588 1255 1676 1330 arti·

257 1384 351 1460 culis
368 1400 550 1462 eteorum
571 1385 755 1490 quolibet,
778 1385 850 1462 sibi
865 1383 1039 1488 expositis
1055 1383 1093 1458 in
1107 1383 1267 1489 vulgari,
1283 1399 1327 1458 ut
1341 1382 1555 1488 principalis
1570 1383 1617 1460 de
1634 1411 1673 1459 se

257 1514 354 1618 ipso,
369 1531 458 1590 etut
471 1515 577 1590 testis
589 1513 636 1590 dc
653 1514 748 1600 aliis,
771 1513 967 1621 diligenter
982 1531 1020 1588 et
1034 1512 1221 1619 sigillatim
1238 1514 1498 1618 interrogatus,
1519 1539 1677 1617 respon·

257 1642 349 1718 dens
363 1642 418 1717 ad-
429 1643 609 1746 primum,
632 1669 794 1720 rr—xxnr
816 1643 1006 1730 articulos,
1024 1644 1168 1751 negavit
1190 1644 1288 1747 ipsos
1306 1641 1482 1718 articulos
1498 1658 1535 1716 et
1549 1643 1675 1717 omnia

256 1789 293 1847 et
312 1771 455 1877 singula
478 1788 650 1849 contenta
669 1772 708 1847 in
729 1773 797 1858 eis,
821 1772 950 1849 dicens
971 1800 1009 1847 sc
1037 1772 1188 1847 credere
1216 1770 1374 1848 firmiter
1391 1770 1548 1846 Jhesum
1567 1769 1676 1848 Chri-

256 1918 355 1976 stum
374 1901 444 1979 Dei
464 1900 585 1977 lilium
610 1919 647 1976 et
674 1902 782 1978 beate
802 1903 919 1979 Mario
939 1928 1086 2003 semper
1114 1901 1278 2008 Virginis
1300 1928 1447 2004 passum
1474 1899 1585 1977 fuisse
1604 1928 1674 2006 pro

255 2030 521 2134 redempcione
542 2029 696 2105 humani
716 2030 879 2133 generis,
899 2057 978 2107 non
996 2057 1065 2132 pro
1083 2029 1242 2133 peccatis
1262 2029 1354 2117 suis,
1376 2057 1462 2106 cum
1481 2056 1674 2136 nunquam

255 2160 475 2264 peccaverit;
494 2176 583 2235 etse
602 2157 743 2235 habere
755 2187 859 2265 spem
872 2157 1080 2235 salvationis
1096 2158 1270 2234 habende
1290 2185 1358 2263 per
1377 2186 1464 2234 eum
1478 2159 1617 2249 solum;
1638 2176 1676 2237 et

257 2288 375 2365 credit
384 2289 743 2369 omniasacrementa
754 2288 1009 2376 ecclesiastica,
1018 2305 1131 2392 prout
1139 2304 1260 2364 sancta
1273 2274 1675 2366 materEcclesiatenet

257 2436 293 2494 et
314 2419 438 2508 docet;
460 2435 498 2495 et
509 2419 612 2495 idem
624 2419 744 2494 credit
756 2419 802 2495 de
817 2419 898 2495 aliis
911 2417 1086 2494 fratribus
1099 2418 1188 2494 dicti
1204 2418 1357 2497 ordinis.
1372 2418 1547 2495 Adiciens
1559 2420 1674 2496 eciam

256 2548 360 2652 quod
373 2566 432 2625 ter
448 2551 487 2626 in
500 2576 597 2626 anno
610 2548 781 2653 quolibet
795 2548 875 2654 ipse
893 2564 930 2625 et
945 2547 1006 2624 alii
1026 2547 1158 2625 fratres
1173 2548 1261 2624 dicti
1279 2548 1423 2626 ordinis
1437 2577 1522 2625 cum
1537 2550 1676 2655 quibus

256 2697 489 2756 conversatus
510 2698 565 2756 est
583 2679 749 2757 adoravit
767 2694 805 2755 et
823 2679 1069 2756 adoraverunt
1088 2706 1238 2755 crucem
1261 2677 1399 2755 Christi
1422 2678 1624 2755 humiliter·
1638 2695 1677 2755 et

259 2809 403 2885 devote.

312 2939 411 3016 Dixit
427 2940 543 3017 eciam
558 2968 597 3016 se
613 2940 766 3016 credere
786 2939 891 3044 quod
909 2937 1035 3015 nullus
1055 2938 1172 3043 possit
1190 2935 1359 3014 confiteri
1379 2935 1489 3013 alicui
1509 2965 1575 3013 sua
1589 2966 1675 3042 pcc-

256 3087 335 3146 cata
353 3098 422 3145 nec
441 3070 488 3145 ab
509 3098 555 3148 eo
582 3071 747 3175 recipere
771 3069 1022 3175 penitenciam
1043 3068 1256 3157 salutarem,
1278 3061 1350 3143 nisi
1375 3096 1395 3142 a
1419 3067 1676 3146 sacerdotibus

257 3199 345 3275 dicti
360 3199 518 3289 ordinis,
540 3198 599 3276 vel
609 3199 656 3276 ab
670 3199 752 3276 aliis
766 3197 1018 3276 sacerdotibus
1030 3198 1214 3304 religiosis
1228 3198 1287 3274 vel
1299 3197 1529 3275 secularibus
1537 3198 1675 3304 quibus

257 3332 429 3407 execucio
449 3330 592 3407 ordinis
610 3330 658 3408 sit
674 3357 857 3407 concessa.

310 3459 369 3536 Ad
387 3487 616 3537 xxx-xxxix
635 3460 811 3538 articulos
827 3458 1021 3549 inclusive,
1045 3458 1244 3566 diligenter
1259 3476 1296 3534 et
1309 3458 1498 3565 sigillatim
1517 3458 1676 3534 interro-

253 3607 375 3697 gatus,
397 3591 628 3695 respondens
643 3589 790 3694 negavit
803 3590 903 3692 ipsos
919 3589 1093 3665 articulos
1107 3605 1145 3663 et
1158 3586 1285 3665 omnia
1298 3602 1335 3661 et
1347 3585 1488 3692 singula
1503 3602 1676 3662 contenta

255 3719 293 3793 in
310 3720 379 3807 eis,
402 3735 554 3822 excepto
574 3716 702 3793 osculo
722 3717 798 3792 oris
813 3732 976 3803 tantum,
999 3715 1102 3821 quod
1119 3713 1308 3791 confessus
1325 3730 1381 3791 est
1396 3713 1517 3790 facere
1534 3730 1573 3791 et
1587 3714 1674 3791 dare

255 3865 445 3952 receptum
465 3847 505 3921 in
525 3846 658 3923 ordine
674 3844 889 3950 supradicto
913 3845 1107 3949 recipienti
1136 3860 1174 3921 et
1194 3843 1382 3949 aliquibus
1405 3842 1584 3922 fratribus
1603 3845 1675 3921 cir·

256 3976 527 4054 cumstantibus
546 3977 690 4053 ordinis
711 3975 922 4081 supradicti.

310 4109 403 4184 ltem
419 4106 608 4186 confessus
624 4107 797 4215 estquod
814 4105 946 4182 fratres
960 4106 1100 4213 recepti
1118 4105 1155 4180 in
1175 4104 1257 4209 ipso
1271 4104 1403 4182 ordine
1424 4104 1670 4181 incontinenti

254 4236 440 4314 habentur
454 4265 522 4342 pro
533 4235 708 4344 professis
725 4253 810 4342 post
821 4235 878 4312 sui
894 4235 1153 4341 recepcionem
1164 4267 1179 4322 t·
1190 4235 1257 4312 sed
1269 4262 1418 4311 causam
1433 4262 1566 4340 quare,
1581 4234 1674 4310 dixit

253 4395 291 4443 se
308 4368 468 4454 nescire,
486 4368 555 4448 nisi
571 4367 675 4473 quod
688 4365 828 4442 audivit
842 4365 915 4441 dici
930 4364 1033 4470 quod
1044 4365 1096 4441 sic
1112 4364 1181 4441 luit
1200 4364 1293 4441 olim
1307 4393 1375 4470 per
1390 4381 1535 4441 sanctos
1549 4378 1678 4470 patres¹

251 4498 317 4603 qui
338 4497 480 4575 dictum
500 4497 673 4574 ordinem
695 4512 903 4573 statuerunt
921 4512 1098 4572 statutum
1120 4511 1158 4572 ct
1174 4495 1400 4572 ordinatum.

306 4630 404 4704 ltem
413 4625 602 4705 confessus
617 4644 673 4703 est
687 4627 792 4732 quod
801 4626 970 4731 recepcio
986 4627 1153 4731 ipsorum
1167 4624 1323 4702 fratrum
1343 4653 1441 4731 quos
1451 4623 1566 4728 recipi
1580 4624 1675 4702 vidit

251 4758 290 4833 in
318 4759 432 4836 domo
457 4757 575 4837 Mansi
595 4757 684 4847 Dei,
714 4757 801 4863 quia
820 4755 908 4834 alibi
928 4755 1043 4861 recipi
1067 4754 1192 4833 nullos
1209 4753 1321 4842 vidit,
1348 4754 1420 4832 fuit
1440 4752 1533 4833 facta
1553 4753 1591 4830 in
1616 4782 1675 4831 ca-

361 4916 466 4975 rnoc'es
489 4933 541 4973 nas
564 4932 839 4975 reuertens-11.
1474 4909 1510 4971 δι
