4230 5956
465 470 540 547 stt
851 448 1048 543 rnocns
1073 466 1170 540 oss
1195 466 1494 543 rnuauxnas.

465 611 562 688 dicta
581 626 660 687 erat
678 609 749 697 ibi,
771 626 810 687 et
822 625 882 686 ter
900 609 1020 714 spuit,
1036 633 1164 684 cavens
1183 624 1325 697 tamen,
1341 625 1384 685 ut
1398 607 1505 697 dicit,
1519 624 1702 714 quantum
1722 628 1885 716 poterat,

465 770 514 821 ne
533 757 686 848 spueret
703 768 814 846 supra
839 766 988 817 crucem
1009 756 1047 815 et
1065 737 1276 844 ymaginem
1295 737 1492 842 predictas.

521 873 614 950 Item
632 870 724 948 dixit
743 870 847 975 quod
868 868 1051 975 recipiens
1075 868 1163 945 lecit
1186 895 1273 944 eum
1292 867 1445 973 spoliari
1465 894 1583 972 usque
1605 867 1655 944 ad
1678 870 1885 963 camisiam,

465 1021 505 1081 et
524 1002 714 1080 osculatus
732 999 805 1078 fuit
823 1000 948 1106 ipsum
967 1014 1159 1105 receptum
1179 999 1217 1075 in
1233 998 1310 1075 line
1326 997 1434 1104 spine
1449 997 1570 1085 dorsi,
1593 996 1633 1073 iu
1653 998 1835 1078 umbilico
1851 1019 1888 1078 et

467 1133 625 1211 demum
643 1131 683 1209 in
702 1159 779 1209 ore.

522 1263 616 1339 Item
637 1260 730 1339 dixit
752 1288 821 1367 per
840 1261 1101 1367 juramentum
1129 1286 1241 1336 suum
1271 1260 1376 1365 quod
1399 1256 1584 1362 recipiens
1602 1257 1799 1365 prohibuit
1817 1260 1887 1338 sihi

467 1392 704 1469 consorcium
723 1390 942 1478 mulierum,
963 1389 1173 1496 precipiens
1196 1389 1269 1466 sibi
1289 1389 1393 1496 quod
1412 1389 1444 1465 si
1463 1387 1640 1467 stimulus
1660 1390 1780 1467 curnis
1807 1419 1888 1469 mo-

467 1538 571 1598 veret
589 1550 695 1610 cunr,
716 1520 820 1626 quod
836 1520 908 1596 iret
922 1518 969 1595 ad
983 1517 1113 1596 fratres
1128 1546 1234 1607 suos,
1259 1535 1296 1596 et
1315 1518 1416 1625 ipsos
1428 1517 1602 1595 similiter
1614 1546 1741 1599 semim
1757 1519 1889 1597 admit·

466 1667 566 1729 teret
578 1651 626 1728 ad
644 1650 886 1728 concubitum
907 1649 1094 1726 carnalem
1113 1665 1303 1726 mutuum.

522 1783 617 1861 ltem
634 1781 727 1858 dixit
743 1780 850 1887 quod
867 1780 988 1857 credit
1000 1779 1105 1886 quod
1125 1777 1186 1855 alii
1207 1778 1337 1856 fratres
1356 1778 1447 1856 dicti
1467 1776 1610 1857 ordinis
1633 1779 1746 1857 simili
1770 1780 1886 1857 modo

467 1912 711 2019 recipiuntur.
728 1910 927 2017 Nunquam
940 1928 1066 1988 tamen
1081 1908 1171 2000 fuit,
1191 1927 1234 1986 ut
1253 1908 1361 1999 dicit,
1383 1909 1423 1985 in
1441 1909 1660 2016 recepcione
1679 1908 1848 2017 alicujus.
1980 1918 1989 1947 “

523 2044 616 2119 ltem
643 2043 736 2119 dixit
753 2071 821 2148 per
843 2043 1100 2150 juramentum
1134 2069 1244 2118 suum
1270 2039 1376 2146 quod
1396 2038 1449 2128 vi,
1477 2038 1534 2115 vel
1559 2057 1664 2117 metu
1683 2056 1889 2117 tormento

468 2198 554 2247 rum
568 2171 627 2248 vel
648 2171 736 2248 alias
756 2199 832 2247 non
852 2170 946 2248 dixit
964 2170 1067 2247 aliud
1086 2199 1200 2277 quam
1220 2171 1432 2260 veritatem,
1454 2198 1524 2246 nec
1547 2171 1585 2246 in
1604 2171 1796 2277 premissis
1818 2171 1888 2245 irn-

468 2300 620 2378 miscuit
633 2299 797 2405 aliquam
816 2299 1032 2389 falsitatem,
1051 2316 1090 2377 et
1103 2300 1209 2404 quod
1218 2327 1353 2405 puram
1369 2299 1559 2377 veritatem
1577 2299 1669 2377 dixit
1685 2328 1754 2405 pro
1769 2300 1887 2376 salute

469 2457 592 2507 anime
606 2459 686 2509 sue.

524 2692 618 2768 ltem
642 2688 755 2767 frater
769 2688 960 2769 lohannes
982 2690 1030 2767 de
1051 2690 1230 2780 Pruvino,
1251 2689 1358 2769 etatis
1386 2689 1519 2767 decem
1542 2705 1581 2764 et
1599 2706 1686 2766 octo
1705 2716 1886 2767 annormu

469 2819 527 2897 vel
546 2820 659 2909 circa,
681 2849 833 2899 morans
852 2820 951 2926 apud
971 2821 1170 2897 Frenaium
1203 2819 1361 2897 diocesis
1382 2817 1593 2908 Trecensis,
1616 2818 1752 2896 eodem
1773 2819 1888 2898 modo

469 2953 709 3041 constitutus,
727 2953 880 3058 juratus
895 2968 932 3028 et
946 2951 1167 3057 requisitus,
1184 2950 1278 3029 dixit
1296 2977 1364 3056 per
1376 2952 1635 3058 juramentum
1655 2976 1766 3027 suum
1785 2951 1889 3058 quod

468 3082 566 3157 bene
587 3098 673 3157 sunt
694 3081 772 3159 duo
796 3083 961 3159 anniuel
981 3083 1077 3159 circa
1096 3081 1210 3187 elapsi
1230 3080 1335 3189 quod
1352 3077 1424 3159 luit
1442 3097 1614 3187 receptus
1635 3081 1676 3157 in
1701 3082 1816 3159 domo
1841 3082 1888 3159 de

468 3208 599 3286 Paiens
620 3208 718 3285 dicte
740 3211 916 3299 diocesis,
944 3239 1012 3315 per
1030 3210 1182 3288 fratrem
1206 3210 1449 3318 Radulphum
1479 3211 1527 3288 dc
1548 3210 1698 3290 Gisiaco
1718 3228 1890 3319 recepto-

469 3365 548 3414 rem
573 3337 795 3444 Campanie,
824 3338 1059 3444 presentibus
1079 3337 1191 3416 fratrc
1215 3339 1414 3446 Radulpho
1441 3338 1621 3446 Turpini,
1657 3339 1768 3418 fratre
1798 3343 1888 3419 Bar-

468 3467 663 3547 tholomeo
679 3467 725 3544 de
741 3468 871 3546 Trecis
891 3487 928 3546 et
942 3469 1170 3575 quibusdam
1190 3470 1282 3549 aliis.
1315 3473 1409 3548 ltem
1439 3471 1531 3547 dixit
1549 3500 1617 3578 per
1631 3473 1887 3579 juramentum

470 3624 581 3675 suum
597 3598 716 3705 quod,
735 3626 780 3677 eo
795 3616 961 3705 recepto,
976 3599 1190 3704 juramento
1205 3599 1251 3677 ab
1268 3629 1313 3678 eo
1325 3601 1482 3706 prestito
1496 3600 1544 3677 de
1555 3601 1702 3679 statutis
1718 3618 1757 3676 et
1769 3629 1890 3678 secre-

469 3727 517 3803 tis
537 3727 679 3806 ordinis
698 3729 955 3819 observandis,
975 3748 1012 3808 et
1026 3731 1206 3809 mantello
1225 3732 1274 3809 ad
1288 3731 1427 3811 collum
1447 3732 1587 3837 posito,
1608 3731 1789 3837 recipiens
1808 3759 1890 3835 pre-

470 3859 568 3962 cepit
596 3877 634 3936 et
658 3859 747 3938 lecit
765 3889 804 3937 se
829 3858 988 3937 osculari
1021 3862 1066 3939 ab
1097 3890 1143 3939 eo
1171 3862 1210 3937 in
1234 3890 1301 3939 ore
1326 3880 1364 3939 et
1393 3863 1432 3938 in
1457 3860 1657 3953 umbilico,
1684 3887 1753 3966 per
1778 3889 1889 3965 supra

470 4003 606 4077 vestem
628 4004 666 4064 et
694 4007 823 4095 postea
848 3988 950 4066 idern
975 3991 1159 4096 recipiens
1183 3991 1271 4068 lecit
1294 3993 1479 4098 apportari
1509 3992 1710 4100 quamdam
1739 4021 1888 4069 crucem

470 4143 557 4192 cum
579 4116 700 4224 effigie
720 4120 884 4198 crucifixi
906 4120 1052 4197 domini
1067 4122 1184 4199 lhesu
1200 4121 1357 4214 Christi,
1375 4137 1414 4200 et
1430 4124 1598 4229 precepit
1616 4122 1687 4200 sibi
1702 4124 1808 4229 quod
1827 4124 1890 4200 ab

470 4264 621 4354 negaret
641 4276 728 4326 eum
749 4268 819 4338 ter,
840 4266 878 4328 et
900 4269 1053 4358 spueret
1070 4271 1129 4329 ter
1153 4281 1264 4360 supra
1279 4274 1450 4342 crucem,
1473 4274 1512 4329 ct
1534 4253 1613 4358 ipse
1638 4254 1704 4359 qui
1724 4253 1891 4359 loquitur

471 4377 563 4455 dixit
578 4379 681 4486 quod
698 4380 803 4458 nullo
823 4384 940 4459 modo
960 4384 1119 4474 laceret3
1141 4402 1179 4461 et
1192 4402 1283 4463 tunc
1299 4385 1421 4463 dictus
1440 4383 1554 4463 frater
1568 4383 1789 4489 Radulpbus
1807 4384 1892 4459 lecit

471 4537 560 4586 eum
578 4512 667 4615 poni
682 4512 722 4588 in
747 4540 908 4599 carcere,
926 4513 966 4588 in
986 4542 1063 4621 quo
1080 4515 1151 4594 luit
1170 4544 1238 4621 per
1257 4533 1342 4595 octo
1363 4516 1445 4594 dies
1466 4515 1514 4593 ad
1529 4544 1667 4621 panem
1684 4531 1721 4591 et
1739 4542 1889 4621 aquam,

472 4655 510 4713 et
527 4656 655 4743 postea
670 4642 750 4747 ipse
770 4643 818 4719 de
839 4669 983 4720 carcere
1003 4644 1174 4722 clamavit
1193 4647 1295 4755 quod
1314 4664 1500 4753 ponerent
1519 4674 1606 4725 eum
1623 4663 1739 4734 extra,
1761 4647 1891 4749 etipse

471 4765 607 4845 laceret
628 4770 808 4876 quioquid
826 4770 980 4862 vedent,
1003 4789 1040 4851 et
1057 4789 1148 4853 tunc
1167 4775 1248 4881 ipse
1268 4763 1450 4855 extractus
1470 4777 1517 4855 de
1535 4804 1680 4854 carcere
1699 4774 1892 4873 abnegavit
