4230 5956
476 437 548 511 aaa
860 420 1056 509 anocts
1081 435 1177 508 nus
1203 430 1501 507 renarrans.

529 576 588 654 Ad
603 573 756 652 xl-xlv
776 575 949 653 articulos
971 576 1149 653 inclusive
1167 574 1365 683 diligenter
1386 593 1424 651 et
1437 570 1626 681 sigillatim
1643 570 1905 678 interrogatus

474 737 589 814 super
607 707 763 851 singulis
778 705 959 795 articulis,
986 706 1130 814 negavit
1155 705 1255 811 ipsos
1280 705 1457 783 articulos
1483 721 1528 780 et·
1539 701 1665 779 omnia
1690 717 1728 778 et
1746 702 1904 812 singula

475 855 647 915 contenta
669 839 707 912 in
724 837 788 913 eis,

532 968 589 1045 ad
609 969 778 1044 xlvi-et
789 966 891 1043 lxxm
905 966 1082 1042 articulos
1098 964 1277 1042 inclusive
1294 964 1514 1072 diligenter
1504 981 1753 1071 mterrogatus
1767 965 1900 1072 singu-

476 1097 604 1173 lariter
622 1114 660 1172 et
673 1096 862 1201 sigillatim
878 1124 991 1202 super
1008 1095 1164 1241 singulis
1179 1095 1362 1183 articulis
1380 1095 1525 1202 negavit
1542 1094 1643 1201 ipsos
1661 1095 1839 1173 articulos
1858 1113 1899 1172 et

476 1228 601 1305 omnia
617 1243 655 1302 et
673 1225 819 1332 singula
839 1243 1014 1304 contenta
1034 1227 1074 1302 in
1094 1227 1167 1319 eis
1164 1221 1284 1303 salvo
1305 1242 1343 1301 et
1363 1243 1516 1332 excepto
1531 1224 1637 1332 quod
1656 1224 1788 1303 fratres
1803 1226 1898 1303 dicti

476 1356 619 1434 ordinis
641 1371 790 1461 portant
817 1355 993 1432 continue
1024 1373 1062 1432 et
1089 1356 1317 1435 incessanter
1346 1353 1520 1431 cordulas
1541 1354 1660 1431 lineas
1682 1355 1740 1431 vel
1767 1355 1900 1435 laneas

476 1515 590 1591 super
614 1484 801 1562 camisiam
822 1485 860 1561 in
888 1486 1037 1591 signum
1062 1486 1236 1563 castitatis
1257 1503 1296 1562 et
1322 1485 1514 1593 religionis
1533 1501 1717 1590 perpetuo
1744 1513 1900 1563 conser-

475 1617 606 1693 vande.
628 1616 728 1692 Dixit
750 1633 876 1692 tamen
897 1617 1106 1723 quodcum
1128 1617 1235 1693 dictis
1254 1616 1420 1693 cordulis
1441 1614 1553 1722 ydola
1573 1614 1698 1722 aliqua
1713 1642 1792 1691 non
1812 1633 1900 1693 tan-

475 1763 616 1852 guntur
632 1774 701 1823 nec
719 1746 918 1852 cinguntur
937 1744 983 1821 ab
1004 1745 1088 1822 illis.
1104 1749 1196 1822 ltem
1218 1744 1408 1823 consessus
1422 1740 1479 1823 est
1495 1744 1601 1852 quod
1614 1744 1655 1821 in
1671 1748 1898 1852 recepcionc

476 1876 676 1984 cujuslibet
704 1876 859 1954 fratrum
886 1876 1097 1982 injungitur
1125 1877 1179 1953 eis
1208 1903 1275 1983 per
1296 1905 1317 1952 a
1337 1904 1377 1952 se
1407 1876 1606 1982 prestitum
1632 1877 1896 1982 juramentum

475 2007 580 2112 quod
598 2036 704 2084 suam
720 2007 976 2113 recepcionem
993 2004 1088 2083 nulli
1102 2005 1264 2083 debeant
1283 2006 1465 2095 revelare,
1482 2034 1552 2083 nec
1571 2006 1688 2083 eciam
1708 2007 1900 2087 auderent

476 2137 578 2243 loqui
608 2167 694 2214 cum
714 2138 795 2213 aliis
817 2136 991 2216 fratribus
1015 2138 1184 2244 ejusdem
1201 2137 1345 2215 ordinis
1366 2138 1523 2243 quinon
1548 2136 1803 2214 interfuerunt
1821 2140 1895 2247 ipsi

476 2266 640 2371 capitulo
659 2268 706 2343 de
727 2266 915 2373 aliquibus
935 2268 1043 2343 dictis
1058 2265 1115 2343 vel
1135 2265 1249 2375 gestis
1273 2267 1312 2342 in
1334 2267 1415 2372 ipso
1434 2267 1620 2373 capitulo,
1642 2275 1687 2343 et'
1705 2267 1779 2345 hoc
1801 2269 1899 2347 dixit

477 2423 556 2472 esse
584 2396 767 2500 scriptum
799 2413 836 2473 et
861 2397 1094 2487 ordinatum,
1120 2395 1217 2473 sicut
1238 2396 1374 2486 credit
1408 2395 1447 2473 in
1473 2394 1572 2508 libro
1601 2412 1828 2475 statutorum
1856 2419 1897 2478 et

476 2525 605 2631 regule
625 2525 768 2603 ordinis
784 2527 1017 2646 supradicti

532 2655 589 2733 Ad
608 2656 723 2735 lxxmr
742 2654 978 2734 articulum
963 2659 1231 2766 interrogatus,
1253 2658 1346 2736 dixit
1371 2677 1410 2736 ot
1432 2587 1629 2765 respondit
1646 2678 1760 2765 prout
1777 2638 1897 2810 super

476 2788 627 2866 eodem.
638 2788 793 2866 articulo
821 2787 997 2895 loquente
1025 2789 1072 2865 de
1101 2786 1332 2866 consessione
1358 2806 1598 2895 peccatorum
1625 2788 1858 2868 facienda
1819 2795 1894 2872 msi

466 2917 564 2996 solis
583 2918 758 3021 fratribus
777 2919 993 3025 presbiteris
1014 2919 1103 2997 dicti
1124 2920 1279 2998 ordinis.
1302 2918 1559 3027 Que'quidem
1583 2921 1776 3026 responsio
1796 2921 1894 3001 facta

428 3082 431 3089 ·
474 3048 546 3124 suit
565 3077 637 3125 ase
657 3078 769 3156 super
787 3077 887 3127 xxnn
902 3050 1057 3127 articulo
1077 3078 1198 3155 supra.
1222 3092 1238 3142 ῃ

531 3179 696 3267 Adlxxv,
718 3178 813 3258 lxxvi
829 3197 873 3255 et
888 3180 1000 3258 lxxvn
1023 3181 1201 3257 articulos
1218 3181 1395 3259 inclusive
1422 3180 1621 3289 diligenter
1640 3183 1892 3291 interrogatus

475 3304 712 3413 singulariter
730 3327 767 3384 et
786 3302 986 3414 sigillatim,
1008 3310 1107 3415 ipsos
1124 3310 1299 3388 articulos
1317 3328 1355 3388 et
1374 3312 1501 3388 omnia
1515 3330 1552 3389 et
1565 3312 1709 3418 singula
1720 3329 1892 3393 contenta

474 3438 617 3542 negavit
632 3436 670 3512 in
692 3439 761 3529 eis;
779 3438 942 3515 adiciens
962 3467 1000 3515 se
1018 3468 1087 3515 nec
1102 3441 1196 3516 scire
1213 3470 1283 3516 nec
1298 3442 1449 3517 credere
1462 3443 1567 3548 quod
1578 3471 1722 3519 errores
1731 3445 1892 3549 predicti

474 3568 548 3644 sint
573 3568 630 3643 vel
653 3598 818 3676 unquam
841 3568 980 3646 luerint
1007 3570 1047 3645 in
1074 3571 1206 3647 ordine
1228 3572 1459 3676 supradicto,
1480 3589 1519 3648 et
1540 3573 1628 3648 ideo
1655 3575 1893 3652 correccione

473 3727 549 3776 non
560 3718 683 3776 carent
694 3729 763 3776 nec
776 3718 985 3789 caruerunt,
999 3730 1066 3778 nec
1077 3701 1368 3779 denunciacioue
1385 3702 1572 3779 dictorum
1584 3731 1754 3781 errorum
1765 3723 1891 3781 sancte

472 3830 541 3907 Dei
564 3832 726 3907 Ecclesie
748 3832 928 3908 iacienda.

528 3960 585 4036 Ad
615 3961 757 4050 lxxvnr‚
786 3962 900 4049 lxxxx,
928 3963 1010 4039 lxxx
1040 3981 1076 4039 et
1102 3964 1196 4040 lxxxx
1226 3964 1401 4040 articulos
1427 3964 1604 4042 inclusive
1625 3965 1826 4071 diligenter
1856 3987 1893 4045 et

472 4088 658 4194 sigillatim
686 4092 954 4198 interrogatus,
977 4094 1123 4200 negavit
1150 4095 1248 4199 ipsos
1276 4094 1450 4171 articulos
1474 4113 1512 4171 et
1536 4096 1661 4172 omnia
1688 4114 1725 4173 et
1744 4097 1893 4204 singula

471 4236 642 4296 contenta
668 4221 705 4295 in
736 4224 806 4312 eis,
840 4251 884 4299 eo
915 4223 1011 4300 salvo
1041 4223 1146 4330 quod
1167 4223 1297 4329 jurant
1321 4253 1398 4301 non
1433 4226 1625 4303 offendere
1656 4256 1892 4334 quemquam

469 4348 723 4429 Christianum
742 4353 877 4458 injuste
894 4382 962 4429 nec
984 4371 1125 4430 temere
1149 4383 1279 4459 rapere
1301 4355 1401 4430 bona
1424 4357 1522 4462 ejus,
1543 4375 1580 4433 et
1602 4358 1673 4434 hec
1693 4358 1787 4435 dixit
1808 4386 1892 4438 esse

469 4481 602 4587 scripta
623 4483 662 4557 in
681 4481 778 4558 libro
795 4500 1017 4559 statutorum
1036 4501 1074 4559 et
1092 4484 1221 4589 regule
1242 4485 1385 4561 ordinis
1406 4487 1629 4592 supradictis

526 4611 582 4686 Ad
602 4611 708 4688 lxxxn
724 4613 922 4690 articulum
946 4614 1177 4719 respondens
1202 4614 1468 4720 interrogatus,
1499 4615 1591 4692 dixit
1612 4617 1715 4722 quod
1737 4618 1768 4693 si
1798 4618 1892 4696 dicti

470 4737 596 4816 [ratres
614 4742 661 4817 de
681 4742 820 4848 quihus
839 4743 878 4819 in
897 4743 1053 4819 articulo
1074 4744 1193 4856 agitur
1213 4745 1376 4849 predicta
1398 4744 1553 4822 confessi
1571 4747 1661 4836 sint,
1679 4746 1772 4823 dixit
1786 4748 1891 4854 ipsos
