4230 5956
341 491 386 564 is
722 471 1038 562 enoessoss
1062 486 1366 562 resumens.

337 635 375 708 in
394 629 537 737 espeila
556 629 694 707 domus
712 625 863 734 Templi
888 628 937 704 dc
957 627 1125 704 &meris
1149 628 1411 706 Ambiansnsis
1435 627 1609 721 diseede,
1629 632 1755 711 iss-in.

337 763 449 842 stsnti
465 759 599 838 octaba
616 758 756 834 Pasche
769 774 882 834 erunt
893 774 979 834 octo
992 756 1084 834 anni
1094 756 1153 834 rel
1166 759 1273 848 circa,
1292 785 1362 864 per
1373 757 1526 836 fratrem
1540 761 1753 844 Jobsnnern

339 894 386 971 de
396 889 638 997 Crepicordio
657 887 896 979 servientem,
913 887 1153 965 demandato
1172 887 1297 966 fratris
1310 888 1439 968 Gar-ini
1454 888 1503 966 de
1519 889 1667 973 Grandi
1675 896 1756 976 Vil-

337 1023 418 1099 larii
438 1020 648 1129 qnondam,
671 1036 763 1096 tunc
787 1019 1015 1125 preceptoris
1039 1016 1089 1094 de
1112 1021 1287 1106 Pontico,
1308 1020 1549 1126 presentibus
1577 1021 1755 1106 fratribus

337 1153 469 1261 Egidio
496 1152 544 1228 de
573 1149 729 1256 Rotangi
758 1146 984 1255 presbitero,
1009 1165 1104 1224 teste
1120 1173 1245 1257 supra
1273 1149 1498 1242 examinato,
1523 1154 1683 1263 {ingene
1705 1159 1753 1235 de

337 1281 601 1367 Gammaches
614 1297 661 1357 'et
678 1280 847 1357 Johanne
866 1279 914 1355 de
934 1279 1130 1355 Hannonis
1153 1279 1418 1369 servientibus,
1440 1308 1538 1386 quos
1560 1284 1682 1379 credit
1700 1287 1756 1363 vi·

337 1440 438 1501 vere,
459 1412 621 1488 inbunc
637 1410 819 1488 modum:
839 1434 927 1484 nam
946 1436 1033 1484 cum
1059 1408 1230 1515 peciisset
1248 1408 1407 1515 pluries,
1435 1410 1532 1487 sicut
1548 1412 1754 1495 instructus

338 1540 473 1632 suerat,
494 1565 630 1646 penem
650 1555 688 1615 et
707 1565 859 1645 aquam,
881 1537 1097 1615 societatem
1122 1555 1161 1614 et
1179 1564 1384 1644 pauperem
1401 1539 1749 1634 restitumotdinis,

338 1697 518 1775 responso
534 1670 568 1746 ei
581 1667 688 1776 quod
701 1668 799 1744 bene
815 1665 1056 1755 deliberaret,
1073 1665 1162 1774 quia
1175 1684 1367 1773 oporteret
1385 1683 1474 1744 euru
1486 1695 1507 1743 s
1521 1695 1562 1746 se
1581 1669 1755 1767 redime

337 1800 528 1905 propriam
546 1799 778 1877 voiuntatem
794 1814 832 1875 et
851 1795 973 1874 aliene
985 1795 1132 1903 subjici,
1154 1815 1192 1875 et
1209 1799 1314 1904 quod
1326 1797 1527 1904 oportebat
1539 1828 1629 1879 eum
1646 1801 1755 1908 vigil-

338 1930 416 2005 lare
431 1929 582 2034 quando
597 1927 710 2005 veliet
721 1928 900 2015 dormire,
918 1928 1058 2004 esurire
1071 1929 1222 2032 quando
1232 1925 1346 2005 vellet
1359 1927 1568 2021 comedere,
1582 1947 1622 2007 et
1632 1930 1753 2008 multa

339 2087 465 2165 aspera
486 2060 688 2149 sustinere,
714 2058 871 2164 ipsoque
896 2057 1148 2163 respondente
1168 2057 1278 2163 quod
1302 2057 1430 2136 omnia
1449 2055 1547 2135 bene
1570 2086 1658 2137 cum
1677 2058 1753 2138 noi

340 2189 526 2295 adjutorio
545 2189 760 2274 sustineret,
773 2186 942 2264 finaliter
960 2186 1082 2264 dietus
1100 2200 1272 2292 receptor
1285 2186 1374 2265 fecit
1388 2214 1477 2265 eum
1491 2205 1681 2269 rovereet
1693 2188 1756 2297 ju-

340 2346 420 2394 rare
443 2344 556 2423 super
574 2318 778 2424 quemdam
795 2315 938 2393 librum
958 2333 1143 2421 apertum,
1165 2318 1389 2406 castitatem,
1407 2317 1685 2407 obedienciam,
1702 2320 1756 2396 ri·

339 2477 424 2524 vere
444 2448 524 2525 sine
542 2447 707 2553 proprio,
732 2468 876 2522 servare
895 2446 1017 2523 bonos
1035 2466 1125 2524 usus
1144 2463 1184 2524 et
1202 2447 1321 2526 bonas
1339 2448 1633 2527 eonsuetudines
1652 2450 1754 2527 ordi-

341 2579 414 2666 nis:
438 2596 474 2656 et
493 2576 736 2684 postmodum
754 2576 934 2680 imposuit
950 2574 1023 2653 sibi
1043 2564 1283 2666 montellum,
1296 2594 1342 2655 ,et
1358 2595 1437 2657 tam
1451 2577 1529 2683 ipse
1551 2606 1666 2685 quam
1687 2578 1752 2656 alii

340 2725 500 2786 astames
513 2706 670 2805 fuerunt
681 2732 769 2782 eum
783 2705 937 2783 osculati
950 2705 989 2781 in
1004 2706 1091 2793 orei
1108 2707 1236 2784 dicens
1249 2706 1352 2785 idem
1366 2707 1472 2784 testis
1481 2708 1681 2814 quod-ante
1695 2709 1754 2787 di-

339 2853 440 2915 ctum
455 2836 626 2914 osculum
638 2835 827 2914 osculatus
837 2835 909 2912 suit
919 2835 1256 2913 crucem‘mentelli
1268 2837 1421 2913 alterius
1435 2834 1622 2916 dictorum
1632 2856 1754 2916 esten-

339 2969 451 3054 cium,
481 2965 598 3042 nescit
616 2983 743 3042 temen
767 2966 890 3072 cujus.
919 2964 1070 3044 Deinde·
1082 2965 1262 3043 instruxit
1283 2993 1373 3043 eum
1393 2982 1487 3072 quot
1506 2969 1621 3045 Potor
1640 2983 1755 3046 noem

340 3096 481 3172 diceret
493 3124 561 3201 pro
576 3095 732 3202 singulis
748 3096 862 3184 horis,
880 3112 918 3171 et
933 3095 1096 3202 qualiter
1108 3123 1148 3172 se
1164 3095 1321 3173 baberet
1338 3113 1376 3173 et
1391 3114 1537 3204 regeret
1551 3097 1591 3174 in
1605 3097 1749 3174 ordine.

340 3226 520 3330 Postque
545 3225 635 3300 dieti
653 3224 784 3301 fratres
796 3224 989 3303 Jobannes
1009 3226 1057 3303 de
1076 3224 1320 3332 Crepicordio
1339 3242 1379 3303 et
1405 3226 1595 3307 lohannes
1614 3226 1663 3304 de
1673 3228 1754 3304 'Ha-

341 3355 454 3432 nonia
467 3372 662 3432 traxerunt
674 3378 763 3431 eum
777 3355 879 3461 juste
899 3356 1347 3448 ultore,sliisastantibus,
1362 3373 1407 3434 ut
1424 3357 1496 3434 sibi
1515 3357 1675 3448 videtur,
1696 3385 1755 3434 re

341 3483 577 3572 cedentibus,
599 3501 638 3561 et
656 3486 832 3563 hostensa
851 3485 923 3564 sibi
936 3486 1127 3590 quandam
1146 3515 1256 3564 cruce
1276 3487 1560 3596 lignea,·iu·qua
1570 3505 1755 3575 uoueret

185 3654 198 3667 -
341 3615 465 3722 eliqua
484 3642 635 3723 ymago,
655 3642 769 3722 qnam
795 3616 874 3720 ipse
892 3617 1134 3708 recordetur,
1153 3634 1341 3724 assumpte
1362 3619 1410 3694 de
1431 3634 1534 3695 retro
1550 3616 1753 3724 altare'per

340 3744 500 3822 alterum
530 3746 715 3823 dictorum
737 3746 916 3833 -fretrum,
945 3748 1064 3824 nescit
1087 3774 1155 3853 per
1182 3768 1319 3853 quem,
1345 3749 1469 3827 dictus
1492 3749 1752 3827 lebannes-de

339 3875 508 3953 H-anonia
527 3877 694 3981 precepit
709 3877 743 3951 ei
759 3875 865 3982 quod
884 3875 1085 3981 abnegaret
1103 3877 1245 3968 Deum3
1265 3895 1408 3956 etcum
1427 3879 1506 3984 ipse
1524 3876 1672 3955 sortiter
1692 3907 1752 3956 re-

339 4007 485 4084 sisteret
502 4023 542 4084 st
560 4005 680 4083 facere
700 4019 898 4096 recusaret,
914 4005 1106 4114 predictus
1124 4007 1316 4085 Jobannes
1335 4006 1478 4087 dixitei
1496 4007 1601 4114 quod
1616 4006 1753 4084 'ita-de-

199 4224 205 4232 Ι
340 4135 453 4210 hebet
471 4134 606 4224 secere,
630 4137 717 4243 quia
744 4137 814 4213 hec
838 4153 945 4213 erant
962 4153 1100 4242 punctu
1117 4135 1328 4244 religionis,
1348 4153 1388 4215 et
1410 4154 1502 4214 tunc
1522 4136 1602 4241 ipse
1628 4135 1751 4226 testis,

341 4261 506 4339 multum
519 4264 669 4353 dolens,
682 4266 875 4374 abnegavit
883 4267 1008 4344 Deum
1022 4294 1087 4344 ore
1106 4292 1185 4344 non
1205 4267 1331 4345 corde.
1342 4269 1474 4345 Postea
1489 4265 1582 4342 dixit
1596 4265 1630 4342 ei
1647 4264 1754 4372 quod

339 4410 491 4499 spueret
510 4412 624 4499 super
648 4396 785 4472 dictam
809 4424 959 4473 crucem
979 4397 1140 4501 positum
1162 4397 1204 4472 in
1227 4396 1391 4503 quedam
1411 4394 1599 4475 seussive
1625 4393 1751 4486 sedilie

264 4604 270 4609 ,
340 4524 417 4628 ipse
431 4541 558 4602 temen
577 4524 1153 4631 noluitspuereneosuper‘nec
1161 4526 1280 4632 juxta.
1301 4527 1473 4605 Preteree
1493 4524 1633 4603 diris-si
1648 4524 1754 4632 quod

337 4655 549 4731 semustum
563 4673 705 4760 -puncta
725 4653 870 4733 ordinis
883 4670 1030 4758 potem
1043 4656 1280 4735 commisceri¹
1298 4655 1496 4735 eamditer
1508 4653 1756 4734 modum·

341 4781 440 4859 dinis
457 4782 579 4886 stipsi
594 4810 681 4860 cum
694 4812 763 4873 eo;
779 4784 854 4862 boc
870 4798 1091 4863 tamennon
1103 4783 1210 4874 feeit,
1220 4813 1293 4864 nso
1310 4784 1547 4891 cmditqnod
1565 4784 1606 4862 in
1620 4783 1757 4862 ordine
