4230 5956
688 481 879 572 moces
905 501 999 572 nes
1026 501 1326 575 ‘conruens
1644 504 1724 579 ur

298 667 382 715 cum
404 639 482 744 ipse
501 657 688 716 recusaret
704 640 775 717 hoc
794 639 931 728 facere,
955 642 1076 720 dictus
1097 662 1268 748 receptor
1287 645 1382 720 dixit
1402 646 1436 722 ei
1457 648 1560 751 quod
1582 648 1632 723 ita
1653 648 1718 725 de-

295 767 409 844 bebat
428 769 566 858 facere,
588 769 658 846 alia
679 798 788 848 causa
816 798 1100 878 nonexpresse,
1124 791 1161 849 et
1180 791 1272 849 tunc
1292 775 1370 879 ipse
1399 775 1505 850 testis
1524 774 1716 882 abnegavit

295 899 452 975 lhesum
467 927 531 975 ore
545 928 621 976 non
637 901 749 977 corde
765 919 803 978 et
813 901 976 978 multum
990 902 1133 980 dolens.
1151 906 1281 981 Postea
1295 905 1389 981 dixit
1404 904 1438 980 ei
1452 905 1557 1011 quod
1571 923 1717 1011 poterat

297 1028 492 1105 carnaliter
520 1031 753 1107 commisceri
778 1030 955 1109 fratribus
977 1033 1121 1110 ordinis
1141 1052 1178 1111 et
1199 1035 1267 1139 ipsi
1288 1064 1374 1112 cum
1397 1063 1461 1122 θος
1497 1036 1568 1111 hoc
1591 1052 1714 1110 tamen

297 1187 373 1234 non
394 1158 482 1234 fecit
498 1185 566 1235 nec
585 1159 658 1237 fuit
676 1161 899 1267 requisitus,
924 1190 991 1238 nec
1005 1163 1125 1238 credit
1139 1165 1244 1270 quod
1260 1164 1405 1243 dictum
1422 1182 1618 1270 peccatum
1630 1192 1716 1270 per-

297 1307 505 1395 petraretur
525 1291 563 1366 in
592 1292 737 1369 ordine.
757 1294 845 1369 Post
865 1293 935 1369 hec
960 1292 1082 1370 dictus
1102 1314 1273 1403 receptor
1289 1296 1480 1374 osculatus
1503 1297 1573 1373 fuit
1592 1298 1714 1402 ipsum

296 1437 430 1496 testem
455 1421 550 1497 circa
570 1421 793 1499 umbilicum
818 1451 930 1528 supra
950 1441 1084 1513 vestes,
1112 1425 1240 1503 dicens
1259 1426 1361 1503 idem
1387 1427 1492 1504 testis
1512 1427 1615 1533 quod
1628 1441 1718 1532 ‘pre-

297 1549 393 1625 dicta
410 1567 489 1626 acta
509 1551 662 1628 fuerunt
680 1569 717 1629 et
740 1552 837 1629 dicta
859 1554 898 1629 iu
920 1555 1111 1660 presencia
1131 1557 1333 1632 astancium
1358 1556 1627 1661 predictorum.
1650 1560 1719 1633 Re-

296 1682 457 1785 quisitus
475 1682 506 1759 si
527 1682 597 1758 alia
618 1682 815 1760 inhonesta
835 1684 1117 1761 intervenerunt
1145 1687 1184 1761 in
1205 1687 1302 1763 dicta
1322 1716 1388 1763 sua
1416 1687 1635 1790 recepcioue
1660 1688 1715 1762 vel

296 1829 399 1916 post,
418 1787 620 1918 ¹respondit
638 1813 741 1920 quod
758 1841 846 1890 uon.
864 1816 1081 1922 Requisitus
1100 1817 1129 1892 si
1146 1818 1228 1904 scit,
1256 1816 1392 1904 credit,
1410 1817 1466 1893 vel
1485 1816 1628 1892 audivit
1644 1816 1714 1891 dici

295 1943 399 2047 quod
418 1944 583 2048 predicta
600 1943 728 2020 illicita
745 1943 948 2021 confessam
968 1973 1035 2049 per
1054 1975 1142 2022 eum
1163 1965 1228 2023 aut
1247 1947 1317 2023 alia
1341 1947 1537 2023 inhonesta
1556 1947 1716 2022 interve-

296 2073 421 2149 nirent
450 2075 704 2151 communiter
730 2075 769 2148 in
794 2075 1077 2178 recepcionibus
1101 2077 1261 2154 aliorum
1286 2077 1343 2153 vel
1370 2076 1501 2152 saltem
1528 2094 1626 2182 post,
1657 2104 1716 2154 re-

296 2203 448 2308 spondit
465 2203 553 2308 quie
569 2202 665 2278 vidit
683 2202 797 2306 recipi
813 2203 852 2278 in
873 2203 1005 2280 ordine
1021 2202 1172 2282 fratrem
1191 2205 1397 2282 Robertum
1413 2205 1460 2281 de
1476 2205 1613 2313 Bluoys
1634 2206 1717 2282 Cla-

297 2333 545 2410 ramontensis
562 2332 738 2420 diocesis,
759 2333 1000 2421 servientem,
1019 2335 1067 2411 de
1081 2336 1188 2442 cujus
1206 2338 1279 2410 vita
1299 2336 1355 2411 vel
1373 2353 1494 2411 morte
1512 2335 1717 2413 nonhabet

297 2465 578 2551 certitudinem,
617 2490 730 2568 quem
764 2463 905 2568 recepit
933 2463 1047 2541 frater
1075 2464 1283 2541 Ademarus
1319 2466 1364 2540 de
1394 2467 1578 2571 Peyrucza
1608 2467 1717 2543 nliles

296 2596 505 2702 quondam,
528 2593 625 2677 ultra
644 2619 763 2683 mare,
785 2593 824 2668 in
855 2593 994 2699 capella
1023 2595 1159 2672 domus
1189 2595 1339 2701 Templi
1365 2596 1412 2671 de
1440 2595 1609 2700 Sydone,
1631 2625 1715 2703 pre-

296 2726 465 2802 sentibus
485 2725 654 2801 Johanne
680 2723 862 2812 Senendi,
884 2740 978 2800 teste
1000 2725 1053 2799 eri
1074 2725 1304 2815 examinato,
1328 2740 1365 2801 et
1384 2723 1610 2830 quibusdam
1636 2726 1717 2802 aliis

297 2856 344 2932 de
360 2857 499 2961 quibus
515 2882 590 2931 non
610 2853 759 2943 recolit,
780 2870 870 2930 sunt
886 2852 986 2929 bene
998 2851 1062 2931 rurti
1077 2854 1164 2930 anui
1173 2854 1230 2930 vel
1240 2855 1347 2930 circa.
1365 2854 1475 2943 ltem,
1498 2853 1590 2929 vidit
1600 2855 1714 2960 recipi

295 2985 448 3064 fratrem
462 2987 614 3061 Petrum
632 2985 679 3060 de
694 2984 810 3061 Viena
828 2983 867 3059 in
892 2983 1031 3088 capella
1051 2985 1188 3061 domus
1206 2983 1355 3088 Templi
1371 2981 1611 3087 Tripolitani,
1628 3003 1716 3063 sunt

294 3115 392 3191 bene
411 3141 498 3192 xxrn
517 3115 606 3190 anni
624 3113 681 3190 vel
700 3114 811 3204 circa,
827 3140 895 3218 per
914 3111 1065 3188 fratrem
1082 3113 1293 3192 Gerardum
1309 3111 1522 3189 Fabrisacot
1537 3113 1713 3197 militem,

250 3235 262 3250 ’
294 3246 486 3351 quendam
499 3260 757 3350 preceptorem
772 3243 869 3319 dicte
883 3243 1039 3331 domus,
1056 3241 1293 3347 presentibus
1312 3241 1489 3319 fratribus
1500 3243 1713 3348 Radulpho,
1783 3262 1793 3281 ⁴

297 3377 451 3452 nacione
468 3375 642 3463 Picardo,
663 3374 863 3464 serviente,
884 3390 922 3450 et
943 3373 1117 3478 pluribus
1135 3373 1218 3451 aliis
1233 3377 1281 3450 de
1306 3374 1447 3479 quibus
1464 3397 1543 3451 non
1564 3374 1713 3461 recolit,

296 3526 332 3584 et
352 3510 400 3583 de
428 3534 592 3613 quorum
618 3507 689 3582 vita
712 3506 769 3582 vel
795 3523 916 3582 morte
947 3505 1159 3582 nonhabet
1185 3505 1463 3582 certitudinem.
1490 3506 1601 3596 Item,
1623 3505 1716 3582 vidit

294 3639 407 3743 recipi
426 3639 463 3713 in
484 3635 623 3742 capella
642 3637 779 3713 domus
796 3634 944 3739 Templi
962 3635 1008 3711 de
1029 3633 1194 3711 Folbosa
1206 3633 1518 3712 claramontensis
1540 3633 1712 3722 diocesia,

295 3785 382 3844 sunt
399 3784 483 3843 octo
500 3767 586 3842 anui
606 3766 664 3842 vel
681 3767 790 3856 circa,
813 3762 964 3841 fratrem
982 3765 1192 3841 lohannem
1206 3762 1346 3870 Atgerii
1365 3764 1598 3850 servientem,
1616 3762 1714 3838 dicte

294 3896 608 3975 Claramontensis
624 3895 799 3981 diocesis,
816 3893 881 4001 qui
896 3893 1043 4000 aufugit
1054 3893 1206 4000 quando
1222 3892 1284 3968 alii
1304 3894 1400 3997 capti
1416 3891 1584 3976 fuerunt,
1598 3917 1713 3995 quem

293 4027 434 4132 recepit
452 4026 566 4102 frater
585 4025 818 4102 Humbertus
836 4021 976 4102 Blancti
990 4023 1115 4111 miles,
1132 4023 1197 4127 qui
1214 4023 1406 4100 detinetur
1417 4020 1454 4093 in
1467 4017 1610 4124 Anglia,
1629 4048 1713 4124 pre-

294 4173 398 4233 sente
420 4156 520 4232 dicto
533 4156 704 4233 iohanne
720 4153 884 4232 Senandi
907 4169 944 4229 et
959 4153 1150 4256 Stephano
1168 4151 1218 4228 de
1237 4150 1418 4236 Cellario,
1438 4149 1502 4254 qui
1524 4149 1715 4226 detinetur

295 4285 433 4375 Riomi,
451 4285 490 4359 in
508 4311 670 4390 quorum
689 4282 973 4388 recepcionibus
992 4279 1085 4356 vidit
1104 4278 1210 4384 quod
1226 4278 1390 4382 predicta
1409 4277 1509 4355 licita
1531 4298 1569 4357 et
1588 4280 1716 4358 illicita

295 4413 497 4491 coufessata
515 4442 585 4520 per
600 4439 689 4488 eum
700 4412 984 4488 intervenerunt
1003 4426 1042 4485 et
1056 4424 1196 4486 servata
1211 4406 1383 4499 fuerunt3
1405 4408 1572 4514 plurium
1587 4437 1715 4514 recep-

295 4543 469 4622 cionibus
486 4571 562 4619 non
582 4541 716 4618 recolit
735 4569 773 4619 se
790 4539 963 4616 adfuisse.
987 4540 1099 4631 Item,
1123 4538 1217 4615 dixit
1236 4567 1277 4615 se
1288 4539 1441 4616 credere
1460 4539 1565 4644 quod
1585 4538 1716 4617 fratres
1838 4532 1848 4543 ’

296 4675 439 4752 ordinis
459 4673 655 4750 crederent
681 4671 919 4748 sacramentis
944 4669 1215 4758 ecclesiasticis,
1237 4669 1377 4775 quibus
1407 4670 1485 4775 ipse
1515 4668 1611 4745 bene
1637 4699 1716 4756 cre-

296 4803 428 4892 debat,
452 4821 488 4879 et
502 4802 607 4910 quod
618 4829 750 4879 eorum
767 4799 976 4878 sacerdotes
988 4800 1117 4877 debite
1132 4799 1377 4877 celebrarent.
1394 4798 1714 4877 luterminecione

1520 4956 1566 5020 19.
