4230 5956
696 458 891 549 proces
918 477 1013 547 oss
1039 476 1340 549 rsurmnns.
1644 480 1718 556 ass

301 620 456 709 brnarii,
470 644 567 693 anno
577 643 654 721 quo
667 644 793 720 supra,
809 616 1060 722 peremptorie
1077 617 1225 695 duobus
1240 616 1413 693 [ratribus
1425 619 1720 699 Predicatoribus

303 768 339 825 et
359 751 507 827 duobus
524 746 700 822 fratribus
723 747 931 824 Minoribus
963 738 1212 824 conventuum
1242 746 1327 824 ville
1356 747 1565 851 Perpiniani
1594 768 1719 829 nostre

301 880 469 957 Elnensis
484 877 659 965 diocesis,
681 905 748 982 per
765 895 908 954 nostras
924 876 1064 953 litteras
1081 879 1149 956 sub
1165 879 1233 954 hac
1249 877 1368 955 forma
1386 910 1394 953 :

357 1010 600 1117 Raymundus
634 1008 875 1085 miseracione
913 1008 1036 1086 divina
1077 1010 1248 1115 Elaensis
1286 1010 1496 1114 episcopus,
1538 1009 1721 1117 religiosis

302 1141 388 1216 viris
406 1141 520 1246 priori
540 1139 819 1216 Predicatorum
842 1156 878 1215 et
896 1138 1071 1245 gardiano
1092 1138 1248 1216 fratrum
1273 1140 1462 1217 Minorum
1488 1139 1572 1215 ville
1595 1141 1722 1248 Perpi·

302 1272 418 1357 niani,
436 1271 594 1346 salutem
607 1270 646 1343 in
662 1269 827 1346 Domino
843 1268 975 1355 ihesu,
995 1297 1080 1345 curn
1096 1286 1295 1377 augmento
1310 1268 1432 1346 divine
1445 1270 1566 1374 gracie
1576 1287 1723 1349 etamo·

301 1403 361 1477 ris.
380 1402 475 1478 Cum
484 1402 586 1508 juxta
601 1400 881 1476 ordinacionem
895 1400 1109 1476 sanctissimi
1123 1401 1235 1506 patris
1246 1417 1283 1476 et
1292 1399 1433 1476 domini
1450 1402 1567 1478 nostri
1578 1401 1719 1479 domini

301 1532 504 1609 Clementis
524 1531 777 1636 papequinti,
799 1549 1028 1609 sacrosancte
1053 1533 1218 1608 Romane
1250 1561 1292 1607 ac
1316 1532 1532 1609 universalis
1561 1533 1721 1610 Ecclesie

301 1663 436 1737 summi
458 1661 660 1766 pontificis,
681 1660 901 1737 litteratorie
922 1661 1031 1737 nobis
1044 1662 1210 1749 missam,
1232 1656 1382 1739 duobus
1394 1663 1582 1739 canonicis
1595 1678 1720 1741 nostro

300 1793 471 1869 Elnensis
497 1791 669 1877 ecclesie,
687 1791 835 1869 duobus
854 1791 1156 1869 Predicatoribus
1178 1810 1215 1868 et
1236 1791 1387 1869 duobus
1406 1790 1579 1868 lratribus
1598 1793 1722 1871 Mino-

300 1923 405 1998 ribus
431 1921 632 2009 accercitis,
656 1936 783 1996 contra
810 1919 1044 2025 Templarios
1074 1938 1199 1996 nostre
1230 1919 1402 1997 Elnensis
1428 1920 1586 1997 diocesis
1609 1948 1722 2027 super

302 2050 466 2127 articulis
486 2050 523 2125 in
543 2049 651 2125 dictis
668 2047 801 2124 litteris
818 2049 1096 2153 comprehensis
1111 2050 1300 2154 inquirere
1316 2049 1568 2137 intendamus,
1585 2078 1650 2127 vos
1662 2080 1721 2127 re-

302 2181 501 2284 quirimus,
533 2197 572 2262 et
594 2177 862 2255 nichilominus
892 2178 1108 2254 auctoritate
1135 2177 1334 2283 apostolica
1361 2178 1465 2256 vobis
1491 2180 1653 2257 dicimus
1685 2199 1722 2258 et

301 2310 520 2386 mandamus
541 2309 719 2414 quatinus
739 2326 901 2392 vestrum
920 2306 1080 2412 quilibet
1097 2336 1183 2383 eum
1203 2335 1281 2385 uno
1303 2308 1413 2385 fratre
1431 2311 1539 2386 vestri
1560 2311 1719 2400 ordinis,

302 2442 380 2517 viro
397 2440 526 2545 utique
541 2437 696 2544 provido
717 2455 753 2513 et
768 2437 808 2513 in
822 2436 959 2513 talibus
971 2437 1255 2541 circumspecto,
1277 2439 1337 2514 die
1353 2439 1528 2515 mercurii
1540 2442 1719 2544 proxima,

303 2572 351 2646 ad
361 2587 519 2646 castrum
531 2569 579 2645 de
591 2566 802 2655 Trullariis,
814 2594 923 2642 mane
936 2583 1021 2643 ante
1033 2568 1201 2656 terciam,
1214 2566 1260 2643 ad
1272 2595 1339 2644 nos
1351 2569 1593 2674 personaliter
1605 2572 1723 2647 venia-

303 2702 365 2789 tis,
384 2702 421 2775 in
437 2698 611 2805 predictis
632 2696 829 2774 nobiscum
847 2696 995 2783 lecturi,
1012 2698 1117 2803 juxta
1132 2698 1201 2773 Dei
1212 2696 1489 2802 beneplacitum
1502 2716 1536 2774 et
1549 2700 1721 2777 traditam

303 2831 434 2907 adicto
455 2829 606 2906 domino
627 2845 756 2907 nostro
776 2853 925 2904 summo
944 2824 1120 2930 pontifice
1140 2820 1247 2903 nobis
1267 2826 1441 2917 sormam,
1461 2828 1565 2932 quod
1572 2828 1720 2933 justicia

302 2960 485 3037 suadebit.
499 2959 664 3035 intencio
681 2958 783 3033 enim
799 2972 925 3033 nostra
939 2972 994 3031 est
1011 2973 1229 3060 preceptum
1245 2956 1489 3061 apostolicum
1504 2957 1721 3035 litteratorie

302 3091 411 3169 nobis
423 3149 542 3165 .....
566 3091 704 3166 Datum
724 3087 893 3164 vicesima
906 3144 1026 3161 .....
1058 3085 1303 3192 [astantibusl]
1319 3087 1482 3192 providis
1498 3104 1536 3164 et
1555 3089 1722 3165 discretis

304 3221 448 3325 [duobus
475 3216 688 3323 cononichl]
708 3216 885 3295 ¹Elnensis
912 3216 1086 3305 ecclesie,
1119 3216 1291 3295 videlicet
1318 3216 1522 3296 Benedicto
1554 3220 1722 3325 Hugonis

302 3350 563 3427 archidiacono
584 3348 727 3454 [mojori
745 3345 822 3452 etl]
846 3347 1066 3453 Raymundo
1090 3344 1283 3424 Guillelmi
1303 3347 1452 3424 sacrista
1473 3348 1655 3455 ejusdem.
1677 3350 1722 3425 Et

302 3481 424 3555 locum
444 3480 545 3585 apud
564 3496 724 3556 castrum
737 3479 784 3554 de
806 3476 999 3553 'l'rullariis
1020 3477 1189 3583 ejusdem
1211 3476 1380 3554 Elnensis
1401 3477 1552 3555 ecclesie
1569 3479 1722 3583 propin-

302 3638 421 3713 quum
437 3605 607 3713 [domnii]
621 3608 740 3685 Mansi
761 3608 831 3685 Dei
850 3606 954 3713 quod
973 3623 1030 3682 est
1050 3606 1188 3682 milicie
1203 3605 1352 3708 Templi
1367 3605 1453 3693 Dei,
1471 3608 1509 3681 in
1524 3634 1597 3709 qua
1611 3608 1722 3682 Tem-

301 3741 407 3844 plarii
432 3738 523 3815 olim
547 3737 724 3842 degentes
747 3737 788 3810 in
808 3736 963 3811 diversis
991 3734 1082 3811 locis
1108 3732 1201 3808 inlra
1223 3751 1386 3811 nostram
1407 3734 1601 3821 diocesim,
1618 3734 1721 3839 juxta

306 3865 560 3971 [mndatamt]
584 3866 739 3970 predicti
761 3865 902 3941 domini
924 3864 1040 3941 nostri
1056 3863 1194 3940 summi
1210 3861 1414 3968 pontilicis,
1432 3863 1503 3940 sub
1518 3861 1593 3940 lida
1604 3880 1722 3940 custo-

306 3996 365 4071 dia
385 3996 611 4072 detinentur.

360 4257 506 4351 Quibus
527 4256 588 4333 die
609 4256 784 4334 mercurii
805 4272 845 4333 et
862 4256 962 4344 loco,
985 4254 1155 4333 videlicet
1177 4254 1349 4362 [costrol]
1371 4256 1538 4362 predicto
1554 4257 1600 4333 de
1616 4255 1723 4331 Trul-

220 4370 227 4381 ⁸
303 4387 419 4473 laniis,
431 4414 500 4463 nos
513 4385 676 4490 prelatus
689 4385 861 4462 Elnensis
873 4387 1068 4492 episcopus
1084 4386 1248 4463 volentes
1262 4387 1451 4492 inquirere
1462 4415 1548 4463 cum
1555 4384 1723 4489 Templa·

305 4518 368 4593 riis
378 4517 555 4622 predictis
564 4544 677 4621 super
692 4516 857 4622 [articulis
868 4515 939 4621 int]
957 4516 1132 4622 predictis
1144 4516 1278 4597 litteris
1292 4516 1585 4623 comprehensis,
1597 4540 1724 4620 perso·

304 4647 436 4723 naliter
446 4647 656 4735 constituti,
670 4647 857 4724 accercitis
870 4665 907 4723 et
918 4647 1120 4725 astantibus
1133 4647 1241 4725 nobis
1253 4647 1360 4725 dictis
1375 4647 1525 4726 duobus
1537 4644 1722 4723 canonicis

305 4795 342 4855 et
362 4777 510 4883 du[obus
519 4778 690 4882 fratribus
710 4776 1036 4883 Prodicohoribus,
1057 4775 1230 4855 videlicet
1243 4777 1352 4856 fratre
1372 4776 1564 4857 Bernardo
1579 4775 1720 4855 Marchi

411 4935 516 4993 esocis
534 4953 584 4993 nas
599 4952 772 4994 rnurmras.
788 4968 830 4980 -
845 4954 879 4993 11.
1513 4931 1552 4999 512
