4230 5956
340 489 387 558 sa
731 461 925 556 naoots
952 479 1045 552 nus
1071 480 1370 552 ratramnus.

339 628 488 703 Trecas.
511 624 727 731 Requisitus
746 625 775 699 si
790 624 858 701 scit
871 621 930 700 vel
946 621 1066 698 credit
1079 621 1184 726 quod
1199 619 1261 697 alii
1280 620 1413 699 fratres
1432 618 1577 698 ordinis
1596 649 1769 699 commu·

340 757 439 834 niter
450 756 708 862 reciperentur
722 754 820 832 sicut
837 753 1012 861 deposuit
1031 780 1071 828 se
1085 751 1198 829 luisse
1216 769 1429 861 receptum,
1449 750 1646 858 respondit
1663 754 1768 858 quod

339 891 412 967 hoc
432 888 636 978 nesciebat,
652 887 726 964 ‘sed
745 887 878 993 pocius
898 884 1076 962 credebat
1090 885 1194 992 quod
1210 885 1263 963 sic
1278 885 1538 992 reciperentur
1547 914 1662 992 quam
1678 914 1770 963 con·

339 1020 508 1097 trarium.
530 1019 638 1106 Item,
656 1017 749 1094 dixit
763 1017 868 1125 quod
882 1016 983 1095 bene
997 1015 1176 1094 credebat
1188 1017 1445 1095 ecclesiasticis
1462 1018 1715 1110 sacramentis,
1731 1036 1770 1095 et

339 1151 458 1228 credit
472 1149 578 1256 quod
602 1147 665 1225 alii
691 1149 908 1238 crederent,
938 1166 977 1226 et
1000 1149 1107 1257 quod
1128 1177 1262 1227 eorum
1283 1150 1496 1227 sacerdotes
1518 1147 1647 1226 debite
1669 1149 1768 1228 cele-

337 1282 501 1361 brarent.
515 1281 657 1359 Juravit
671 1280 844 1359 ordinem
863 1309 942 1362 non
963 1281 1082 1370 exire,
1099 1279 1256 1357 credens
1271 1281 1377 1389 quod
1391 1280 1454 1358 alii
1468 1279 1572 1357 idem
1581 1280 1764 1389 jurarent.

339 1412 580 1491 Clandestine
595 1412 885 1519 recipiebantur.
905 1411 1082 1491 Cordulis
1102 1411 1206 1489 unde
1223 1410 1400 1489 volebant
1418 1410 1618 1519 assumptis
1641 1413 1767 1520 cinge-

338 1544 479 1621 bantur
497 1573 611 1649 super
626 1543 794 1621 camisias
816 1573 904 1621 cum
925 1543 1064 1651 quibus
1084 1541 1271 1650 jacebant.
1294 1542 1566 1652 lnjungebatur
1585 1541 1639 1619 eis
1661 1541 1766 1650 quod

339 1702 416 1752 non
436 1672 646 1751 revelarent
659 1691 801 1752 secreta
820 1672 1072 1780 capitulorum
1090 1690 1128 1750 et
1142 1673 1248 1780 quod
1263 1672 1406 1780 absque
1418 1672 1574 1751 licencia
1585 1700 1664 1751 non
1677 1700 1767 1751 con-

339 1803 538 1884 fiterentur
557 1806 629 1883 nisi
645 1804 903 1883 sacerdotibus
924 1803 1081 1883 ordinis.
1103 1806 1250 1884 Fratres
1269 1805 1429 1882 scientes
1449 1832 1595 1882 errores
1613 1803 1768 1881 lirerunt

338 1935 571 2048 negligentes
591 1936 678 2043 quia
708 1965 786 2015 non
807 1952 1051 2014 correxerunt
1072 1963 1138 2015 eos
1157 1964 1228 2013 nec
1248 1935 1571 2014 denunciaverunt
1588 1934 1765 2013 Ecclesie.

338 2067 491 2145 Audivit
503 2067 578 2144 dici
595 2067 701 2173 quod
722 2065 838 2144 lrater
856 2066 1047 2146 Gerardus
1071 2066 1119 2144 de
1131 2066 1336 2145 Villaribus
1354 2083 1573 2175 preceperat
1591 2065 1764 2175 restringi

341 2197 587 2275 eleemosinas
603 2214 641 2273 et
656 2198 966 2303 hospitalitatem,
985 2227 1078 2303 quas
1091 2197 1186 2274 vidit
1201 2199 1467 2277 convenienter
1480 2196 1562 2275 fieri
1579 2215 1617 2276 et
1631 2197 1765 2275 servari

340 2327 379 2403 in
393 2326 574 2405 domibus
589 2327 732 2405 ordinis
747 2327 787 2403 in
808 2327 948 2434 quibus
962 2329 1103 2406 exstitit
1116 2348 1381 2407 commoratus.
1403 2327 1700 2407 Deffendebatur
1713 2328 1767 2405 eis

342 2458 446 2566 quod
465 2487 542 2536 non
562 2459 799 2566 acquirerent
823 2458 954 2536 illicite
974 2459 1117 2548 ordini,
1144 2461 1183 2535 in
1206 2490 1284 2567 quo
1305 2478 1491 2539 servatum
1512 2458 1643 2537 fuisset
1660 2458 1766 2566 quod

342 2619 500 2699 magnus
531 2592 709 2700 Magister
737 2620 824 2668 cum
848 2607 1034 2670 conventu
1062 2592 1267 2683 statuisset3
1296 2611 1425 2671 contra
1448 2620 1563 2699 quem
1590 2588 1766 2668 ordinem

341 2750 441 2799 nunc
451 2721 605 2832 grandia
625 2721 814 2812 scandala,
837 2722 1000 2829 suspicio
1023 2739 1061 2798 et
1082 2721 1236 2799 infamia
1257 2741 1346 2800 sunt
1365 2741 1503 2802 exorta.
1522 2721 1677 2800 Audivit
1693 2722 1766 2798 dici

340 2881 519 2960 magnum
538 2853 760 2962 Magistrum
782 2870 820 2929 et
838 2850 931 2930 alios
950 2850 1076 2961 aliqua
1092 2851 1282 2932 confessos
1296 2853 1409 2931 luisse
1427 2871 1555 2932 contra
1574 2852 1763 2942 ordinem,

339 2983 388 3059 ad
402 2986 510 3091 cujus
520 2983 795 3062 deffensionem
808 3013 923 3090 super
933 2983 1125 3092 aliquibus
1135 2986 1284 3092 punctis
1299 3015 1338 3063 se
1353 2985 1553 3077 obtulerat,
1566 3013 1645 3063 non
1661 2986 1766 3093 quod

340 3113 557 3191 intenderet
571 3143 661 3190 eum
676 3113 894 3192 deffendere
908 3145 928 3191 a
944 3114 1161 3194 confessatis
1176 3144 1244 3222 per
1258 3143 1366 3205 eum,
1383 3133 1421 3192 et
1435 3115 1509 3192 fuit
1522 3116 1561 3192 in
1581 3115 1766 3222 principio

341 3260 568 3351 protestatus
592 3245 698 3351 quod
722 3274 799 3322 non
829 3246 1050 3324 intendebat
1070 3247 1247 3325 recedere
1267 3276 1288 3324 a
1313 3246 1555 3354 deposicione
1579 3277 1648 3353 per
1678 3275 1766 3324 eum

341 3375 437 3452 sacta
455 3404 580 3453 coram
598 3376 699 3454 dicto
715 3376 872 3455 domino
894 3378 1071 3485 episcopo
1082 3378 1315 3456 Camotensi.

397 3507 615 3612 Requisitus
630 3508 659 3585 si
674 3507 727 3585 sic
741 3508 967 3614 deposuerat
981 3538 1109 3615 prece,
1125 3527 1318 3616 precepto,
1332 3510 1485 3598 timore,
1499 3538 1644 3601 amore,
1659 3509 1764 3597 odio,

341 3635 400 3713 vel
415 3637 615 3743 temporali
630 3639 792 3716 comodo
808 3638 937 3717 habito
955 3638 1015 3716 vel
1028 3641 1223 3731 habendo,
1247 3640 1445 3747 respondit
1464 3641 1568 3748 quod
1590 3670 1684 3730 non,
1701 3640 1768 3717 sed

340 3794 409 3872 pro
430 3766 582 3843 veritate
612 3768 793 3860 dicenda,
823 3770 883 3844 cui
908 3768 979 3847 luit
1002 3770 1214 3877 injunctum
1234 3772 1339 3878 quod
1364 3799 1441 3849 non
1467 3772 1650 3849 revelaret
1673 3772 1768 3849 hanc

341 3925 447 3976 suam
469 3899 750 4005 deposicionem
765 3928 964 4007 quousque
986 3902 1245 3980 attestaciones
1258 3901 1400 3981 fuerim
1417 3902 1619 4010 publicata.

399 4164 528 4240 Frater
546 4167 678 4243 Petrus
702 4166 750 4245 de
772 4168 860 4244 Janz
885 4167 1050 4245 serviens
1072 4166 1304 4247 Belvacensis
1330 4167 1506 4255 diocesis,
1530 4164 1636 4242 testis
1656 4192 1768 4272 supra

336 4294 504 4402 juratus,
532 4300 790 4406 sexagenarius
814 4299 873 4377 vel
903 4299 1015 4393 circa,
1046 4328 1124 4377 non
1146 4299 1334 4378 defferens
1362 4298 1585 4377 mantellum
1606 4297 1765 4386 ordinis,

340 4426 429 4533 quia
449 4427 574 4533 ipsum
592 4429 785 4507 dimiserat
804 4431 844 4505 in
861 4431 1020 4508 concilio
1038 4431 1268 4524 Senonensi,
1290 4450 1419 4539 postea
1438 4431 1520 4507 radi
1540 4428 1679 4506 lecerat
1696 4427 1767 4504 sibi

341 4557 520 4649 barbam,
542 4591 628 4638 cum
651 4589 728 4669 quo
745 4561 970 4669 inquisitum
990 4562 1133 4656 fuerat,
1153 4564 1348 4643 absolutus
1367 4581 1405 4641 et
1421 4561 1684 4641 reconciliatus
1702 4589 1770 4669 per

343 4688 544 4765 dominum
563 4692 784 4800 episcopum
805 4692 1070 4782 Parisiensem,
1092 4693 1198 4773 lectis
1217 4714 1255 4774 et
1274 4695 1477 4805 diligenter
1501 4693 1678 4802 expositis
1696 4691 1769 4770 sibi

343 4820 520 4899 omnibus
552 4841 591 4901 et
614 4824 772 4935 singulis
807 4825 988 4920 articulis,
1016 4827 1213 4935 respondit
1238 4856 1277 4905 se
1302 4827 1468 4918 nescire,
1497 4854 1568 4903 nec
1593 4815 1766 4916 credere,
