<?xml version="1.0" encoding="UTF-8"?>
<!DOCTYPE html PUBLIC "-//W3C//DTD XHTML 1.0 Transitional//EN"
    "http://www.w3.org/TR/xhtml1/DTD/xhtml1-transitional.dtd">
<html xmlns="http://www.w3.org/1999/xhtml" xml:lang="en" lang="en">
 <head>
  <title>
</title>
<meta http-equiv="Content-Type" content="text/html;charset=utf-8" />
  <meta name='ocr-system' content='tesseract 3.04.00' />
  <meta name='ocr-capabilities' content='ocr_page ocr_carea ocr_par ocr_line ocrx_word'/>
</head>
<body>
  <div class='ocr_page' id='page_1' title='image "./procsdestemplie01defegoog/procsdestemplie01defegoog_0036.png"; bbox 0 0 4230 5956; ppageno 0'>
   <div class='ocr_carea' id='block_1_1' title="bbox 337 503 1766 1284">
    <p class='ocr_par' dir='ltr' id='par_1_1' title="bbox 344 503 1372 583">
     <span class='ocr_line' id='line_1_1' title="bbox 344 503 1372 583; baseline -0.013 0"><span class='ocrx_word' id='word_1_1' title='bbox 344 515 387 583; x_wconf 80' lang='lat'><strong>16</strong></span> <span class='ocrx_word' id='word_1_2' title='bbox 727 507 922 580; x_wconf 75' lang='lat' dir='ltr'>PROOES</span> <span class='ocrx_word' id='word_1_3' title='bbox 947 505 1046 578; x_wconf 79' lang='lat' dir='ltr'><strong>DES</strong></span> <span class='ocrx_word' id='word_1_4' title='bbox 1071 503 1372 574; x_wconf 73' lang='lat' dir='ltr'><strong>TEMPLIERS.</strong></span> 
     </span>
    </p>

    <p class='ocr_par' dir='ltr' id='par_1_2' title="bbox 337 643 1766 1284">
     <span class='ocr_line' id='line_1_2' title="bbox 337 643 1766 760; baseline -0.004 -33"><span class='ocrx_word' id='word_1_5' title='bbox 337 682 447 760; x_wconf 79' lang='lat' dir='ltr'><strong>aqua.</strong></span> <span class='ocrx_word' id='word_1_6' title='bbox 460 650 533 727; x_wconf 82' lang='lat' dir='ltr'><strong>luit</strong></span> <span class='ocrx_word' id='word_1_7' title='bbox 547 647 742 727; x_wconf 77' lang='lat' dir='ltr'><strong>confessus</strong></span> <span class='ocrx_word' id='word_1_8' title='bbox 755 678 881 725; x_wconf 84' lang='lat' dir='ltr'><strong>coram</strong></span> <span class='ocrx_word' id='word_1_9' title='bbox 893 647 996 722; x_wconf 83' lang='lat' dir='ltr'><strong>dicto</strong></span> <span class='ocrx_word' id='word_1_10' title='bbox 1008 645 1165 722; x_wconf 89' lang='lat' dir='ltr'><strong>domino</strong></span> <span class='ocrx_word' id='word_1_11' title='bbox 1179 646 1355 750; x_wconf 83' lang='lat' dir='ltr'><strong>episcopo</strong></span> <span class='ocrx_word' id='word_1_12' title='bbox 1369 643 1475 750; x_wconf 89' lang='lat' dir='ltr'><strong>quod</strong></span> <span class='ocrx_word' id='word_1_13' title='bbox 1489 646 1529 720; x_wconf 92' lang='lat' dir='ltr'><strong>in</strong></span> <span class='ocrx_word' id='word_1_14' title='bbox 1544 650 1766 753; x_wconf 75' lang='lat' dir='ltr'><strong>receptione</strong></span> 
     </span>
     <span class='ocr_line' id='line_1_3' title="bbox 339 777 1766 889; baseline -0.001 -29"><span class='ocrx_word' id='word_1_15' title='bbox 339 813 406 860; x_wconf 88' lang='lat' dir='ltr'><strong>sua</strong></span> <span class='ocrx_word' id='word_1_16' title='bbox 426 799 580 888; x_wconf 72' lang='lat' dir='ltr'><strong>spueret</strong></span> <span class='ocrx_word' id='word_1_17' title='bbox 593 784 699 889; x_wconf 82' lang='lat' dir='ltr'><strong>juxta</strong></span> <span class='ocrx_word' id='word_1_18' title='bbox 716 779 921 888; x_wconf 86' lang='lat' dir='ltr'><strong>quamdam</strong></span> <span class='ocrx_word' id='word_1_19' title='bbox 942 805 1105 867; x_wconf 84' lang='lat' dir='ltr'><strong>crucem,</strong></span> <span class='ocrx_word' id='word_1_20' title='bbox 1126 805 1194 852; x_wconf 89' lang='lat' dir='ltr'><strong>ore</strong></span> <span class='ocrx_word' id='word_1_21' title='bbox 1213 804 1291 853; x_wconf 92' lang='lat' dir='ltr'><strong>non</strong></span> <span class='ocrx_word' id='word_1_22' title='bbox 1311 777 1439 861; x_wconf 89' lang='lat' dir='ltr'><strong>corde,</strong></span> <span class='ocrx_word' id='word_1_23' title='bbox 1460 793 1499 852; x_wconf 90' lang='lat' dir='ltr'><strong>et</strong></span> <span class='ocrx_word' id='word_1_24' title='bbox 1517 779 1622 883; x_wconf 89' lang='lat' dir='ltr'><strong>qnod</strong></span> <span class='ocrx_word' id='word_1_25' title='bbox 1644 777 1766 858; x_wconf 81' lang='lat' dir='ltr'><strong>fuerat</strong></span> 
     </span>
     <span class='ocr_line' id='line_1_4' title="bbox 339 907 1764 1020; baseline -0.001 -29"><span class='ocrx_word' id='word_1_26' title='bbox 339 913 530 992; x_wconf 85' lang='lat' dir='ltr'><strong>osculatus</strong></span> <span class='ocrx_word' id='word_1_27' title='bbox 548 931 782 1020; x_wconf 78' lang='lat' dir='ltr'><strong>receptorem</strong></span> <span class='ocrx_word' id='word_1_28' title='bbox 808 941 921 988; x_wconf 85' lang='lat' dir='ltr'><strong>suum</strong></span> <span class='ocrx_word' id='word_1_29' title='bbox 946 939 1058 1016; x_wconf 83' lang='lat' dir='ltr'><strong>supra</strong></span> <span class='ocrx_word' id='word_1_30' title='bbox 1081 907 1325 985; x_wconf 86' lang='lat' dir='ltr'><strong>umbilicum.</strong></span> <span class='ocrx_word' id='word_1_31' title='bbox 1351 909 1502 985; x_wconf 80' lang='lat' dir='ltr'><strong>camisia</strong></span> <span class='ocrx_word' id='word_1_32' title='bbox 1521 910 1764 1001; x_wconf 57' lang='lat' dir='ltr'><strong>intermedia</strong></span> 
     </span>
     <span class='ocr_line' id='line_1_5' title="bbox 339 1039 1766 1154; baseline -0.001 -31"><span class='ocrx_word' id='word_1_33' title='bbox 339 1075 415 1154; x_wconf 88' lang='lat' dir='ltr'><strong>que</strong></span> <span class='ocrx_word' id='word_1_34' title='bbox 434 1045 619 1122; x_wconf 75' lang='lat' dir='ltr'><strong>confessio</strong></span> <span class='ocrx_word' id='word_1_35' title='bbox 637 1045 709 1121; x_wconf 86' lang='lat' dir='ltr'><strong>luit</strong></span> <span class='ocrx_word' id='word_1_36' title='bbox 728 1043 837 1129; x_wconf 76' lang='lat' dir='ltr'><strong>lalsa,</strong></span> <span class='ocrx_word' id='word_1_37' title='bbox 857 1060 902 1119; x_wconf 83' lang='lat' dir='ltr'><strong>ut</strong></span> <span class='ocrx_word' id='word_1_38' title='bbox 926 1042 1030 1117; x_wconf 80' lang='lat' dir='ltr'>dixit.</span> <span class='ocrx_word' id='word_1_39' title='bbox 1052 1040 1269 1147; x_wconf 84' lang='lat' dir='ltr'><strong>Requisitns</strong></span> <span class='ocrx_word' id='word_1_40' title='bbox 1287 1039 1372 1121; x_wconf 83' lang='lat' dir='ltr'><strong>ubi.</strong></span> <span class='ocrx_word' id='word_1_41' title='bbox 1396 1040 1562 1146; x_wconf 88' lang='lat' dir='ltr'><strong>quando,</strong></span> <span class='ocrx_word' id='word_1_42' title='bbox 1584 1071 1604 1117; x_wconf 88' lang='lat' dir='ltr'><strong>a</strong></span> <span class='ocrx_word' id='word_1_43' title='bbox 1624 1070 1702 1149; x_wconf 85' lang='lat' dir='ltr'><strong>quo</strong></span> <span class='ocrx_word' id='word_1_44' title='bbox 1726 1064 1766 1121; x_wconf 88' lang='lat' dir='ltr'><strong>et</strong></span> 
     </span>
     <span class='ocr_line' id='line_1_6' title="bbox 340 1171 1764 1284; baseline -0.002 -30"><span class='ocrx_word' id='word_1_45' title='bbox 340 1178 481 1284; x_wconf 84' lang='lat' dir='ltr'><strong>quibus</strong></span> <span class='ocrx_word' id='word_1_46' title='bbox 499 1195 672 1283; x_wconf 84' lang='lat' dir='ltr'><strong>receptus</strong></span> <span class='ocrx_word' id='word_1_47' title='bbox 695 1176 828 1265; x_wconf 75' lang='lat' dir='ltr'><strong>luent,</strong></span> <span class='ocrx_word' id='word_1_48' title='bbox 850 1173 1047 1279; x_wconf 90' lang='lat' dir='ltr'><strong>respondit</strong></span> <span class='ocrx_word' id='word_1_49' title='bbox 1064 1201 1104 1249; x_wconf 89' lang='lat' dir='ltr'><strong>se</strong></span> <span class='ocrx_word' id='word_1_50' title='bbox 1124 1171 1238 1248; x_wconf 68' lang='lat' dir='ltr'><strong>trisse</strong></span> <span class='ocrx_word' id='word_1_51' title='bbox 1258 1188 1453 1276; x_wconf 89' lang='lat' dir='ltr'><strong>receptum</strong></span> <span class='ocrx_word' id='word_1_52' title='bbox 1474 1173 1512 1246; x_wconf 93' lang='lat' dir='ltr'><strong>in</strong></span> <span class='ocrx_word' id='word_1_53' title='bbox 1529 1173 1671 1279; x_wconf 84' lang='lat' dir='ltr'><strong>capella</strong></span> <span class='ocrx_word' id='word_1_54' title='bbox 1693 1175 1764 1251; x_wconf 88' lang='lat' dir='ltr'><strong>do-</strong></span> 
     </span>
    </p>
   </div>
   <div class='ocr_carea' id='block_1_2' title="bbox 188 1302 1763 1414">
    <p class='ocr_par' dir='ltr' id='par_1_3' title="bbox 188 1302 1763 1414">
     <span class='ocr_line' id='line_1_7' title="bbox 188 1302 1763 1414; baseline -0.001 -31"><span class='ocrx_word' id='word_1_55' title='bbox 188 1370 196 1383; x_wconf 93' lang='lat'>.</span> <span class='ocrx_word' id='word_1_56' title='bbox 340 1339 426 1386; x_wconf 82' lang='lat' dir='ltr'><strong>mus</strong></span> <span class='ocrx_word' id='word_1_57' title='bbox 456 1307 609 1414; x_wconf 80' lang='lat' dir='ltr'><strong>Templi</strong></span> <span class='ocrx_word' id='word_1_58' title='bbox 642 1307 799 1384; x_wconf 70' lang='lat' dir='ltr'><strong>civitatis</strong></span> <span class='ocrx_word' id='word_1_59' title='bbox 833 1304 1087 1411; x_wconf 88' lang='lat' dir='ltr'><strong>Tripolitane,</strong></span> <span class='ocrx_word' id='word_1_60' title='bbox 1117 1304 1158 1378; x_wconf 93' lang='lat' dir='ltr'><strong>in</strong></span> <span class='ocrx_word' id='word_1_61' title='bbox 1192 1303 1289 1379; x_wconf 79' lang='lat' dir='ltr'><strong>festo</strong></span> <span class='ocrx_word' id='word_1_62' title='bbox 1321 1302 1505 1380; x_wconf 84' lang='lat' dir='ltr'><strong>Omnium</strong></span> <span class='ocrx_word' id='word_1_63' title='bbox 1538 1305 1763 1382; x_wconf 87' lang='lat' dir='ltr'><strong>Sanctorum</strong></span> 
     </span>
    </p>
   </div>
   <div class='ocr_carea' id='block_1_3' title="bbox 304 1434 1767 4961">
    <p class='ocr_par' dir='ltr' id='par_1_4' title="bbox 304 1434 1767 4961">
     <span class='ocr_line' id='line_1_8' title="bbox 340 1434 1765 1547; baseline -0.001 -30"><span class='ocrx_word' id='word_1_64' title='bbox 340 1443 510 1547; x_wconf 81' lang='lat' dir='ltr'><strong>proximo</strong></span> <span class='ocrx_word' id='word_1_65' title='bbox 535 1440 759 1547; x_wconf 84' lang='lat' dir='ltr'><strong>preteritum</strong></span> <span class='ocrx_word' id='word_1_66' title='bbox 776 1436 933 1514; x_wconf 84' lang='lat' dir='ltr'><strong>fuenmt</strong></span> <span class='ocrx_word' id='word_1_67' title='bbox 952 1463 1024 1513; x_wconf 83' lang='lat' dir='ltr'><strong>m</strong></span> <span class='ocrx_word' id='word_1_68' title='bbox 1047 1436 1136 1512; x_wconf 89' lang='lat' dir='ltr'><strong>anni</strong></span> <span class='ocrx_word' id='word_1_69' title='bbox 1156 1434 1215 1510; x_wconf 73' lang='lat' dir='ltr'><strong>vel</strong></span> <span class='ocrx_word' id='word_1_70' title='bbox 1233 1436 1350 1524; x_wconf 87' lang='lat' dir='ltr'><strong>circa,</strong></span> <span class='ocrx_word' id='word_1_71' title='bbox 1376 1463 1445 1540; x_wconf 91' lang='lat' dir='ltr'><strong>per</strong></span> <span class='ocrx_word' id='word_1_72' title='bbox 1468 1434 1623 1513; x_wconf 73' lang='lat' dir='ltr'><strong>intrem</strong></span> <span class='ocrx_word' id='word_1_73' title='bbox 1642 1467 1765 1544; x_wconf 89' lang='lat' dir='ltr'><strong>quon-</strong></span> 
     </span>
     <span class='ocr_line' id='line_1_9' title="bbox 340 1567 1762 1676; baseline -0.001 -28"><span class='ocrx_word' id='word_1_74' title='bbox 340 1573 427 1648; x_wconf 85' lang='lat' dir='ltr'><strong>dam</strong></span> <span class='ocrx_word' id='word_1_75' title='bbox 450 1572 678 1648; x_wconf 88' lang='lat' dir='ltr'><strong>Rodoricum</strong></span> <span class='ocrx_word' id='word_1_76' title='bbox 694 1570 742 1646; x_wconf 90' lang='lat' dir='ltr'><strong>de</strong></span> <span class='ocrx_word' id='word_1_77' title='bbox 756 1569 879 1676; x_wconf 60' lang='lat' dir='ltr'><strong>[nire</strong></span> <span class='ocrx_word' id='word_1_78' title='bbox 894 1567 1074 1653; x_wconf 88' lang='lat' dir='ltr'><strong>militem,</strong></span> <span class='ocrx_word' id='word_1_79' title='bbox 1088 1585 1180 1643; x_wconf 88' lang='lat' dir='ltr'><strong>tunc</strong></span> <span class='ocrx_word' id='word_1_80' title='bbox 1192 1584 1453 1672; x_wconf 75' lang='lat' dir='ltr'><strong>preceptorem</strong></span> <span class='ocrx_word' id='word_1_81' title='bbox 1463 1567 1762 1672; x_wconf 80' lang='lat' dir='ltr'><strong>Tripolitanum,</strong></span> 
     </span>
     <span class='ocr_line' id='line_1_10' title="bbox 304 1696 1762 1810; baseline 0 -31"><span class='ocrx_word' id='word_1_82' title='bbox 304 1696 309 1703; x_wconf 46' lang='lat'><strong>⁴</strong></span> <span class='ocrx_word' id='word_1_83' title='bbox 338 1702 577 1810; x_wconf 83' lang='lat' dir='ltr'><strong>presentibus</strong></span> <span class='ocrx_word' id='word_1_84' title='bbox 612 1701 790 1778; x_wconf 81' lang='lat' dir='ltr'><strong>fratribus</strong></span> <span class='ocrx_word' id='word_1_85' title='bbox 828 1699 1015 1776; x_wconf 83' lang='lat' dir='ltr'><strong>Rodorico</strong></span> <span class='ocrx_word' id='word_1_86' title='bbox 1042 1699 1218 1775; x_wconf 75' lang='lat' dir='ltr'><strong>l&#39;nanbes</strong></span> <span class='ocrx_word' id='word_1_87' title='bbox 1245 1699 1348 1774; x_wconf 86' lang='lat' dir='ltr'><strong>socio</strong></span> <span class='ocrx_word' id='word_1_88' title='bbox 1386 1699 1477 1775; x_wconf 84' lang='lat' dir='ltr'><strong>dicti</strong></span> <span class='ocrx_word' id='word_1_89' title='bbox 1517 1705 1762 1807; x_wconf 58' lang='lat' dir='ltr'><strong>preceptum,</strong></span> 
     </span>
     <span class='ocr_line' id='line_1_11' title="bbox 336 1829 1762 1940; baseline 0.002 -30"><span class='ocrx_word' id='word_1_90' title='bbox 336 1837 508 1912; x_wconf 85' lang='lat' dir='ltr'><strong>lobanne</strong></span> <span class='ocrx_word' id='word_1_91' title='bbox 539 1835 587 1909; x_wconf 92' lang='lat' dir='ltr'><strong>de</strong></span> <span class='ocrx_word' id='word_1_92' title='bbox 615 1834 708 1940; x_wconf 80' lang='lat' dir='ltr'><strong>Pugi</strong></span> <span class='ocrx_word' id='word_1_93' title='bbox 735 1831 938 1921; x_wconf 82' lang='lat' dir='ltr'><strong>militibus,</strong></span> <span class='ocrx_word' id='word_1_94' title='bbox 976 1849 1015 1907; x_wconf 86' lang='lat' dir='ltr'><strong>et</strong></span> <span class='ocrx_word' id='word_1_95' title='bbox 1047 1829 1231 1907; x_wconf 88' lang='lat' dir='ltr'><strong>Durando</strong></span> <span class='ocrx_word' id='word_1_96' title='bbox 1256 1830 1305 1904; x_wconf 93' lang='lat' dir='ltr'><strong>de</strong></span> <span class='ocrx_word' id='word_1_97' title='bbox 1334 1830 1542 1905; x_wconf 71' lang='lat' dir='ltr'><strong>lemoiicis</strong></span> <span class='ocrx_word' id='word_1_98' title='bbox 1567 1835 1762 1915; x_wconf 73' lang='lat' dir='ltr'><strong>serviente.</strong></span> 
     </span>
     <span class='ocr_line' id='line_1_12' title="bbox 338 1960 1762 2069; baseline -0.002 -27"><span class='ocrx_word' id='word_1_99' title='bbox 338 1965 547 2043; x_wconf 73' lang='lat' dir='ltr'><strong>dellimctis</strong></span> <span class='ocrx_word' id='word_1_100' title='bbox 563 1982 601 2040; x_wconf 91' lang='lat' dir='ltr'><strong>et</strong></span> <span class='ocrx_word' id='word_1_101' title='bbox 619 1963 797 2069; x_wconf 90' lang='lat' dir='ltr'><strong>pluribus</strong></span> <span class='ocrx_word' id='word_1_102' title='bbox 814 1963 897 2039; x_wconf 86' lang='lat' dir='ltr'><strong>aliis</strong></span> <span class='ocrx_word' id='word_1_103' title='bbox 916 1961 1123 2068; x_wconf 84' lang='lat' dir='ltr'><strong>dequibus</strong></span> <span class='ocrx_word' id='word_1_104' title='bbox 1142 1989 1219 2038; x_wconf 94' lang='lat' dir='ltr'><strong>non</strong></span> <span class='ocrx_word' id='word_1_105' title='bbox 1239 1960 1383 2051; x_wconf 82' lang='lat' dir='ltr'><strong>recolit,</strong></span> <span class='ocrx_word' id='word_1_106' title='bbox 1400 1963 1441 2036; x_wconf 92' lang='lat' dir='ltr'><strong>in</strong></span> <span class='ocrx_word' id='word_1_107' title='bbox 1461 1962 1564 2038; x_wconf 86' lang='lat' dir='ltr'><strong>bunc</strong></span> <span class='ocrx_word' id='word_1_108' title='bbox 1583 1965 1762 2041; x_wconf 92' lang='lat' dir='ltr'><strong>modum:</strong></span> 
     </span>
     <span class='ocr_line' id='line_1_13' title="bbox 339 2090 1763 2200; baseline -0.001 -27"><span class='ocrx_word' id='word_1_109' title='bbox 339 2126 427 2174; x_wconf 90' lang='lat' dir='ltr'><strong>uam</strong></span> <span class='ocrx_word' id='word_1_110' title='bbox 451 2125 539 2172; x_wconf 92' lang='lat' dir='ltr'><strong>cum</strong></span> <span class='ocrx_word' id='word_1_111' title='bbox 560 2096 734 2200; x_wconf 81' lang='lat' dir='ltr'><strong>peciisset</strong></span> <span class='ocrx_word' id='word_1_112' title='bbox 764 2122 805 2170; x_wconf 86' lang='lat' dir='ltr'><strong>se</strong></span> <span class='ocrx_word' id='word_1_113' title='bbox 823 2094 939 2198; x_wconf 88' lang='lat' dir='ltr'><strong>recipi</strong></span> <span class='ocrx_word' id='word_1_114' title='bbox 967 2093 1017 2168; x_wconf 87' lang='lat' dir='ltr'><strong>ad</strong></span> <span class='ocrx_word' id='word_1_115' title='bbox 1043 2090 1274 2167; x_wconf 85' lang='lat' dir='ltr'><strong>beneficium</strong></span> <span class='ocrx_word' id='word_1_116' title='bbox 1302 2091 1460 2180; x_wconf 87' lang='lat' dir='ltr'><strong>ordinis,</strong></span> <span class='ocrx_word' id='word_1_117' title='bbox 1491 2111 1530 2168; x_wconf 82' lang='lat' dir='ltr'><strong>et</strong></span> <span class='ocrx_word' id='word_1_118' title='bbox 1554 2093 1696 2171; x_wconf 88' lang='lat' dir='ltr'><strong>diceret</strong></span> <span class='ocrx_word' id='word_1_119' title='bbox 1723 2125 1763 2172; x_wconf 87' lang='lat' dir='ltr'><strong>se</strong></span> 
     </span>
     <span class='ocr_line' id='line_1_14' title="bbox 339 2222 1765 2333; baseline 0.003 -34"><span class='ocrx_word' id='word_1_120' title='bbox 339 2226 434 2302; x_wconf 75' lang='lat' dir='ltr'><strong>velle</strong></span> <span class='ocrx_word' id='word_1_121' title='bbox 455 2225 539 2301; x_wconf 88' lang='lat' dir='ltr'><strong>lieri</strong></span> <span class='ocrx_word' id='word_1_122' title='bbox 558 2251 708 2300; x_wconf 81' lang='lat' dir='ltr'><strong>senum</strong></span> <span class='ocrx_word' id='word_1_123' title='bbox 728 2224 914 2299; x_wconf 75' lang='lat' dir='ltr'><strong>esclamm</strong></span> <span class='ocrx_word' id='word_1_124' title='bbox 930 2224 1021 2297; x_wconf 88' lang='lat' dir='ltr'><strong>dicti</strong></span> <span class='ocrx_word' id='word_1_125' title='bbox 1035 2222 1193 2310; x_wconf 86' lang='lat' dir='ltr'><strong>ordinis,</strong></span> <span class='ocrx_word' id='word_1_126' title='bbox 1214 2241 1328 2328; x_wconf 88' lang='lat' dir='ltr'><strong>prout</strong></span> <span class='ocrx_word' id='word_1_127' title='bbox 1343 2225 1548 2301; x_wconf 85' lang='lat' dir='ltr'><strong>instructus</strong></span> <span class='ocrx_word' id='word_1_128' title='bbox 1564 2223 1684 2301; x_wconf 84' lang='lat' dir='ltr'><strong>luerat</strong></span> <span class='ocrx_word' id='word_1_129' title='bbox 1698 2257 1765 2333; x_wconf 88' lang='lat' dir='ltr'><strong>per</strong></span> 
     </span>
     <span class='ocr_line' id='line_1_15' title="bbox 339 2354 1764 2465; baseline -0.001 -30"><span class='ocrx_word' id='word_1_130' title='bbox 339 2359 486 2465; x_wconf 82' lang='lat' dir='ltr'><strong>aliquos</strong></span> <span class='ocrx_word' id='word_1_131' title='bbox 495 2356 638 2432; x_wconf 88' lang='lat' dir='ltr'><strong>amicos</strong></span> <span class='ocrx_word' id='word_1_132' title='bbox 649 2383 749 2435; x_wconf 86' lang='lat' dir='ltr'><strong>suos.</strong></span> <span class='ocrx_word' id='word_1_133' title='bbox 765 2355 890 2431; x_wconf 83' lang='lat' dir='ltr'><strong>dicms</strong></span> <span class='ocrx_word' id='word_1_134' title='bbox 902 2371 1075 2459; x_wconf 85' lang='lat' dir='ltr'><strong>receptor</strong></span> <span class='ocrx_word' id='word_1_135' title='bbox 1092 2356 1278 2430; x_wconf 80' lang='lat' dir='ltr'><strong>concessit</strong></span> <span class='ocrx_word' id='word_1_136' title='bbox 1290 2354 1361 2430; x_wconf 91' lang='lat' dir='ltr'><strong>sibi</strong></span> <span class='ocrx_word' id='word_1_137' title='bbox 1375 2371 1414 2431; x_wconf 84' lang='lat' dir='ltr'><strong>et</strong></span> <span class='ocrx_word' id='word_1_138' title='bbox 1428 2354 1515 2431; x_wconf 87' lang='lat' dir='ltr'><strong>lecit</strong></span> <span class='ocrx_word' id='word_1_139' title='bbox 1530 2383 1620 2431; x_wconf 90' lang='lat' dir='ltr'><strong>eum</strong></span> <span class='ocrx_word' id='word_1_140' title='bbox 1632 2385 1764 2434; x_wconf 77' lang='lat' dir='ltr'><strong>vovere</strong></span> 
     </span>
     <span class='ocr_line' id='line_1_16' title="bbox 339 2485 1763 2596; baseline -0.001 -31"><span class='ocrx_word' id='word_1_141' title='bbox 339 2508 376 2565; x_wconf 89' lang='lat' dir='ltr'><strong>et</strong></span> <span class='ocrx_word' id='word_1_142' title='bbox 398 2491 528 2596; x_wconf 83' lang='lat' dir='ltr'><strong>jurare</strong></span> <span class='ocrx_word' id='word_1_143' title='bbox 557 2487 782 2571; x_wconf 70' lang='lat' dir='ltr'><strong>castitatem,</strong></span> <span class='ocrx_word' id='word_1_144' title='bbox 804 2485 1083 2575; x_wconf 88' lang='lat' dir='ltr'><strong>obedienciam,</strong></span> <span class='ocrx_word' id='word_1_145' title='bbox 1111 2485 1233 2560; x_wconf 67' lang='lat' dir='ltr'><strong>sirete</strong></span> <span class='ocrx_word' id='word_1_146' title='bbox 1255 2487 1337 2562; x_wconf 90' lang='lat' dir='ltr'><strong>sine</strong></span> <span class='ocrx_word' id='word_1_147' title='bbox 1362 2486 1528 2592; x_wconf 88' lang='lat' dir='ltr'><strong>proprio,</strong></span> <span class='ocrx_word' id='word_1_148' title='bbox 1553 2501 1592 2561; x_wconf 89' lang='lat' dir='ltr'><strong>et</strong></span> <span class='ocrx_word' id='word_1_149' title='bbox 1617 2516 1763 2564; x_wconf 77' lang='lat' dir='ltr'><strong>servare</strong></span> 
     </span>
     <span class='ocr_line' id='line_1_17' title="bbox 343 2616 1764 2726; baseline -0.003 -28"><span class='ocrx_word' id='word_1_150' title='bbox 343 2621 560 2698; x_wconf 85' lang='lat' dir='ltr'><strong>bonosusns</strong></span> <span class='ocrx_word' id='word_1_151' title='bbox 582 2636 621 2693; x_wconf 89' lang='lat' dir='ltr'><strong>et</strong></span> <span class='ocrx_word' id='word_1_152' title='bbox 634 2617 755 2694; x_wconf 82' lang='lat' dir='ltr'><strong>bonas</strong></span> <span class='ocrx_word' id='word_1_153' title='bbox 772 2616 1068 2693; x_wconf 88' lang='lat' dir='ltr'><strong>consuetudines</strong></span> <span class='ocrx_word' id='word_1_154' title='bbox 1080 2617 1198 2722; x_wconf 85' lang='lat' dir='ltr'><strong>ipsius</strong></span> <span class='ocrx_word' id='word_1_155' title='bbox 1217 2617 1378 2706; x_wconf 90' lang='lat' dir='ltr'><strong>ordinis,</strong></span> <span class='ocrx_word' id='word_1_156' title='bbox 1395 2636 1435 2694; x_wconf 90' lang='lat' dir='ltr'><strong>et</strong></span> <span class='ocrx_word' id='word_1_157' title='bbox 1447 2618 1554 2724; x_wconf 85' lang='lat' dir='ltr'><strong>quod</strong></span> <span class='ocrx_word' id='word_1_158' title='bbox 1567 2646 1637 2724; x_wconf 90' lang='lat' dir='ltr'><strong>pro</strong></span> <span class='ocrx_word' id='word_1_159' title='bbox 1654 2648 1764 2726; x_wconf 86' lang='lat' dir='ltr'><strong>posse</strong></span> 
     </span>
     <span class='ocr_line' id='line_1_18' title="bbox 338 2748 1764 2866; baseline 0.001 -38"><span class='ocrx_word' id='word_1_160' title='bbox 338 2780 407 2828; x_wconf 85' lang='lat' dir='ltr'><strong>suo</strong></span> <span class='ocrx_word' id='word_1_161' title='bbox 413 2753 560 2859; x_wconf 66' lang='lat' dir='ltr'><strong>juraret</strong></span> <span class='ocrx_word' id='word_1_162' title='bbox 575 2748 625 2824; x_wconf 86' lang='lat' dir='ltr'><strong>ad</strong></span> <span class='ocrx_word' id='word_1_163' title='bbox 636 2748 912 2854; x_wconf 81' lang='lat' dir='ltr'><strong>acquirendum</strong></span> <span class='ocrx_word' id='word_1_164' title='bbox 926 2749 1082 2866; x_wconf 79' lang='lat' dir='ltr'><strong>Terram</strong></span> <span class='ocrx_word' id='word_1_165' title='bbox 1103 2749 1394 2842; x_wconf 82' lang='lat' dir='ltr'><strong>Sanctam.·Qno</strong></span> <span class='ocrx_word' id='word_1_166' title='bbox 1413 2749 1510 2827; x_wconf 71' lang='lat' dir='ltr'><strong>beto</strong></span> <span class='ocrx_word' id='word_1_167' title='bbox 1530 2752 1711 2857; x_wconf 87' lang='lat' dir='ltr'><strong>imposuit</strong></span> <span class='ocrx_word' id='word_1_168' title='bbox 1728 2756 1764 2830; x_wconf 89' lang='lat' dir='ltr'><strong>ei</strong></span> 
     </span>
     <span class='ocr_line' id='line_1_19' title="bbox 337 2879 1763 2964; baseline 0.002 -6"><span class='ocrx_word' id='word_1_169' title='bbox 337 2881 580 2964; x_wconf 89' lang='lat' dir='ltr'><strong>mantellum,</strong></span> <span class='ocrx_word' id='word_1_170' title='bbox 601 2896 641 2955; x_wconf 83' lang='lat' dir='ltr'><strong>et</strong></span> <span class='ocrx_word' id='word_1_171' title='bbox 658 2879 849 2956; x_wconf 84' lang='lat' dir='ltr'><strong>osculatus</strong></span> <span class='ocrx_word' id='word_1_172' title='bbox 868 2879 940 2955; x_wconf 83' lang='lat' dir='ltr'><strong>suit</strong></span> <span class='ocrx_word' id='word_1_173' title='bbox 954 2908 1045 2955; x_wconf 91' lang='lat' dir='ltr'><strong>eum</strong></span> <span class='ocrx_word' id='word_1_174' title='bbox 1061 2879 1100 2954; x_wconf 92' lang='lat' dir='ltr'><strong>in</strong></span> <span class='ocrx_word' id='word_1_175' title='bbox 1120 2907 1200 2957; x_wconf 87' lang='lat' dir='ltr'><strong>ore.</strong></span> <span class='ocrx_word' id='word_1_176' title='bbox 1222 2881 1471 2957; x_wconf 87' lang='lat' dir='ltr'><strong>Postmodum</strong></span> <span class='ocrx_word' id='word_1_177' title='bbox 1485 2884 1661 2960; x_wconf 78' lang='lat' dir='ltr'><strong>insumit</strong></span> <span class='ocrx_word' id='word_1_178' title='bbox 1674 2913 1763 2961; x_wconf 88' lang='lat' dir='ltr'><strong>eum</strong></span> 
     </span>
     <span class='ocr_line' id='line_1_20' title="bbox 337 3009 1764 3123; baseline 0.004 -35"><span class='ocrx_word' id='word_1_179' title='bbox 337 3031 434 3119; x_wconf 86' lang='lat' dir='ltr'><strong>quot</strong></span> <span class='ocrx_word' id='word_1_180' title='bbox 448 3014 687 3088; x_wconf 77' lang='lat' dir='ltr'><strong>Paternoster</strong></span> <span class='ocrx_word' id='word_1_181' title='bbox 700 3012 842 3086; x_wconf 88' lang='lat' dir='ltr'><strong>diceret</strong></span> <span class='ocrx_word' id='word_1_182' title='bbox 857 3040 927 3116; x_wconf 91' lang='lat' dir='ltr'><strong>pro</strong></span> <span class='ocrx_word' id='word_1_183' title='bbox 944 3009 1103 3119; x_wconf 84' lang='lat' dir='ltr'><strong>singulis</strong></span> <span class='ocrx_word' id='word_1_184' title='bbox 1122 3011 1243 3103; x_wconf 87' lang='lat' dir='ltr'><strong>horis,</strong></span> <span class='ocrx_word' id='word_1_185' title='bbox 1265 3031 1302 3088; x_wconf 84' lang='lat' dir='ltr'><strong>et</strong></span> <span class='ocrx_word' id='word_1_186' title='bbox 1318 3013 1482 3119; x_wconf 84' lang='lat' dir='ltr'><strong>qualiter</strong></span> <span class='ocrx_word' id='word_1_187' title='bbox 1492 3033 1640 3123; x_wconf 82' lang='lat' dir='ltr'><strong>regeret</strong></span> <span class='ocrx_word' id='word_1_188' title='bbox 1664 3047 1705 3094; x_wconf 88' lang='lat' dir='ltr'><strong>se</strong></span> <span class='ocrx_word' id='word_1_189' title='bbox 1716 3020 1764 3094; x_wconf 87' lang='lat' dir='ltr'><strong>&#39;in</strong></span> 
     </span>
     <span class='ocr_line' id='line_1_21' title="bbox 337 3141 1763 3250; baseline 0.004 -30"><span class='ocrx_word' id='word_1_190' title='bbox 337 3144 486 3221; x_wconf 87' lang='lat' dir='ltr'><strong>ordine.</strong></span> <span class='ocrx_word' id='word_1_191' title='bbox 515 3142 731 3250; x_wconf 83' lang='lat' dir='ltr'><strong>Requisitus</strong></span> <span class='ocrx_word' id='word_1_192' title='bbox 754 3145 786 3218; x_wconf 88' lang='lat' dir='ltr'><strong>si</strong></span> <span class='ocrx_word' id='word_1_193' title='bbox 809 3141 955 3248; x_wconf 82' lang='lat' dir='ltr'><strong>aliquid</strong></span> <span class='ocrx_word' id='word_1_194' title='bbox 980 3143 1155 3219; x_wconf 89' lang='lat' dir='ltr'><strong>illicitum</strong></span> <span class='ocrx_word' id='word_1_195' title='bbox 1177 3143 1236 3220; x_wconf 75' lang='lat' dir='ltr'><strong>vel</strong></span> <span class='ocrx_word' id='word_1_196' title='bbox 1258 3145 1504 3222; x_wconf 85' lang='lat' dir='ltr'><strong>inhonestum</strong></span> <span class='ocrx_word' id='word_1_197' title='bbox 1525 3145 1598 3224; x_wconf 81' lang='lat' dir='ltr'><strong>luit</strong></span> <span class='ocrx_word' id='word_1_198' title='bbox 1619 3148 1763 3225; x_wconf 85' lang='lat' dir='ltr'><strong>dictum</strong></span> 
     </span>
     <span class='ocr_line' id='line_1_22' title="bbox 338 3276 1764 3386; baseline 0.004 -36"><span class='ocrx_word' id='word_1_199' title='bbox 338 3277 396 3353; x_wconf 77' lang='lat' dir='ltr'><strong>rel</strong></span> <span class='ocrx_word' id='word_1_200' title='bbox 414 3278 555 3353; x_wconf 81' lang='lat' dir='ltr'><strong>factum</strong></span> <span class='ocrx_word' id='word_1_201' title='bbox 578 3277 619 3351; x_wconf 92' lang='lat' dir='ltr'><strong>in</strong></span> <span class='ocrx_word' id='word_1_202' title='bbox 643 3277 865 3383; x_wconf 79' lang='lat' dir='ltr'><strong>receptione</strong></span> <span class='ocrx_word' id='word_1_203' title='bbox 885 3305 953 3352; x_wconf 85' lang='lat' dir='ltr'><strong>sua</strong></span> <span class='ocrx_word' id='word_1_204' title='bbox 973 3276 1032 3352; x_wconf 74' lang='lat' dir='ltr'><strong>rel</strong></span> <span class='ocrx_word' id='word_1_205' title='bbox 1052 3295 1149 3383; x_wconf 90' lang='lat' dir='ltr'><strong>post,</strong></span> <span class='ocrx_word' id='word_1_206' title='bbox 1169 3277 1263 3353; x_wconf 79' lang='lat' dir='ltr'><strong>dixit</strong></span> <span class='ocrx_word' id='word_1_207' title='bbox 1282 3305 1351 3383; x_wconf 91' lang='lat' dir='ltr'><strong>per</strong></span> <span class='ocrx_word' id='word_1_208' title='bbox 1364 3281 1626 3386; x_wconf 81' lang='lat' dir='ltr'><strong>juramentum</strong></span> <span class='ocrx_word' id='word_1_209' title='bbox 1650 3311 1764 3358; x_wconf 91' lang='lat' dir='ltr'><strong>suum</strong></span> 
     </span>
     <span class='ocr_line' id='line_1_23' title="bbox 340 3408 1764 3519; baseline 0.002 -34"><span class='ocrx_word' id='word_1_210' title='bbox 340 3408 445 3514; x_wconf 88' lang='lat' dir='ltr'><strong>quod</strong></span> <span class='ocrx_word' id='word_1_211' title='bbox 464 3436 554 3485; x_wconf 91' lang='lat' dir='ltr'><strong>non.</strong></span> <span class='ocrx_word' id='word_1_212' title='bbox 577 3409 794 3514; x_wconf 78' lang='lat' dir='ltr'><strong>Requisitus</strong></span> <span class='ocrx_word' id='word_1_213' title='bbox 813 3436 961 3514; x_wconf 84' lang='lat' dir='ltr'><strong>siquos</strong></span> <span class='ocrx_word' id='word_1_214' title='bbox 980 3426 1172 3514; x_wconf 88' lang='lat' dir='ltr'><strong>receperat</strong></span> <span class='ocrx_word' id='word_1_215' title='bbox 1191 3409 1231 3484; x_wconf 90' lang='lat' dir='ltr'><strong>in</strong></span> <span class='ocrx_word' id='word_1_216' title='bbox 1251 3408 1387 3485; x_wconf 89' lang='lat' dir='ltr'><strong>ordine</strong></span> <span class='ocrx_word' id='word_1_217' title='bbox 1406 3469 1416 3489; x_wconf 87' lang='lat'><strong>.</strong></span> <span class='ocrx_word' id='word_1_218' title='bbox 1446 3412 1642 3517; x_wconf 86' lang='lat' dir='ltr'><strong>respondit</strong></span> <span class='ocrx_word' id='word_1_219' title='bbox 1661 3414 1764 3519; x_wconf 87' lang='lat' dir='ltr'><strong>quod</strong></span> 
     </span>
     <span class='ocr_line' id='line_1_24' title="bbox 338 3539 1763 3650; baseline 0.003 -34"><span class='ocrx_word' id='word_1_220' title='bbox 338 3543 389 3616; x_wconf 88' lang='lat' dir='ltr'><strong>sic</strong></span> <span class='ocrx_word' id='word_1_221' title='bbox 413 3574 422 3615; x_wconf 93' lang='lat'><strong>:</strong></span> <span class='ocrx_word' id='word_1_222' title='bbox 444 3540 598 3617; x_wconf 69' lang='lat' dir='ltr'><strong>fratrem</strong></span> <span class='ocrx_word' id='word_1_223' title='bbox 630 3539 855 3616; x_wconf 77' lang='lat' dir='ltr'><strong>,llicbaelem</strong></span> <span class='ocrx_word' id='word_1_224' title='bbox 882 3541 929 3616; x_wconf 90' lang='lat' dir='ltr'><strong>de</strong></span> <span class='ocrx_word' id='word_1_225' title='bbox 953 3540 1117 3618; x_wconf 81' lang='lat' dir='ltr'><strong>Castella</strong></span> <span class='ocrx_word' id='word_1_226' title='bbox 1140 3543 1387 3621; x_wconf 69' lang='lat' dir='ltr'><strong>seuientem.</strong></span> <span class='ocrx_word' id='word_1_227' title='bbox 1414 3543 1523 3650; x_wconf 86' lang='lat' dir='ltr'><strong>cujus</strong></span> <span class='ocrx_word' id='word_1_228' title='bbox 1553 3573 1763 3650; x_wconf 85' lang='lat' dir='ltr'><strong>cognomen</strong></span> 
     </span>
     <span class='ocr_line' id='line_1_25' title="bbox 337 3671 1765 3780; baseline 0.001 -32"><span class='ocrx_word' id='word_1_229' title='bbox 337 3673 502 3780; x_wconf 82' lang='lat' dir='ltr'><strong>ignorat,</strong></span> <span class='ocrx_word' id='word_1_230' title='bbox 523 3673 668 3753; x_wconf 70' lang='lat' dir='ltr'><strong>sinim.</strong></span> <span class='ocrx_word' id='word_1_231' title='bbox 689 3691 732 3747; x_wconf 90' lang='lat' dir='ltr'><strong>ut</strong></span> <span class='ocrx_word' id='word_1_232' title='bbox 753 3671 890 3756; x_wconf 86' lang='lat' dir='ltr'><strong>credit,</strong></span> <span class='ocrx_word' id='word_1_233' title='bbox 910 3700 1027 3778; x_wconf 89' lang='lat' dir='ltr'><strong>quem</strong></span> <span class='ocrx_word' id='word_1_234' title='bbox 1048 3674 1189 3779; x_wconf 88' lang='lat' dir='ltr'><strong>recepit</strong></span> <span class='ocrx_word' id='word_1_235' title='bbox 1213 3675 1252 3749; x_wconf 93' lang='lat' dir='ltr'><strong>in</strong></span> <span class='ocrx_word' id='word_1_236' title='bbox 1277 3672 1419 3778; x_wconf 87' lang='lat' dir='ltr'><strong>capella</strong></span> <span class='ocrx_word' id='word_1_237' title='bbox 1439 3673 1538 3749; x_wconf 84' lang='lat' dir='ltr'><strong>dicte</strong></span> <span class='ocrx_word' id='word_1_238' title='bbox 1561 3675 1697 3752; x_wconf 85' lang='lat' dir='ltr'><strong>domus</strong></span> <span class='ocrx_word' id='word_1_239' title='bbox 1716 3675 1765 3750; x_wconf 84' lang='lat' dir='ltr'><strong>dc</strong></span> 
     </span>
     <span class='ocr_line' id='line_1_26' title="bbox 337 3803 1764 3910; baseline 0.001 -31"><span class='ocrx_word' id='word_1_240' title='bbox 337 3803 497 3889; x_wconf 63' lang='lat' dir='ltr'><strong>Acerin,</strong></span> <span class='ocrx_word' id='word_1_241' title='bbox 522 3821 613 3879; x_wconf 85' lang='lat' dir='ltr'><strong>sunt</strong></span> <span class='ocrx_word' id='word_1_242' title='bbox 635 3805 783 3879; x_wconf 87' lang='lat' dir='ltr'><strong>circiter</strong></span> <span class='ocrx_word' id='word_1_243' title='bbox 800 3833 864 3881; x_wconf 82' lang='lat' dir='ltr'><strong>sex</strong></span> <span class='ocrx_word' id='word_1_244' title='bbox 887 3806 994 3884; x_wconf 83' lang='lat' dir='ltr'><strong>anni,</strong></span> <span class='ocrx_word' id='word_1_245' title='bbox 1023 3805 1263 3910; x_wconf 86' lang='lat' dir='ltr'><strong>presentibus</strong></span> <span class='ocrx_word' id='word_1_246' title='bbox 1288 3804 1468 3882; x_wconf 81' lang='lat' dir='ltr'><strong>fratribus</strong></span> <span class='ocrx_word' id='word_1_247' title='bbox 1495 3808 1607 3883; x_wconf 84' lang='lat' dir='ltr'><strong>Petm</strong></span> <span class='ocrx_word' id='word_1_248' title='bbox 1635 3807 1764 3884; x_wconf 84' lang='lat' dir='ltr'><strong>Garini</strong></span> 
     </span>
     <span class='ocr_line' id='line_1_27' title="bbox 337 3933 1764 4045; baseline 0.001 -33"><span class='ocrx_word' id='word_1_249' title='bbox 337 3935 568 4040; x_wconf 85' lang='lat' dir='ltr'><strong>presbitero,</strong></span> <span class='ocrx_word' id='word_1_250' title='bbox 588 3933 783 4039; x_wconf 79' lang='lat' dir='ltr'><strong>capellano</strong></span> <span class='ocrx_word' id='word_1_251' title='bbox 800 3935 901 4011; x_wconf 84' lang='lat' dir='ltr'><strong>dicte</strong></span> <span class='ocrx_word' id='word_1_252' title='bbox 915 3935 1072 4015; x_wconf 81' lang='lat' dir='ltr'><strong>domus.</strong></span> <span class='ocrx_word' id='word_1_253' title='bbox 1087 3938 1200 4014; x_wconf 84' lang='lat' dir='ltr'><strong>Petm</strong></span> <span class='ocrx_word' id='word_1_254' title='bbox 1215 3937 1264 4012; x_wconf 93' lang='lat' dir='ltr'><strong>de</strong></span> <span class='ocrx_word' id='word_1_255' title='bbox 1281 3937 1443 4013; x_wconf 79' lang='lat' dir='ltr'><strong>lloranti</strong></span> <span class='ocrx_word' id='word_1_256' title='bbox 1465 3938 1649 4045; x_wconf 75' lang='lat' dir='ltr'><strong>claiigero</strong></span> <span class='ocrx_word' id='word_1_257' title='bbox 1666 3936 1764 4013; x_wconf 87' lang='lat' dir='ltr'><strong>dicte</strong></span> 
     </span>
     <span class='ocr_line' id='line_1_28' title="bbox 339 4066 1765 4174; baseline 0.002 -34"><span class='ocrx_word' id='word_1_258' title='bbox 339 4067 496 4155; x_wconf 81' lang='lat' dir='ltr'><strong>domus,</strong></span> <span class='ocrx_word' id='word_1_259' title='bbox 508 4069 621 4144; x_wconf 78' lang='lat' dir='ltr'><strong>Petro</strong></span> <span class='ocrx_word' id='word_1_260' title='bbox 633 4066 683 4143; x_wconf 92' lang='lat' dir='ltr'><strong>de</strong></span> <span class='ocrx_word' id='word_1_261' title='bbox 699 4069 894 4144; x_wconf 74' lang='lat' dir='ltr'><strong>losarcos.</strong></span> <span class='ocrx_word' id='word_1_262' title='bbox 910 4069 1106 4146; x_wconf 79' lang='lat' dir='ltr'><strong>bernardo</strong></span> <span class='ocrx_word' id='word_1_263' title='bbox 1123 4070 1331 4147; x_wconf 83' lang='lat' dir='ltr'><strong>Catbalano</strong></span> <span class='ocrx_word' id='word_1_264' title='bbox 1346 4088 1385 4146; x_wconf 88' lang='lat' dir='ltr'><strong>et</strong></span> <span class='ocrx_word' id='word_1_265' title='bbox 1403 4070 1556 4147; x_wconf 68' lang='lat' dir='ltr'><strong>‚bruerio</strong></span> <span class='ocrx_word' id='word_1_266' title='bbox 1572 4068 1622 4144; x_wconf 91' lang='lat' dir='ltr'><strong>de</strong></span> <span class='ocrx_word' id='word_1_267' title='bbox 1637 4070 1765 4174; x_wconf 87' lang='lat' dir='ltr'><strong>Perpi·</strong></span> 
     </span>
     <span class='ocr_line' id='line_1_29' title="bbox 339 4197 1767 4308; baseline 0.004 -36"><span class='ocrx_word' id='word_1_268' title='bbox 339 4197 455 4272; x_wconf 88' lang='lat' dir='ltr'><strong>niano</strong></span> <span class='ocrx_word' id='word_1_269' title='bbox 474 4198 726 4276; x_wconf 79' lang='lat' dir='ltr'><strong>senientibus</strong></span> <span class='ocrx_word' id='word_1_270' title='bbox 751 4199 1006 4278; x_wconf 76' lang='lat' dir='ltr'><strong>residentibus</strong></span> <span class='ocrx_word' id='word_1_271' title='bbox 1038 4204 1077 4277; x_wconf 90' lang='lat' dir='ltr'><strong>in</strong></span> <span class='ocrx_word' id='word_1_272' title='bbox 1109 4202 1209 4278; x_wconf 88' lang='lat' dir='ltr'><strong>dicta</strong></span> <span class='ocrx_word' id='word_1_273' title='bbox 1242 4203 1377 4290; x_wconf 90' lang='lat' dir='ltr'><strong>domo,</strong></span> <span class='ocrx_word' id='word_1_274' title='bbox 1402 4229 1501 4308; x_wconf 79' lang='lat' dir='ltr'><strong>quos</strong></span> <span class='ocrx_word' id='word_1_275' title='bbox 1529 4200 1633 4277; x_wconf 91' lang='lat' dir='ltr'><strong>idem</strong></span> <span class='ocrx_word' id='word_1_276' title='bbox 1660 4201 1767 4277; x_wconf 86' lang='lat' dir='ltr'><strong>testis</strong></span> 
     </span>
     <span class='ocr_line' id='line_1_30' title="bbox 340 4321 1764 4441; baseline 0.004 -39"><span class='ocrx_word' id='word_1_277' title='bbox 340 4321 482 4405; x_wconf 88' lang='lat' dir='ltr'><strong>diinisit</strong></span> <span class='ocrx_word' id='word_1_278' title='bbox 508 4327 650 4405; x_wconf 90' lang='lat' dir='ltr'><strong>ibidem</strong></span> <span class='ocrx_word' id='word_1_279' title='bbox 670 4335 825 4437; x_wconf 81' lang='lat' dir='ltr'><strong>quando</strong></span> <span class='ocrx_word' id='word_1_280' title='bbox 851 4335 952 4409; x_wconf 73' lang='lat' dir='ltr'><strong>venit</strong></span> <span class='ocrx_word' id='word_1_281' title='bbox 972 4335 1022 4410; x_wconf 88' lang='lat' dir='ltr'><strong>ad</strong></span> <span class='ocrx_word' id='word_1_282' title='bbox 1047 4353 1172 4440; x_wconf 87' lang='lat' dir='ltr'><strong>partes</strong></span> <span class='ocrx_word' id='word_1_283' title='bbox 1197 4334 1285 4410; x_wconf 84' lang='lat' dir='ltr'><strong>istas</strong></span> <span class='ocrx_word' id='word_1_284' title='bbox 1308 4335 1347 4409; x_wconf 92' lang='lat' dir='ltr'><strong>in</strong></span> <span class='ocrx_word' id='word_1_285' title='bbox 1371 4334 1512 4441; x_wconf 84' lang='lat' dir='ltr'><strong>quibus</strong></span> <span class='ocrx_word' id='word_1_286' title='bbox 1530 4331 1606 4409; x_wconf 83' lang='lat' dir='ltr'><strong>luit</strong></span> <span class='ocrx_word' id='word_1_287' title='bbox 1623 4349 1764 4438; x_wconf 87' lang='lat' dir='ltr'><strong>captus.</strong></span> 
     </span>
     <span class='ocr_line' id='line_1_31' title="bbox 339 4461 1765 4571; baseline 0.004 -36"><span class='ocrx_word' id='word_1_288' title='bbox 339 4461 435 4536; x_wconf 88' lang='lat' dir='ltr'><strong>etin</strong></span> <span class='ocrx_word' id='word_1_289' title='bbox 457 4461 554 4537; x_wconf 85' lang='lat' dir='ltr'><strong>dicta</strong></span> <span class='ocrx_word' id='word_1_290' title='bbox 577 4465 799 4567; x_wconf 85' lang='lat' dir='ltr'><strong>receptione</strong></span> <span class='ocrx_word' id='word_1_291' title='bbox 817 4464 973 4539; x_wconf 69' lang='lat' dir='ltr'><strong>senam</strong></span> <span class='ocrx_word' id='word_1_292' title='bbox 997 4464 1108 4540; x_wconf 89' lang='lat' dir='ltr'><strong>illum</strong></span> <span class='ocrx_word' id='word_1_293' title='bbox 1131 4465 1291 4542; x_wconf 89' lang='lat' dir='ltr'><strong>modum</strong></span> <span class='ocrx_word' id='word_1_294' title='bbox 1317 4494 1432 4571; x_wconf 87' lang='lat' dir='ltr'><strong>quem</strong></span> <span class='ocrx_word' id='word_1_295' title='bbox 1457 4465 1633 4570; x_wconf 82' lang='lat' dir='ltr'><strong>deposuit</strong></span> <span class='ocrx_word' id='word_1_296' title='bbox 1652 4462 1765 4540; x_wconf 75' lang='lat' dir='ltr'><strong>luisse</strong></span> 
     </span>
     <span class='ocr_line' id='line_1_32' title="bbox 340 4576 1766 4703; baseline 0.004 -39"><span class='ocrx_word' id='word_1_297' title='bbox 340 4608 526 4665; x_wconf 71' lang='lat' dir='ltr'><strong>serratum</strong></span> <span class='ocrx_word' id='word_1_298' title='bbox 544 4594 585 4666; x_wconf 92' lang='lat' dir='ltr'><strong>in</strong></span> <span class='ocrx_word' id='word_1_299' title='bbox 604 4622 685 4668; x_wconf 83' lang='lat' dir='ltr'><strong>sna.</strong></span> <span class='ocrx_word' id='word_1_300' title='bbox 697 4593 913 4698; x_wconf 69' lang='lat' dir='ltr'><strong>Requisitns</strong></span> <span class='ocrx_word' id='word_1_301' title='bbox 930 4622 1029 4698; x_wconf 83' lang='lat' dir='ltr'><strong>quos</strong></span> <span class='ocrx_word' id='word_1_302' title='bbox 1047 4596 1190 4672; x_wconf 69' lang='lat' dir='ltr'><strong>siderat</strong></span> <span class='ocrx_word' id='word_1_303' title='bbox 1209 4599 1327 4703; x_wconf 88' lang='lat' dir='ltr'><strong>recipi</strong></span> <span class='ocrx_word' id='word_1_304' title='bbox 1345 4597 1385 4673; x_wconf 91' lang='lat' dir='ltr'><strong>in</strong></span> <span class='ocrx_word' id='word_1_305' title='bbox 1403 4596 1551 4677; x_wconf 79' lang='lat' dir='ltr'><strong>ordine,</strong></span> <span class='ocrx_word' id='word_1_306' title='bbox 1572 4576 1766 4700; x_wconf 78' lang='lat' dir='ltr'><strong>respondit</strong></span> 
     </span>
     <span class='ocr_line' id='line_1_33' title="bbox 340 4719 1766 4834; baseline 0.004 -41"><span class='ocrx_word' id='word_1_307' title='bbox 340 4719 446 4825; x_wconf 89' lang='lat' dir='ltr'><strong>quod</strong></span> <span class='ocrx_word' id='word_1_308' title='bbox 468 4719 563 4794; x_wconf 68' lang='lat' dir='ltr'><strong>vidit</strong></span> <span class='ocrx_word' id='word_1_309' title='bbox 585 4724 701 4828; x_wconf 84' lang='lat' dir='ltr'><strong>recipi</strong></span> <span class='ocrx_word' id='word_1_310' title='bbox 721 4724 761 4797; x_wconf 91' lang='lat' dir='ltr'><strong>in</strong></span> <span class='ocrx_word' id='word_1_311' title='bbox 785 4723 925 4829; x_wconf 83' lang='lat' dir='ltr'><strong>capella</strong></span> <span class='ocrx_word' id='word_1_312' title='bbox 951 4724 1089 4802; x_wconf 89' lang='lat' dir='ltr'><strong>domus</strong></span> <span class='ocrx_word' id='word_1_313' title='bbox 1114 4727 1266 4834; x_wconf 88' lang='lat' dir='ltr'><strong>Templi</strong></span> <span class='ocrx_word' id='word_1_314' title='bbox 1298 4728 1348 4804; x_wconf 89' lang='lat' dir='ltr'><strong>de</strong></span> <span class='ocrx_word' id='word_1_315' title='bbox 1376 4726 1512 4804; x_wconf 74' lang='lat' dir='ltr'><strong>l&#39;lerda</strong></span> <span class='ocrx_word' id='word_1_316' title='bbox 1540 4727 1698 4801; x_wconf 72' lang='lat' dir='ltr'><strong>civitate.</strong></span> <span class='ocrx_word' id='word_1_317' title='bbox 1727 4727 1766 4799; x_wconf 90' lang='lat' dir='ltr'><strong>in</strong></span> 
     </span>
     <span class='ocr_line' id='line_1_34' title="bbox 341 4851 1767 4961; baseline 0 -32"><span class='ocrx_word' id='word_1_318' title='bbox 341 4878 474 4929; x_wconf 82' lang='lat' dir='ltr'><strong>eornm</strong></span> <span class='ocrx_word' id='word_1_319' title='bbox 494 4851 673 4957; x_wconf 83' lang='lat' dir='ltr'><strong>capitulio</strong></span> <span class='ocrx_word' id='word_1_320' title='bbox 686 4855 853 4961; x_wconf 82' lang='lat' dir='ltr'><strong>generali</strong></span> <span class='ocrx_word' id='word_1_321' title='bbox 870 4855 1061 4935; x_wconf 84' lang='lat' dir='ltr'><strong>celebrato</strong></span> <span class='ocrx_word' id='word_1_322' title='bbox 1078 4856 1234 4937; x_wconf 84' lang='lat' dir='ltr'><strong>ibidem.</strong></span> <span class='ocrx_word' id='word_1_323' title='bbox 1256 4861 1296 4935; x_wconf 91' lang='lat' dir='ltr'><strong>in</strong></span> <span class='ocrx_word' id='word_1_324' title='bbox 1312 4860 1466 4936; x_wconf 86' lang='lat' dir='ltr'><strong>instanti</strong></span> <span class='ocrx_word' id='word_1_325' title='bbox 1487 4885 1618 4934; x_wconf 84' lang='lat' dir='ltr'><strong>mense</strong></span> <span class='ocrx_word' id='word_1_326' title='bbox 1638 4855 1767 4932; x_wconf 76' lang='lat' dir='ltr'><strong>blarcii</strong></span> 
     </span>
    </p>
   </div>
   <div class='ocr_carea' id='block_1_4' title="bbox 0 0 2123 5956">
    <p class='ocr_par' dir='ltr' id='par_1_5' title="bbox 0 0 2123 5956">
     <span class='ocr_line' id='line_1_35' title="bbox 0 0 2123 5956; baseline 0 0"><span class='ocrx_word' id='word_1_327' title='bbox 0 0 2123 5956; x_wconf 95' lang='lat' dir='ltr'><strong> </strong></span> 
     </span>
    </p>
   </div>
  </div>
 </body>
</html>
