4230 5956
634 474 829 569 raoots
855 494 950 566 nes
976 493 1274 567 venemens.
1619 501 1666 573 ss

250 638 445 728 excusatis,
459 635 573 713 frater
585 633 746 714 Garinus
763 634 810 711 de
830 631 984 712 Corbon
1001 634 1166 711 serviens
1188 634 1401 720 lathomos,
1420 636 1668 743 Lingonensis

248 767 422 856 diocesis,
439 767 544 844 testis
563 792 674 871 supra
691 764 855 871 juratus,
878 780 921 841 ut
935 762 1142 869 deponeret
1158 763 1300 842 dictum
1314 791 1441 852 suum,
1456 791 1534 840 non
1552 767 1668 845 deffe-

247 924 336 974 rens
348 895 588 985 mantellum,
607 895 694 1001 quia
712 893 903 971 dimiserat
920 893 1043 999 ipsum
1063 911 1148 1000 post
1161 895 1376 1000 capcionem
1394 922 1517 984 suam,
1535 913 1573 971 et
1586 897 1666 973 radi

247 1026 384 1104 fecerat
399 1027 470 1105 sibi
490 1024 660 1115 barbam,
683 1054 770 1102 curu
787 1052 864 1130 quo
876 1023 1099 1131 inquisitum
1109 1023 1248 1116 fuerat,
1266 1023 1461 1102 absolutus
1481 1040 1518 1100 et
1537 1053 1668 1103 recon-

249 1155 396 1234 ciliatus
412 1156 572 1234 Seuonis
591 1182 658 1262 per
673 1155 873 1233 dominum
892 1154 1112 1260 episcopum
1132 1152 1462 1241 Aurelianensem,
1484 1154 1668 1263 quinqua-

247 1288 419 1393 genarius
437 1286 496 1363 vel
514 1287 618 1362 circa.
642 1285 763 1362 Lectis
783 1301 909 1361 autem
926 1302 964 1361 et
977 1283 1180 1392 diligenter
1198 1285 1372 1391 expositis
1394 1284 1466 1362 sibi
1490 1285 1666 1363 omnibus

248 1434 285 1493 et
294 1417 451 1525 singulis
465 1416 647 1505 articulis,
659 1414 853 1521 respondit
864 1416 970 1521 quod
979 1414 1129 1493 nullum
1143 1415 1260 1493 alium
1271 1415 1412 1493 viderat
1423 1415 1537 1521 recipi
1553 1417 1592 1492 in
1606 1445 1666 1495 or·

247 1547 353 1636 diue,
371 1576 440 1623 nec
458 1545 678 1624 interfuerat
694 1544 863 1651 capitulis
878 1572 1027 1634 eorum,
1046 1545 1149 1622 unde
1165 1545 1368 1637 nesciebat,
1383 1574 1452 1622 nec
1468 1546 1663 1634 credebat,

247 1705 317 1754 nec
331 1677 522 1755 audiverat
541 1676 614 1752 dici
638 1676 688 1752 de
707 1676 892 1753 contentis
912 1677 950 1751 in
974 1675 1062 1782 ipsis
1081 1674 1245 1752 articulis
1265 1676 1336 1753 nisi
1360 1676 1464 1782 quod
1483 1678 1664 1783 seqnitur.

246 1806 470 1883 Dixitenim
496 1835 535 1883 se
554 1805 666 1883 fuisse
687 1823 879 1911 receptum
908 1834 976 1913 per
1004 1805 1156 1882 fratrem
1184 1808 1382 1913 Hugonem
1409 1807 1456 1883 de
1482 1804 1665 1884 Cabilone

246 1936 424 2025 militem,
439 1964 554 2043 quem
570 1935 690 2013 credit
701 1936 840 2025 vivere,
856 1936 953 2013 circa
962 1925 1105 2013 instans
1119 1935 1258 2012 festum
1271 1934 1545 2042 Assumptionis
1557 1934 1665 2010 beate

245 2066 362 2143 Marie
375 2081 486 2141 erunt
500 2092 523 2140 x
538 2065 626 2140 anni
641 2062 700 2139 vel
717 2064 830 2152 circa,
848 2062 887 2138 in
903 2062 1044 2169 capella
1061 2063 1197 2139 domus
1212 2063 1362 2169 Templi
1378 2063 1425 2139 de
1446 2063 1664 2169 Espalhiaco

247 2194 404 2271 diocesis
432 2192 694 2299 Lingonensis,
723 2191 962 2297 presentibus
985 2191 1160 2270 fratribus
1184 2191 1348 2270 Roberto
1371 2193 1551 2269 Lescolhe
1580 2222 1665 2300 pre-

246 2341 395 2428 ceptore
418 2321 516 2399 dicte
537 2321 687 2410 domus,
714 2322 905 2426 Stephano
925 2320 974 2398 de
1000 2320 1135 2427 Biceyo
1157 2319 1365 2427 presbitero
1386 2321 1484 2398 dicte
1503 2323 1661 2412 domus,

246 2470 283 2528 et
308 2452 455 2530 Thema
485 2468 702 2557 preceptore
730 2451 778 2526 de
806 2466 932 2527 sancto
964 2448 1167 2541 bledardo,
1199 2449 1413 2538 deffunctis,
1443 2481 1462 2528 a
1494 2480 1572 2559 quo
1605 2482 1665 2530 re-

245 2600 415 2688 ceptore,
442 2582 646 2657 instructus
666 2607 733 2686 per
751 2579 862 2670 alios,
887 2580 1000 2686 peciit
1020 2579 1239 2686 frequenter
1257 2609 1393 2687 panem
1415 2599 1453 2658 et
1473 2610 1608 2688 aquam
1628 2603 1665 2661 et

244 2713 460 2790 societatem
480 2711 640 2799 ordinis3
660 2710 798 2818 quibus
813 2710 884 2788 sibi
905 2713 1106 2799 concessis,
1123 2710 1212 2789 fecit
1231 2740 1320 2788 eum
1340 2739 1471 2788 vovere
1489 2730 1526 2788 et
1535 2714 1664 2818 jurare

246 2842 469 2932 castitatem,
492 2840 773 2931 obedienciam,
790 2841 911 2918 vivere
931 2841 1012 2918 sine
1024 2841 1196 2946 proprio,
1218 2869 1361 2919 servare
1377 2841 1498 2919 bonos
1515 2846 1606 2920 usus
1626 2861 1664 2920 et

243 2972 361 3049 bonas
376 2948 669 3050 consuetudines
689 2970 848 3058 ordinis,
872 2988 909 3048 et
930 2970 1034 3078 quod
1056 2998 1132 3048 non
1159 2971 1338 3048 revelaret
1360 2989 1500 3049 secreta
1522 2974 1664 3078 capitu-

131 3082 134 3087 ’
243 3101 366 3179 lorum
386 3103 504 3179 eciam
525 3101 601 3179 illis
616 3100 794 3178 fratribus
813 3100 879 3206 qui
892 3128 970 3178 non
985 3099 1190 3178 adfuissent
1208 3100 1246 3176 in
1260 3101 1325 3179 eis.
1339 3103 1387 3177 Et
1399 3102 1574 3208 imposito
1590 3103 1660 3181 sibi

243 3232 434 3322 mantello,
446 3259 577 3309 omnes
587 3248 747 3309 astantes
756 3229 911 3308 osculati
922 3230 1075 3308 fuerunt
1085 3259 1173 3307 eum
1187 3230 1226 3307 in
1242 3259 1324 3321 ore;
1339 3230 1405 3309 sed
1420 3231 1524 3337 prius
1540 3232 1662 3309 dictus

243 3362 347 3439 testis
361 3359 432 3438 fuit
444 3360 632 3438 osculatus
645 3359 858 3466 predictum
874 3376 1107 3467 receptorem
1124 3361 1163 3437 in
1182 3359 1293 3439 dorso
1305 3388 1417 3467 super
1424 3388 1585 3466 pannos3
1603 3392 1662 3439 os·

242 3505 348 3567 tensa
363 3489 435 3567 sibi
455 3490 616 3597 quadam
636 3517 743 3567 cruce
761 3488 954 3565 metallina
973 3507 1059 3567 ante
1080 3488 1223 3567 dictum
1245 3489 1416 3568 osculum
1435 3490 1473 3566 in
1494 3509 1662 3596 quaerat

242 3646 374 3726 ymago
390 3618 584 3705 Crucifixi,
601 3647 713 3725 quam
731 3618 853 3695 dictus
870 3617 1055 3725 presbiter
1068 3618 1222 3696 tenebat
1235 3618 1275 3695 in
1287 3648 1420 3707 manu,
1435 3637 1473 3696 et
1483 3639 1660 3726 precepto

245 3750 278 3824 ei
289 3777 356 3854 per
367 3749 509 3826 dictum
524 3766 756 3854 receptorem
769 3748 873 3855 quod
891 3765 1043 3855 spueret
1060 3777 1281 3855 supeream,
1302 3751 1380 3858 ipse
1395 3769 1520 3827 tamen
1536 3750 1659 3827 noluit

242 3905 376 3983 spuere
396 3905 509 3984 supra
525 3906 627 3967 eam,
645 3877 713 3955 sed
728 3877 829 3984 spuit
832 3878 950 3986 juxta.
965 3879 1075 3970 ltem,
1094 3878 1186 3955 dixit
1196 3879 1300 3985 quod
1313 3897 1399 3986 post
1413 3879 1549 3955 dictam
1566 3879 1663 3981 spui-

242 4007 388 4082 cionem
413 4006 579 4113 precepit
603 4006 636 4083 ei
657 4005 762 4114 quod
786 4005 988 4112 abnegaret
1011 4006 1150 4095 Deum,
1173 4010 1309 4114 etipse
1332 4006 1455 4093 testis,
1479 4004 1578 4081 dicto
1601 4034 1660 4082 re·

175 4122 179 4129 ’
242 4152 390 4238 ceptore
416 4134 563 4211 dicente
581 4135 687 4240 quod
701 4136 774 4213 hoc
788 4133 985 4242 oportebat
1007 4163 1096 4211 euru
1117 4134 1259 4221 facere,
1284 4151 1321 4208 et
1341 4132 1516 4210 fratribus
1539 4152 1660 4213 astau-

236 4260 344 4336 'tibus
359 4260 604 4337 suadentibus
621 4261 727 4366 quod
739 4263 812 4338 hoc
825 4261 980 4346 faceret,
998 4261 1193 4366 abnegavit
1208 4260 1343 4351 Deum,
1359 4291 1425 4340 ore
1436 4290 1512 4339 non
1528 4265 1657 4353 corde;
1739 4264 1743 4271 ’

242 4388 290 4465 de
304 4388 444 4493 quibus
457 4388 549 4464 dixit
573 4415 611 4465 se
632 4388 747 4464 fuisse
767 4386 997 4480 confessum,
1018 4386 1208 4467 infraocto
1239 4391 1319 4468 dies
1337 4409 1425 4468 tunc
1444 4412 1658 4499 sequentes,
1743 4403 1752 4419 ²

241 4516 344 4595 fratri
365 4519 504 4596 Jacobo
520 4518 712 4623 quondam
733 4517 967 4596 conventuali
987 4517 1143 4595 fratrum
1161 4519 1351 4598 Minorum
1367 4521 1415 4599 de
1433 4522 1659 4602 Castellione
1747 4549 1757 4567 ·

241 4675 354 4754 super
371 4649 588 4736 Seccauam,
608 4663 646 4725 et
663 4645 858 4726 absolutus
875 4645 1001 4735 abeo,
1018 4649 1081 4754 qui
1105 4648 1198 4726 dixit
1214 4650 1248 4727 ei
1268 4652 1373 4756 quod
1388 4651 1486 4728 male
1499 4651 1655 4740 fecerat,

242 4792 280 4852 et
299 4778 427 4883 pocius
449 4777 504 4854 illi
530 4777 594 4882 qui
620 4794 862 4884 preceperant
880 4776 951 4855 sibi
979 4777 1085 4864 talia,
1115 4795 1151 4857 et
1169 4779 1350 4885 imposuit
1366 4781 1399 4858 ei
1419 4782 1523 4887 qood
1557 4782 1657 4890 jeju-
