4230 5956
678 488 872 578 nsocns
897 508 992 578 oss
1017 507 1318 579 TEMPLIERS.
1634 511 1704 582 rso

292 646 570 755 reeepcionibus
590 675 629 722 se
649 674 726 722 non
744 646 876 724 recolit
894 646 1072 732 adfuisse,
1097 648 1184 752 quia
1205 676 1248 722 ex
1268 646 1449 723 industria
1466 647 1707 726 subtrahebat

291 808 346 866 se,
368 806 435 883 pro
453 804 499 853 eo
514 776 600 882 quia
619 774 689 853 sibi
705 775 951 882 displicebant
963 775 1146 880 predicta,
1169 794 1206 851 et
1227 805 1268 850 ex
1283 777 1413 852 eadem
1430 804 1538 853 causa
1555 778 1707 854 obmisit

289 910 454 1013 recipere
480 907 630 983 fratrem
652 906 827 984 Odonem
850 906 1029 984 de-Belna
1054 907 1293 994 servientem,
1322 935 1434 1012 quem
1459 905 1571 982 frater
1599 909 1706 1013 Hugo

292 1039 338 1114 de
352 1037 548 1115 Penrando
558 1036 795 1113 mandaverat
805 1036 1024 1113 litteratorie
1037 1036 1151 1141 recipi
1165 1065 1233 1141 per
1242 1036 1437 1123 eumdem,
1450 1037 1514 1142 qui
1526 1053 1617 1113 tunc
1630 1057 1707 1113 erat

291 1186 487 1274 preceptor
511 1166 559 1243 de
588 1167 779 1245 Cabilone.
807 1170 917 1258 Item,
944 1167 1038 1244 dixit
1066 1195 1105 1243 se
1135 1168 1317 1244 audivisse
1353 1170 1392 1245 in
1424 1169 1569 1246 civitate
1598 1169 1706 1244 Nico-

292 1299 421 1383 ciensi,
445 1299 491 1374 ab
521 1326 586 1373 ore
614 1298 737 1405 magni
763 1298 926 1404 Magistri
950 1299 1015 1404 qui
1040 1326 1141 1374 nunc
1170 1315 1240 1383 est,
1271 1298 1376 1402 quod
1399 1301 1477 1405 ipse
1509 1298 1705 1402 extirparet

291 1428 413 1533 aliqua
437 1454 512 1533 que
541 1445 644 1503 erant
671 1427 710 1503 in
733 1425 866 1504 ordine
891 1428 962 1504 sibi
992 1426 1247 1531 displicencia,
1283 1456 1325 1502 ex
1350 1428 1487 1532 quibus
1512 1426 1707 1504 dubitabat

291 1557 395 1662 quod
408 1555 572 1634 finaliter
591 1557 686 1634 male
706 1557 891 1635 accideret
906 1558 1046 1645 ordini,
1068 1574 1105 1633 et
1120 1557 1191 1634 hoc
1205 1557 1277 1633 luit
1293 1557 1357 1633 illo
1373 1586 1472 1635 anno
1490 1586 1567 1664 quo
1581 1557 1706 1633 civitas

290 1687 493 1763 Aconensis
511 1687 582 1763 suit
608 1686 769 1792 perdita,
793 1704 831 1763 et
851 1687 1019 1792 predicta
1042 1687 1132 1763 dixit
1155 1687 1275 1764 dictus
1295 1688 1470 1793 Magister
1491 1688 1529 1761 in
1544 1686 1706 1789 capitulo

291 1816 471 1923 generali,
490 1818 525 1892 in
542 1845 619 1922 quo
636 1835 743 1894 erant
761 1818 908 1894 circiter
926 1817 1181 1924 quadringinti
1206 1816 1355 1905 fratres,
1377 1818 1476 1893 inter
1491 1843 1586 1921 quos
1604 1832 1708 1890 erant

293 1945 413 2022 dictus
441 1946 554 2022 frater
581 1948 785 2025 Durandus
810 1948 945 2034 Instic,
979 1950 1085 2052 Ilugo
1114 1946 1160 2021 de
1193 1946 1351 2022 Salhens
1379 1947 1425 2022 de
1451 1945 1637 2031 Alternia,
1670 1961 1707 2018 et

292 2075 413 2150 Berbo
438 2075 485 2150 de
512 2076 589 2151 Lur
615 2076 860 2181 burgundus,
892 2074 1084 2151 deffuncti.
1114 2076 1224 2164 Item,
1253 2074 1344 2150 dixit
1369 2076 1473 2181 quod
1503 2075 1601 2150 bene
1629 2096 1708 2150 cre-

294 2203 406 2281 debat
429 2203 682 2280 ecclesiasticis
702 2205 956 2291 sacramentis,
981 2222 1019 2280 et
1038 2205 1157 2281 credit
1179 2207 1282 2311 quod
1302 2206 1363 2281 alii
1388 2206 1518 2280 Iraues
1537 2231 1705 2280 eommu-

293 2334 390 2409 niter
414 2334 548 2409 eodem
579 2335 696 2411 modo
730 2335 941 2421 crederent,
976 2353 1013 2411 et
1038 2336 1142 2441 quod
1173 2362 1303 2411 eorum
1336 2335 1547 2411 sacerdotes
1578 2333 1704 2410 debite

293 2464 534 2542 celebrarent.
563 2467 674 2553 Item,
706 2464 799 2541 dixit
826 2466 929 2571 quod
958 2466 1289 2542 interminacione
1317 2464 1564 2570 capitulorum
1591 2464 1706 2541 laicus

291 2613 424 2672 tenens
439 2595 641 2700 capitulum
658 2595 806 2673 dicebat
823 2597 943 2701 quod,
960 2624 1003 2671 ex
1017 2612 1201 2701 potestate
1214 2625 1325 2702 quam
1343 2596 1504 2671 habebat
1517 2624 1537 2671 a
1550 2595 1705 2671 domino

294 2726 404 2828 Papa,
427 2726 504 2829 ipse
519 2725 691 2830 parcebat
706 2724 760 2825 eis
775 2742 812 2801 et
826 2725 895 2831 ipsi
911 2743 1105 2832 parcerent
1123 2725 1213 2813 sibi,
1233 2742 1270 2800 et
1283 2753 1351 2830 per
1365 2724 1707 2800 dictamremissio·

296 2882 382 2927 nem
408 2853 525 2929 credit
548 2855 626 2959 ipse
649 2855 755 2931 testis
777 2855 881 2960 quod
904 2872 1028 2931 essent
1053 2854 1213 2930 absoluti
1235 2854 1281 2929 ab
1303 2852 1591 2941 inobedienciis,
1613 2869 1656 2927 ut
1675 2853 1705 2927 si

294 3011 370 3060 non
386 2985 629 3061 surrexissent
644 2983 691 3060 ad
706 2983 948 3072 matutinum,
965 2984 1023 3059 vel
1040 2985 1070 3060 si
1082 2984 1338 3061 verberassent
1352 2982 1530 3058 familiam
1548 2981 1606 3057 vel
1621 3011 1707 3059 con·

294 3113 440 3199 similia,
456 3142 533 3190 non
545 3131 671 3190 tamen
685 3114 804 3190 credit
818 3114 1088 3219 quodpropter
1102 3114 1173 3191 boc
1187 3132 1310 3192 essent
1320 3112 1481 3191 absoluti
1498 3114 1703 3218 apeccatis,

294 3271 362 3319 nec
376 3243 495 3319 credit
509 3243 614 3348 quod
635 3242 696 3318 alii
717 3241 847 3319 fratres
867 3243 1009 3320 ordinis
1029 3242 1224 3319 crederent
1243 3260 1396 3350 propter
1417 3245 1488 3319 hoc
1504 3271 1587 3319 esse
1600 3242 1708 3321 abso·

295 3372 363 3449 luti
379 3402 399 3448 a
413 3373 583 3478 peccatis.
596 3374 701 3460 Item,
717 3373 809 3448 dixit
823 3372 1037 3479 frequenter
1050 3403 1088 3450 se
1104 3375 1286 3451 audivisse
1297 3373 1541 3479 improperari
1553 3374 1605 3450 eis
1621 3403 1641 3449 a
1655 3403 1712 3452 se·

295 3502 482 3579 sularibus
508 3502 612 3608 quod
631 3532 670 3579 se
699 3502 1010 3581 deosculabantur
1033 3505 1072 3580 in
1100 3533 1188 3590 ano,
1218 3533 1286 3580 nec
1310 3522 1437 3580 tamen
1461 3504 1580 3580 credit
1604 3504 1707 3608 quod

295 3632 436 3711 dictum
452 3634 622 3711 osculum
642 3633 768 3722 lieret,
793 3634 859 3710 sed
875 3635 977 3740 quia,
1002 3635 1154 3741 quando
1174 3634 1315 3711 fiebant
1334 3663 1462 3739 preces
1481 3635 1520 3709 in
1539 3632 1709 3737 capitulis

296 3763 533 3853 eorumdem,
561 3791 692 3840 omnes
717 3762 845 3840 iratres
870 3765 909 3838 in
935 3765 1023 3869 ipsis
1046 3763 1214 3868 capitulis
1239 3766 1437 3841 existentes
1458 3763 1605 3869 stalpnt
1623 3787 1709 3865 pro-

295 3893 414 3978 strati,
436 3894 554 3999 capite
569 3894 792 3971 etmanibus
816 3894 1003 3970 inclinatis
1024 3894 1072 3969 ad
1094 3911 1249 3982 terram,
1276 3912 1314 3970 et
1338 3893 1509 3970 cruribus
1534 3907 1571 3967 et
1597 3891 1708 3967 dorso

295 4021 444 4097 elevatis
456 4021 728 4127 aliquantulum
742 4022 845 4128 plus,
865 4041 903 4099 et
918 4051 1016 4100 unus
1035 4024 1087 4098 sic
1106 4023 1226 4099 stabat
1239 4039 1325 4126 post
1337 4023 1470 4107 alium,
1488 4038 1525 4096 et
1538 4022 1709 4124 opinatur

296 4148 397 4223 idem
422 4151 526 4226 testis
552 4151 655 4256 quod
684 4150 820 4256 aliqui,
854 4153 1023 4228 videntes
1054 4150 1150 4227 sorte
1181 4179 1248 4256 per
1277 4150 1431 4226 rimulas
1453 4156 1497 4226 'et
1522 4150 1708 4228 ¹foramina

295 4277 478 4352 ostiorum
500 4306 564 4354 eos
580 4279 632 4354 sic
648 4296 803 4366 stantes,
825 4296 1136 4384 presumpserunt
1155 4294 1193 4354 et
1210 4279 1383 4356 dixerunt
1401 4281 1504 4385 quod
1519 4262 1709 4358 faciebant

297 4405 438 4481 dictum
466 4406 638 4483 osculum
662 4406 923 4493 inhonestum,
948 4423 985 4483 et
1006 4407 1110 4511 quod
1133 4433 1263 4484 eorum
1289 4408 1429 4486 dictum
1455 4409 1562 4487 facile
1577 4429 1710 4487 secuta

296 4534 410 4610 suerit
430 4535 645 4613 multitudo.
663 4535 842 4613 Iurabant
861 4534 1032 4612 ordinem
1049 4563 1126 4612 non
1153 4538 1271 4626 exire3
1290 4539 1414 4615 statim
1430 4539 1507 4645 pro
1535 4537 1710 4647 professis

298 4663 542 4741 habebantur.
568 4665 809 4746 Clandestine
833 4665 1124 4772 recipiebantur,
1151 4666 1266 4744 nullis
1290 4648 1525 4773 presentibus
1548 4670 1618 4745 nisi
1644 4669 1711 4749 lra-

296 4796 417 4871 tribns
438 4796 596 4882 ordinis,
618 4827 662 4874 ex
680 4823 758 4903 quo
783 4797 901 4874 credit
915 4797 1018 4905 quod
1039 4814 1135 4874 asset
1155 4799 1317 4907 suspicio
1338 4807 1569 4889 contraeas,
1596 4802 1712 4907 potis·

1539 4940 1584 5001 18.
