4230 5956
479 468 526 543 rc
866 441 1059 534 crocis
1085 458 1178 531 ons
1203 455 1502 557 rennuens.

385 670 388 675 .
474 607 713 714 acquirerent
739 600 885 693 ordini,
910 599 976 704 qui
999 612 1177 675 servasset
1196 624 1271 702 que
1296 596 1473 702 magister
1493 622 1580 670 cum
1608 611 1796 672 conventu
1820 614 1893 676 ste-

475 739 620 815 tuisset.
647 738 754 813 Nunc
782 729 935 838 grandis
965 725 1155 815 scandala,
1191 726 1354 832 suspicio
1386 744 1423 804 et
1457 724 1610 803 infamia
1646 741 1736 802 sunt
1766 745 1892 808 exorta

475 882 628 972 propter
647 862 814 970 predicta
837 875 965 936 contra
985 856 1173 944 ordinem,
1197 855 1303 962 cujus
1319 854 1496 933 fratribus
1512 853 1634 931 credit
1647 855 1755 960 quod
1768 877 1893 937 essent

445 1074 448 1080 ,
476 1013 564 1072 nota
587 993 790 1072 consessata
815 1017 882 1095 per
905 1017 1005 1066 cum.
1029 985 1181 1064 Audivit
1206 985 1282 1062 dici
1305 1013 1484 1094 magnum
1503 984 1723 1091 Magistrum
1743 988 1892 1068 etalios

475 1124 599 1231 aliqua
618 1121 806 1200 confessos
833 1117 947 1195 luisse
974 1132 1100 1193 contra
1126 1114 1322 1206 ordinem,
1349 1115 1397 1193 ad
1422 1116 1530 1222 cujus
1553 1113 1826 1195 deffensionem
1852 1147 1891 1196 se

476 1252 664 1331 obtulerat
679 1265 832 1355 propter
847 1248 928 1354 ejus
947 1244 1276 1333 indiscrecioncm,
1295 1259 1338 1321 ut
1356 1243 1458 1321 dixit.

530 1381 746 1488 Requisitus
756 1379 787 1456 si
801 1378 854 1454 sic
868 1377 1093 1480 deposuerat
1104 1402 1230 1480 prece,
1247 1391 1443 1480 precepto,
1457 1375 1614 1466 timore,
1632 1403 1778 1467 amore,
1797 1378 1888 1455 odio

476 1512 534 1590 vel
548 1509 747 1616 temporali
762 1506 923 1586 comodo
944 1505 1073 1584 habito
1090 1505 1148 1582 vel
1163 1504 1357 1594 habendo,
1374 1504 1570 1611 respondit
1589 1506 1692 1610 quod
1708 1534 1803 1596 non,
1824 1508 1893 1586 sed

472 1669 541 1747 pro
563 1641 715 1718 veritate
740 1636 1002 1723 dicendaucui
1029 1633 1101 1711 luit
1128 1634 1338 1740 injunctum
1364 1634 1471 1739 quod
1489 1664 1566 1712 non
1589 1634 1770 1716 revelaret
1790 1638 1886 1714 hanc

476 1799 583 1848 susm
599 1768 896 1873 deposicionem,
912 1792 1112 1871 quousque
1128 1765 1386 1841 attestaeiones
1399 1763 1758 1872 luerintpublicate;
1774 1764 1892 1844 etfirit

474 1914 701 2006 protestatus
721 1899 760 1973 in
776 1895 963 2000 principio
982 1894 1233 1999 deposicionis
1250 1922 1317 1971 sue
1336 1895 1442 2000 quod
1458 1923 1537 1973 non
1555 1894 1775 1973 intendebat
1789 1922 1891 1973 rece-

477 2029 565 2107 dere
586 2056 605 2105 a
627 2026 866 2132 deposicionc
894 2023 984 2101 alias
1008 2023 1100 2101 lactu
1118 2052 1186 2128 per
1206 2050 1293 2100 eum
1310 2053 1434 2103 eoram
1452 2025 1554 2103 dicto
1574 2025 1730 2102 domino
1748 2023 1891 2102 archic-

476 2160 630 2263 piscopo
643 2155 831 2232 Remensi.
848 2155 968 2259 Hujus
981 2169 1108 2230 autem
1122 2153 1228 2232 testis
1241 2155 1512 2234 examinacioni
1527 2136 1892 2234 dominus‘Mathcus

476 2313 555 2363 non
572 2283 758 2371 interfuit,
779 2300 883 2360 certa·
901 2282 949 2357 de
970 2310 1080 2359 cause
1100 2299 1310 2371 excusatus,
1332 2313 1402 2362 nec
1425 2285 1547 2363 dictos
1572 2284 1750 2362 dominus
1774 2284 1893 2362 crebi-

479 2416 659 2492 diaconus
683 2413 930 2495 Tridentinus
953 2412 1219 2488 examinacioni
1248 2414 1379 2519 primi3
1403 2432 1441 2491 et
1464 2415 1551 2492 ideo
1576 2413 1647 2493 luit
1670 2429 1890 2519 preceptum

477 2572 546 2649 por
555 2543 674 2620 dictos
690 2543 866 2620 dominos
879 2543 1152 2619 commissarios
1169 2543 1276 2648 quod
1288 2544 1327 2619 in
1340 2544 1542 2622 crastinum
1559 2543 1681 2627 dictus
1694 2541 1891 2647 Philippus

476 2677 622 2779 primus
640 2675 744 2752 testis
764 2671 905 2750 rediret
927 2672 976 2747 ad
989 2673 1228 2776 ,presenciam
1252 2700 1403 2765 eorum,
1430 2692 1468 2750 et
1491 2673 1597 2780 quod
1616 2673 1656 2748 in
1681 2672 1784 2752 onmi
1806 2699 1892 2778 pre-

476 2805 598 2882 sencia
617 2803 838 2911 religeretur
863 2801 1150 2906 deposiciosuu.

531 2935 618 3012 Acta
648 2933 800 3010 luerunt
831 2932 902 3009 bec
937 2931 998 3007 die
1028 2949 1066 3007 et
1095 2932 1188 3009 loco
1211 2933 1403 3037 predictis,
1439 2932 1689 3038 presentibus.
1712 2930 1887 3038 magistro

476 3063 639 3149 Amisio,
658 3091 717 3138 me
732 3062 984 3137 Floriamonte
996 3061 1212 3149 Dondedei,
1230 3079 1267 3137 et
1282 3062 1365 3140 aliis
1378 3061 1532 3138 notariis
1547 3090 1658 3167 supra
1674 3061 1808 3140 ultimo
1824 3088 1893 3137 no·

478 3207 638 3268 minatis.

534 3451 621 3528 Post
634 3451 722 3535 hcc,
738 3449 800 3527 die
811 3451 982 3537 Veneris,
999 3479 1073 3557 que
1090 3451 1162 3528 fuit
1180 3476 1280 3529 xvnn
1296 3452 1377 3547 dies
1393 3452 1483 3529 dicti
1500 3453 1640 3529 mensis
1654 3426 1803 3541 Marcii,
1821 3450 1893 3529 luit

479 3579 664 3659 adductus
678 3580 726 3656 ad
744 3581 974 3684 presenciam
995 3580 1182 3658 dictorum
1203 3581 1445 3659 dominorum
1460 3581 1690 3659 Mimatensis
1702 3599 1741 3659 et
1759 3583 1893 3659 lemo-

476 3711 631 3788 vicensis
644 3710 907 3814 episcoporum
926 3727 966 3788 et
980 3711 1230 3789 archidiaconi
1242 3712 1473 3801 Tridentini,
1495 3711 1577 3789 eliis
1596 3710 1765 3821 legitime
1778 3739 1888 3790 excu-

475 3842 579 3929 satis,
588 3841 629 3918 in
643 3840 759 3918 domo
771 3840 936 3944 predicta
951 3839 1108 3920 fratrum
1120 3842 1311 3920 Minorum
1321 3904 1330 3932 ,
1342 3840 1457 3919 irater
1468 3841 1656 3927 liebertus
1668 3844 1716 3919 dc
1726 3841 1891 3919 Reinbe·

475 3971 547 4058 val,
563 3970 652 4048 alias
669 3968 792 4048 dictus
807 3971 1033 4077 prepositus,
1050 3972 1212 4050 serviens
1229 3973 1451 4050 Morinsnsis
1467 3972 1642 4055 diocesis,
1659 3970 1763 4048 testis
1778 3997 1891 4074 supra

473 4102 638 4205 juretus,
657 4117 709 4177 ut·
720 4101 927 4208 deponeret
948 4101 1094 4180 dictum
1115 4131 1244 4192 suum,
1266 4101 1687 4210 quadragintaquatuor
1704 4126 1892 4177 annorum

477 4228 537 4307 vel
555 4229 668 4317 circa,
691 4257 767 4307 non
788 4231 974 4311 defferens
995 4233 1217 4311 mantellum
1238 4233 1399 4320 ordinis,
1421 4233 1509 4338 quia
1533 4230 1740 4310 voluntarie
1767 4229 1892 4336 ipsum

477 4359 675 4439 dimiserat·
695 4377 873 4440 veunute
900 4382 1181 4470 consumptum,
1205 4381 1242 4442 et
1261 4364 1340 4452 radi
1362 4361 1500 4440 lecerat
1522 4361 1594 4438 sibi
1614 4359 1787 4448 hurbem,
1808 4359 1890 4466 qui.
1955 4346 1961 4356 ’

477 4491 758 4597 protestanione·
767 4492 1061 4598 premissaquod
1075 4521 1153 4571 non
1167 4493 1332 4573 intendit
1344 4492 1522 4572 recedere
1537 4519 1558 4569 a
1573 4492 1813 4598 deposicione
1827 4514 1893 4595 per

477 4620 608 4725 ipsum
615 4620 715 4735 iacta
733 4649 860 4700 eorm
879 4621 1038 4705 domino
1056 4622 1333 4730 archiepiscopo
1352 4623 1542 4716 demensi,
1563 4648 1767 4729 perquem
1785 4618 1893 4697 ubso-

478 4747 583 4826 lutus
593 4748 1045 4831 etreeonciliatus-luomt
1066 4751 1286 4830 inconcilio
1303 4753 1492 4840 Renrensi,
1513 4752 1629 4850 lectis„
1639 4768 1683 4829 et.
1695 4749 1894 4858 diligenter
