4230 5956
426 473 497 543 ma
804 445 998 539 raocns
1030 462 1126 534 nas
1156 459 1457 535 rrurmms

420 610 644 718 inquisitum
662 606 800 693 suerat,
827 605 1024 683 absolutus
1043 619 1082 679 et
1105 602 1368 680 reconciliatus
1386 629 1455 709 per
1472 600 1673 679 dominum
1693 604 1837 711 episco-

421 766 514 847 pum
533 737 796 824 Parisiensem,
823 737 889 841 qui
911 735 1206 840 aposthataverat
1235 733 1282 809 de
1305 733 1406 809 dicto
1426 729 1557 807 ordine
1577 751 1730 840 propter
1749 736 1839 813 levi-

420 887 515 948 tates
534 895 618 945 suas
638 867 770 944 decem
791 865 897 942 annis
911 864 969 940 vel
988 864 1098 951 circa,
1121 880 1160 940 et
1177 862 1227 939 ad
1241 863 1368 968 ipsum
1383 861 1557 939 ordinem
1574 862 1736 943 redierat
1753 885 1838 944 ante

422 1001 640 1106 capcionem
664 1024 770 1072 suam
793 1013 831 1072 et
852 994 1013 1072 aliorum
1041 1020 1109 1097 per
1134 1018 1197 1070 vm
1225 1019 1344 1068 annos
1365 991 1423 1067 vel
1446 991 1557 1077 circa,
1579 991 1687 1070 lectis
1702 1011 1740 1072 et
1754 996 1841 1072 dili-

423 1147 555 1237 genter
569 1128 747 1233 expositis
763 1125 835 1202 sibi
852 1122 1030 1201 omnibus
1043 1120 1248 1230 etsingulis
1262 1121 1444 1211 articulis,
1461 1120 1657 1227 respondit
1672 1151 1711 1200 se
1726 1125 1842 1203 nichil

424 1261 534 1346 scire,
557 1285 627 1333 nec
645 1255 817 1341 credere,
841 1282 911 1329 nec
933 1249 1122 1328 audivisse
1138 1250 1214 1338 dici
1235 1249 1282 1326 de
1301 1251 1489 1329 contentis
1511 1251 1552 1326 in
1572 1251 1626 1328 eis
1645 1253 1717 1329 nisi
1738 1256 1842 1361 quod

424 1389 615 1494 sequitur:
636 1385 820 1463 videlicet.
836 1383 942 1489 quod
964 1383 1043 1487 ipse
1065 1397 1240 1486 receptus
1263 1379 1384 1459 luerat
1403 1381 1443 1456 in
1463 1409 1597 1489 magna
1617 1385 1757 1491 capella
1776 1387 1843 1463 do·

424 1548 510 1596 mus
529 1516 680 1622 Templi
704 1514 933 1600 Parisiensis,
965 1512 1026 1588 die
1051 1511 1226 1588 Mercurii
1251 1527 1337 1616 post
1360 1511 1498 1588 Pascha
1522 1513 1693 1618 proximo
1719 1534 1840 1622 prete-

347 1697 351 1703 ·
424 1651 541 1726 ritum
560 1648 714 1725 fuerunt
735 1672 795 1723 xm
815 1644 918 1730 anni,
939 1671 1008 1747 per
1023 1640 1175 1717 fratrem
1198 1639 1429 1717 Amalricum
1454 1641 1502 1718 de
1533 1645 1659 1721 Rocha
1681 1645 1843 1723 militem

426 1778 635 1884 quondam,
653 1790 914 1883 preceptorem
935 1790 1028 1849 tunc
1047 1771 1216 1858 Francie‚
1238 1771 1478 1875 presentibus
1496 1771 1673 1852 tratribus
1686 1774 1864 1853 Galtero.

428 1909 475 1985 de
498 1911 600 1999 Essa,
619 1905 772 1985 Galtero
798 1903 901 1981 dela
923 1901 1119 1988 Sonciera‚
1142 1919 1181 1977 et
1202 1900 1340 1977 Jacobo
1367 1901 1416 1979 de
1436 1902 1613 2008 Rupelhi,
1642 1904 1841 1997 militibus,

428 2056 466 2114 et
493 2037 706 2115 Humberto
734 2032 967 2112 thesaurario
985 2049 1077 2108 tunc
1104 2030 1254 2136 Templi
1282 2032 1514 2118 Parisiensis,
1542 2048 1580 2109 et
1604 2033 1774 2111 iohanne
1796 2037 1842 2113 de

427 2168 559 2245 Turno
573 2164 892 2249 subthesaurario,
906 2161 1153 2240 servientibus
1168 2160 1380 2254 dellunctis,
1392 2162 1432 2239 in
1447 2163 1550 2239 hunc
1562 2162 1743 2240 modum:
1758 2169 1843 2242 nam

429 2323 515 2372 cum
541 2294 759 2400 frequenter
784 2308 822 2370 et
849 2293 1028 2368 instanter
1056 2290 1309 2397 requisivisset
1334 2319 1470 2396 panem
1495 2309 1535 2368 et
1557 2320 1709 2398 aquam,
1731 2296 1845 2371 socie-

428 2441 543 2502 tatem
573 2439 611 2499 et
639 2448 842 2528 pauperem
867 2421 1041 2498 vestitum
1070 2420 1233 2510 ordinis,
1258 2438 1296 2498 et
1319 2422 1489 2527 predicto
1519 2423 1590 2501 sibi
1617 2425 1721 2530 quod
1746 2424 1843 2502 hene

429 2553 674 2646 deliberaret,
707 2552 796 2659 quia
823 2551 918 2628 dura
943 2566 1021 2627 erat
1051 2549 1184 2658 religio
1215 2550 1455 2640 eorumdem,
1495 2568 1533 2628 et
1563 2553 1667 2660 quod
1699 2572 1846 2661 rogaret

429 2684 553 2761 Deum
576 2700 614 2759 et
628 2682 776 2759 beatam
799 2681 954 2758 Mariam
975 2696 1019 2757 ut
1039 2680 1244 2787 dirigerent
1267 2707 1372 2771 eum,
1399 2681 1568 2787 predicta
1586 2682 1660 2761 sibi
1675 2712 1846 2763 concessa

428 2813 602 2904 fuissent,
619 2813 707 2890 lecit
729 2840 817 2890 eum
833 2839 964 2888 vovera
985 2827 1024 2888 et
1037 2810 1164 2918 jurare
1183 2810 1304 2889 dictus
1326 2829 1495 2918 receptor
1514 2813 1737 2904 castitatem,
1760 2816 1848 2893 obe·

430 2946 632 3034 dienciam,
658 2945 779 3020 vivere
803 2943 883 3020 sine
904 2941 1074 3049 proprio,
1097 2959 1135 3020 et
1155 2970 1299 3020 servare
1316 2943 1439 3022 bonos
1458 2972 1548 3023 usus
1565 2961 1603 3022 et
1621 2943 1738 3023 bonas
1758 2975 1846 3025 con-

430 3072 649 3150 suetudines
670 3073 734 3178 qui
752 3089 842 3149 tunc
861 3091 967 3149 erant
983 3073 1023 3148 in
1043 3070 1194 3162 ordine,
1209 3075 1327 3180 etqui
1345 3073 1384 3150 in
1401 3091 1594 3179 posterum
1608 3073 1849 3182 imponeren-

431 3218 593 3279 turcum
615 3201 773 3279 consilio
793 3204 1001 3309 proborum
1022 3203 1184 3292 ordinis3
1203 3220 1242 3281 et
1260 3203 1439 3311 imposito
1460 3203 1532 3281 sihi
1551 3205 1747 3295 mantello,
1768 3208 1847 3313 ipse

430 3350 603 3438 receptor
623 3351 661 3410 et
678 3349 838 3411 astantes
861 3333 1013 3412 luerunt
1041 3362 1129 3412 eum
1157 3335 1312 3411 osculati
1339 3335 1477 3412 inore.
1504 3335 1650 3414 Deinde
1677 3337 1850 3414 instruxit

432 3491 520 3539 eum
540 3464 644 3569 quod
660 3463 801 3569 jaceret
824 3493 909 3541 cum
936 3465 1068 3570 pannis
1087 3464 1214 3551 lineis,
1240 3493 1315 3541 una
1342 3466 1455 3543 corda
1478 3466 1580 3543 unde
1603 3467 1777 3545 volebant
1795 3497 1850 3544 as-

327 3601 331 3609 ’
431 3610 579 3700 sumpta
604 3574 762 3684 cinctus,
792 3612 829 3670 et
851 3594 1013 3700 qualiter
1034 3612 1181 3702 regeret
1197 3623 1237 3672 se
1259 3595 1298 3671 in
1314 3594 1459 3673 ordine.
1484 3598 1615 3674 Postea
1635 3596 1741 3674 duxit
1761 3624 1849 3675 eum

431 3724 557 3801 solum
576 3725 624 3800 ad
642 3754 790 3830 parvam
807 3725 987 3830 capellam
1007 3725 1176 3831 Templi,
1193 3741 1238 3802 ut
1251 3725 1429 3803 indueret
1443 3725 1496 3803 ibi
1511 3744 1630 3806 vestes
1643 3728 1850 3834 religionis3

361 3834 364 3838 Δ
431 3853 571 3960 quibus
590 3855 749 3943 indutis,
779 3854 872 3930 dixit
891 3856 925 3931 ei
950 3855 1055 3960 quod
1074 3856 1275 3961 abnegaret
1295 3856 1451 3933 Jhesum
1472 3856 1684 3947 Christum
1706 3875 1743 3934 et
1763 3884 1847 3935 cum
1908 3952 1910 3957 Α

433 3982 554 4062 dictus
574 3986 679 4062 testis
700 3985 945 4090 responderet
959 3986 1063 4091 quod
1082 3987 1154 4064 hoc
1170 4013 1247 4063 non
1265 3983 1385 4062 facere
1406 4003 1533 4092 posset
1549 4003 1588 4064 et
1603 3986 1847 4092 stupefactus,

433 4111 527 4189 dixit
545 4116 579 4190 ei
600 4115 721 4193 dictus
743 4134 914 4221 receptor
935 4117 1040 4224 quod
1065 4117 1198 4194 saltem
1217 4116 1420 4224 abnegaret
1437 4145 1502 4195 ore
1522 4144 1599 4195 non
1611 4117 1740 4209 corde,
1762 4119 1850 4224 quia

433 4240 484 4318 ita
498 4240 682 4321 faciehant
699 4245 760 4322 alii
781 4245 910 4325 iratres
928 4247 1087 4336 ordinis,
1111 4263 1148 4323 et
1163 4264 1254 4323 tunc
1269 4246 1347 4352 ipse
1361 4247 1468 4325 testis
1481 4246 1677 4353 abnegavit
1695 4249 1849 4326 ihesum

433 4354 625 4451 Christum
641 4401 706 4452 ore
724 4405 802 4455 non
817 4378 945 4466 corde,
972 4393 1016 4453 ut
1033 4377 1137 4454 dixit.
1161 4377 1338 4484 Postque
1352 4377 1568 4485 precepitei
1582 4378 1686 4485 quod
1702 4396 1852 4483 spueret

434 4531 546 4608 super
564 4503 766 4611 quamdam
782 4532 930 4581 crucem
948 4505 1127 4611 ligneam,
1146 4507 1186 4583 in
1199 4506 1365 4612 quodam
1387 4506 1496 4585 sedili
1516 4507 1636 4585 nescit
1654 4534 1723 4615 per
1736 4534 1849 4612 quem

433 4633 608 4734 positam,
633 4635 764 4739 inqua
787 4632 889 4710 nulla
911 4650 989 4710 erat
1007 4662 1141 4741 ymago
1165 4635 1357 4724 Crucifixi,
1378 4652 1417 4713 et
1436 4637 1516 4742 ipse
1530 4635 1636 4715 testis
1657 4634 1759 4742 spuit
1773 4662 1848 4712 non

435 4789 546 4864 supra
565 4766 631 4841 sed
646 4765 752 4868 juxta
770 4793 864 4842 eam.
886 4765 1133 4842 Postmodum
1156 4766 1321 4845 ostendit
1338 4767 1464 4846 sidem
1477 4768 1565 4847 testi
1580 4765 1772 4875 quoddam
1792 4791 1851 4840 ca-
