4230 5956
646 454 842 546 ruocrs
867 473 962 545 urs
988 472 1285 545 eutramnus.
1604 479 1674 550 501

259 630 474 719 susceptum
494 609 641 716 Templi
663 612 835 690 ordinem
860 612 1137 719 derelinquant,
1160 614 1232 688 nisi
1253 613 1401 690 obtenta
1429 615 1580 694 licencia
1602 618 1682 724 ejus

258 744 322 850 qui
344 741 549 819 concedere
566 740 660 817 illud
680 743 813 848 possit-3
836 742 977 820 addens
999 743 1101 848 quod
1123 742 1262 846 recepti
1282 744 1330 819 ad
1350 743 1491 821 dictum
1510 748 1681 827 ordinem

259 873 454 951 confestim
470 900 539 977 pro
559 872 736 976 professis
755 874 952 951 habentur.
975 876 1056 980 lpse
1073 893 1197 950 autem
1212 903 1397 978 nusquam
1416 875 1504 953 alibi
1525 878 1596 955 fuit
1615 880 1679 956 uhi

260 1003 416 1080 fratrum
442 1004 610 1109 receptio
625 1003 735 1081 fieret
754 1005 802 1082 ad
820 1005 962 1083 dictum
983 1006 1174 1093 ordinem,
1197 1006 1267 1080 nisi
1289 1005 1328 1081 in
1346 1005 1460 1082 domo
1477 1008 1593 1083 Mansi
1611 1009 1679 1083 Dei

259 1133 436 1210 duntaxat
456 1131 560 1237 quod
581 1133 687 1210 estin
704 1134 841 1211 diocesi
860 1133 1203 1240 Elnensi,·incujus
1217 1132 1354 1237 capella
1373 1133 1503 1209 fratres
1517 1134 1563 1210 de
1576 1162 1680 1212 more

253 1264 492 1370 ,recipiuntur
501 1262 627 1368 januis
648 1265 781 1341 clausis
801 1265 881 1370 ejus
901 1281 939 1341 et
956 1263 1113 1340 exclusis
1128 1263 1306 1340 omnibus
1319 1281 1445 1369 preter
1463 1263 1604 1340 fratres.

313 1394 369 1470 Ad
386 1392 638 1472 xxxvur-lvu
659 1384 833 1472 articulos
846 1395 1041 1482 inclusive,
1059 1394 1259 1500 diligenter
1270 1411 1306 1469 et
1322 1394 1508 1499 sigillatim
1522 1396 1680 1472 interro·

255 1541 377 1629 gatus,
395 1525 539 1629 negavit
554 1525 652 1629 ipsos
668 1525 842 1601 articulos
858 1543 896 1602 et
910 1525 1035 1601 omnia
1056 1543 1093 1601 et
1107 1524 1251 1631 singula
1267 1541 1437 1602 contenta
1452 1525 1490 1601 in
1507 1527 1579 1614 eis;
1599 1527 1680 1602 adi-

256 1655 357 1729 ciens
377 1680 501 1731 senec
518 1653 617 1730 scire
635 1682 704 1729 nec
724 1654 876 1730 credere
896 1651 1021 1760 aliqua
1042 1671 1215 1735 contenta
1234 1653 1365 1730 inillis
1385 1683 1469 1731 vera
1487 1684 1583 1741 esse,
1610 1685 1679 1733 nec

254 1782 293 1856 in
314 1782 447 1859 ordine
463 1782 612 1888 Templi
634 1781 759 1891 aliquo
780 1800 947 1889 tempore
969 1783 1082 1861 fuisse
1104 1784 1309 1861 commissa.

311 1912 369 1987 Ad
384 1912 577 1989 butt—lxx
591 1912 766 1989 articulos
784 1911 979 2000 inclusive,
1000 1912 1199 2017 diligenter
1213 1928 1259 1987 et
1269 1911 1456 2018 sigillatim
1476 1914 1678 2020 interroga—

253 2058 331 2135 tus,
351 2041 497 2148 negavit
516 2041 616 2146 ipsos
637 2040 813 2118 articulos
833 2058 870 2119 et
895 2043 1021 2118 omnia
1042 2059 1081 2119 et
1099 2041 1245 2148 singula
1269 2058 1445 2119 contenta
1470 2045 1509 2119 in
1533 2045 1604 2133 eis,
1632 2074 1677 2123 eo

255 2169 352 2248 salvo
373 2171 477 2276 quod
496 2171 632 2248 fatetur
655 2170 758 2277 quod
784 2171 915 2249 fratres
935 2172 1104 2278 ejusdem
1126 2170 1286 2260 ordinis,
1314 2200 1358 2248 er
1381 2190 1518 2250 statuto
1544 2174 1675 2280 ipsius,

249 2301 433 2407 jubentur
451 2330 517 2378 sue
537 2302 765 2408 recepcionis
784 2320 955 2407 ternpore
970 2330 1119 2409 semper
1137 2302 1217 2379 sine
1238 2302 1513 2380 intermissione
1527 2321 1677 2409 portare

254 2458 364 2535 supra
384 2432 549 2509 camisias
569 2414 739 2509 cordulas
756 2432 934 2537 quasdam
952 2432 999 2508 de
1016 2433 1108 2520 lino,
1132 2432 1188 2508 vel
1204 2433 1422 2538 decanape,
1437 2433 1493 2509 vel
1511 2434 1558 2509 de
1575 2433 1674 2523 lana,

253 2579 384 2637 tenues
405 2579 442 2638 et
461 2561 630 2670 graciles3
654 2563 720 2639 sed
744 2591 828 2639 cum
848 2579 1029 2640 vetustate
1054 2580 1291 2669 rumpuntur,
1315 2563 1501 2667 recipiunt
1520 2581 1558 2638 et
1576 2591 1678 2639 assu—

253 2708 363 2770 munt
382 2693 487 2780 alias,
511 2720 588 2770 non
609 2694 657 2769 ad
674 2709 810 2769 certam
830 2692 1122 2799 longitudinem,
1147 2692 1214 2769 sed
1230 2693 1325 2768 sicut
1343 2692 1396 2768 eis
1415 2691 1553 2796 placet,
1579 2708 1617 2767 et
1637 2711 1678 2767 ut

253 2823 307 2898 eis
330 2823 474 2926 possint
494 2823 602 2929 cingi
620 2824 702 2899 Non
724 2840 851 2899 tamen
869 2821 1011 2899 audivit
1031 2850 1100 2897 nec
1119 2822 1225 2898 seivit
1244 2848 1314 2897 nec
1332 2821 1452 2898 eredit
1466 2822 1572 2928 quod
1589 2851 1675 2898 cum

254 2951 363 3028 dietis
376 2953 540 3030 cordulis
559 2953 680 3057 capud
698 2952 801 3059 ydoli
822 2953 992 3060 cingatur
1008 2979 1077 3057 per
1097 2951 1260 3057 aliquem
1281 2951 1328 3026 de
1349 2950 1457 3027 dictis
1482 2951 1672 3039 fratribus,

252 3111 355 3160 neca
371 3112 410 3161 se
423 3084 631 3190 aliqualiter
640 3084 763 3189 capud
779 3083 838 3160 vel
855 3081 1008 3189 ydolum
1019 3111 1084 3159 sua
1100 3082 1251 3159 cordula
1262 3100 1401 3161 tactum
1413 3082 1536 3160 fuerit.
1550 3084 1676 3160 Dictas

225 3283 228 3287 .
252 3231 376 3290 autem
397 3213 585 3305 cordulas,
611 3232 653 3291 ut
673 3213 781 3302 dixit,
801 3230 957 3319 ¹portant
980 3213 1186 3320 insignum
1213 3213 1419 3289 honestatis
1441 3230 1478 3288 et
1500 3212 1676 3290 castitatis

252 3371 272 3418 a
292 3372 330 3421 se
345 3345 528 3449 promisse
546 3361 716 3450 tempore
737 3372 813 3450 quo
832 3343 880 3419 ad
900 3343 1044 3419 dictum
1065 3344 1238 3420 ordinem
1258 3359 1511 3425 assumuntur.

290 3475 365 3551 ’Λᾶ
384 3474 813 3552 lxxi-lxxxu'articulos
828 3472 1022 3560 inclusive,
1041 3472 1241 3577 diligenter
1260 3489 1299 3548 et
1312 3471 1499 3578 sigillatim
1516 3472 1676 3546 interro-

249 3622 370 3710 gatus,
401 3605 633 3711 respondens
654 3605 800 3710 negavit
817 3604 917 3707 ipsos
936 3602 1110 3678 articulos
1130 3618 1169 3676 et
1185 3599 1330 3704 singula
1350 3615 1524 3676 contenta
1545 3600 1584 3673 in
1602 3601 1671 3685 eis,

250 3752 404 3839 excepto
424 3762 469 3811 eo
483 3733 585 3839 quod
598 3731 791 3808 coufessus
812 3730 987 3835 estquod
1008 3757 1050 3805 ea
1067 3725 1142 3835 que
1158 3728 1256 3803 fiunt
1273 3728 1311 3802 in
1328 3726 1496 3832 capitulis
1511 3727 1598 3804 dicti
1613 3755 1674 3805 or·

251 3863 350 3940 dinis
365 3863 513 3970 Templi
534 3861 675 3939 debent
695 3877 834 3938 secreta
850 3876 976 3936 tenere
1000 3858 1056 3935 illi
1076 3858 1141 3965 qui
1164 3857 1217 3935 ibi
1241 3857 1492 3939 interfuerunt
1515 3876 1553 3934 et
1575 3857 1670 3934 nulli

249 3994 309 4071 alii
329 3994 510 4083 revelare,
533 3992 649 4071 eciam
666 3991 701 4068 si
727 3991 858 4069 fratres
877 3990 951 4069 sint
966 3989 1135 4097 ejusdem
1154 3988 1314 4076 ordinis,
1340 3988 1410 4065 nisi
1431 3985 1671 4065 interfuerint

249 4125 288 4201 in
305 4125 459 4203 eisdem.
1586 4197 1592 4207 ,

304 4258 400 4334 Item
417 4256 508 4332 dixit
522 4255 626 4362 quod
641 4255 772 4333 fratres
787 4252 956 4363 ejusdem
970 4252 1130 4343 ordinis,
1145 4268 1258 4358 prout
1274 4251 1419 4340 credit,
1428 4280 1505 4329 non
1518 4250 1671 4328 fireruut

248 4386 480 4495 negligentes
499 4387 683 4496 corrigere
704 4412 849 4463 errores
869 4386 916 4462 de
937 4385 1076 4493 quibus
1096 4384 1217 4490 agitur
1235 4384 1276 4459 in
1300 4381 1478 4471 articulis,
1502 4409 1572 4465 nec
1590 4379 1670 4458 fue-

245 4533 336 4592 runt
356 4515 505 4594 desides
521 4544 587 4593 eos
606 4515 769 4609 Ecclesia
790 4515 980 4592 nunciare.
1001 4516 1050 4591 Et
1074 4513 1146 4590 hoc
1164 4512 1251 4590 ideo
1272 4511 1364 4588 dixit
1378 4510 1483 4616 quod
1503 4509 1544 4583 in
1565 4507 1666 4585 dicto

247 4646 395 4737 ordine,
417 4674 487 4723 nec
506 4647 546 4722 in
565 4646 688 4753 aliqua
708 4646 790 4755 ejus
814 4662 935 4753 parte,
962 4674 1033 4722 nec
1051 4644 1151 4750 apud
1170 4643 1302 4720 fratres
1323 4640 1485 4745 aliquos,
1506 4637 1666 4745 predicti

248 4802 394 4856 errores
413 4778 570 4855 inicium
588 4777 715 4885 aliquo
733 4792 904 4885 tempore
924 4776 1151 4877 habuerunt,
1179 4792 1217 4852 et
1235 4774 1323 4853 ideo
1343 4798 1413 4848 nee
1437 4770 1569 4876 corrigi
1596 4797 1666 4846 nec
