4230 5956
453 482 527 553 sao
837 453 1033 545 rsocss
1058 473 1155 544 oss
1179 472 1479 544 rnurmnas

507 620 600 695 ltem
613 614 705 690 dixit
717 642 783 719 per
789 613 1045 719 juramentum
1054 639 1165 688 suum
1181 611 1299 718 quod,
1311 629 1396 717 post
1405 611 1659 718 juramentum
1668 613 1868 718 prestitum

452 747 499 825 ab
511 774 558 824 so
575 745 623 821 de
638 743 783 820 statutis
803 759 840 818 et
858 741 1010 819 secretis
1026 740 1167 818 ordinis
1185 740 1443 831 observandis,
1459 741 1642 848 recipiens
1656 741 1783 848 posuit
1799 741 1870 818 sibi

454 875 669 955 mantellum
690 873 738 950 ad
747 872 903 959 collum,
920 889 958 953 et
974 869 1158 948 osculatus
1177 871 1248 949 fuit
1267 872 1389 977 ipsum
1407 871 1445 948 in
1464 898 1546 960 ore,
1562 886 1599 947 et
1613 870 1797 959 similiter,
1821 871 1868 948 de

453 1005 625 1083 mandato
645 1002 877 1108 recipientis,
898 1001 1085 1079 osculatus
1105 1000 1178 1077 luit
1195 1001 1288 1080 alios
1306 1000 1448 1079 fratres.

385 1153 389 1160 '
509 1138 602 1211 ltem
626 1131 719 1208 dixit
740 1159 808 1237 per
822 1132 1078 1237 juramentum
1101 1130 1204 1235 quod
1229 1131 1412 1237 recipiens
1436 1129 1603 1209 ostendit
1628 1130 1699 1208 sibi
1723 1158 1870 1208 crucem

454 1292 540 1342 cum
565 1260 687 1367 effigie
710 1259 826 1338 Jbesu
852 1259 990 1338 Christi
1019 1259 1203 1365 depictam
1230 1260 1269 1336 in
1292 1259 1458 1367 quodam
1483 1258 1597 1347 libro,
1621 1276 1660 1337 et
1686 1260 1778 1337 dixit
1802 1259 1872 1337 sibi

453 1394 558 1501 quod
577 1392 773 1498 oportebat
791 1420 832 1469 ac
851 1391 923 1468 sibi
940 1390 1098 1497 injunxit
1114 1389 1154 1466 in
1172 1390 1303 1469 virtute
1319 1391 1540 1469 obediencie
1557 1389 1663 1496 quod
1677 1389 1874 1497 abnegaret

454 1550 602 1599 crucem
628 1522 667 1597 in
690 1549 765 1627 qua
788 1538 866 1597 erat
890 1519 1030 1626 effigies
1049 1519 1215 1625 predicta
1238 1538 1306 1609 ter,
1324 1537 1363 1598 et
1379 1537 1439 1596 ter
1457 1536 1607 1625 spueret
1629 1548 1740 1625 supra
1768 1546 1870 1608 eam;

454 1652 556 1756 quod
572 1650 660 1726 fecit
675 1676 755 1738 ore,
776 1649 864 1727 licet
882 1649 1035 1737 invitus,
1056 1665 1094 1725 et
1109 1676 1186 1725 non
1200 1649 1331 1735 corde,
1347 1667 1388 1726 et
1398 1649 1483 1755 plus
1495 1647 1673 1727 voluisset
1686 1666 1776 1725 tunc
1791 1676 1871 1724 csse

455 1783 572 1858 Rome
592 1807 705 1886 quam
725 1780 797 1856 hoc
815 1779 961 1868 fecisse,
984 1796 1022 1857 et
1040 1794 1167 1884 postea
1187 1779 1372 1885 recipiens
1391 1779 1479 1857 fecit
1495 1808 1535 1856 se
1556 1777 1713 1856 osculari
1726 1778 1773 1855 ab
1789 1779 1871 1881 ipso

455 1928 606 2016 recepto
624 1911 662 1986 in
678 1908 869 1986 umbilico.

509 2043 602 2117 ltem
621 2039 713 2116 dixit
731 2068 800 2144 per
811 2041 1068 2146 juramentum
1088 2067 1198 2116 suum
1217 2039 1322 2146 quod
1339 2039 1526 2143 recipiens
1545 2038 1703 2144 injunxit
1723 2038 1814 2125 sibi,
1834 2038 1871 2112 in

454 2171 587 2247 virtute
607 2168 843 2256 obediencie,
865 2169 969 2275 quod
988 2169 1191 2247 abstineret
1208 2197 1229 2246 a
1247 2167 1483 2256 mulieribus,
1502 2184 1538 2244 et
1557 2166 1662 2244 dedit
1675 2167 1747 2243 sibi
1762 2166 1872 2243 licen-

456 2301 549 2375 ciam
570 2299 721 2403 quodsi
747 2298 846 2376 calor
864 2299 1041 2376 naturalis
1063 2316 1229 2376 moveret
1253 2325 1359 2390 eum,
1386 2296 1491 2404 quod
1515 2298 1594 2402 ipse
1615 2294 1806 2373 accederet
1825 2297 1870 2372 ad

456 2429 585 2507 narres
599 2456 703 2517 suos,
720 2444 758 2504 et
773 2456 838 2505 eos
852 2427 1063 2507 admitteret
1078 2429 1125 2504 ad
1140 2445 1315 2505 mutuum
1324 2426 1584 2516 concubitum
1604 2426 1670 2503 sed
1679 2453 1869 2532 nunquam

361 2580 364 2587 '
456 2557 560 2646 fecit,
581 2576 623 2634 ut
639 2557 742 2634 dicit.

511 2691 602 2765 ltem
621 2687 712 2764 dixit
729 2688 833 2794 quod
855 2687 973 2764 credit
992 2690 1095 2793 quod
1115 2688 1176 2766 alii
1196 2686 1326 2765 fratres
1344 2687 1434 2764 dicti
1459 2688 1601 2763 ordinis
1621 2687 1734 2764 simili
1757 2686 1871 2764 modo

454 2818 693 2926 recipiantur,
712 2837 839 2896 tamen
857 2818 936 2924 ipse
962 2847 1036 2896 non
1057 2817 1127 2896 luit
1144 2819 1184 2895 in
1201 2817 1423 2924 'recepcione
1441 2818 1611 2925 alicujus.

510 2949 602 3024 ltem
623 2948 730 3036 dixit,
753 2975 819 3052 per
833 2948 1086 3054 juramentum
1107 2975 1216 3024 suum
1237 2947 1283 3025 ab
1303 2975 1349 3025 eo
1371 2975 1486 3053 super
1498 2948 1571 3023 hoc
1584 2947 1723 3022 iterum
1738 2946 1872 3050 presti-

453 3094 554 3165 tum,
575 3078 679 3181 quod
700 3078 751 3164 vi,
771 3077 831 3153 vel
849 3096 953 3155 metu
973 3079 1128 3155 carceris
1150 3096 1214 3156 aut
1232 3079 1428 3168 tormenti,
1451 3107 1519 3155 seu
1552 3076 1623 3153 alia
1637 3104 1763 3163 causa,
1795 3104 1870 3152 non

455 3202 554 3281 dixit
573 3203 677 3280 aliud
699 3232 811 3309 quam
831 3206 1041 3293 veritatem,
1071 3233 1142 3282 nec
1166 3206 1356 3312 premissis
1376 3206 1576 3284 immiscuit
1596 3205 1758 3312 aliquam
1774 3203 1873 3281 falsi-

453 3347 582 3419 tatem,
605 3350 643 3407 et
661 3333 766 3436 quod
780 3361 912 3437 puram
931 3335 1123 3410 veritatem
1140 3335 1231 3412 dixit
1245 3323 1313 3440 pro
1334 3337 1450 3413 salute
1468 3337 1591 3413 anime
1604 3364 1682 3413 sue.

509 3595 602 3669 ltcm
622 3591 733 3668 irater
748 3592 833 3670 Odo
853 3593 899 3669 de
916 3593 1074 3670 Wirmis
1095 3595 1323 3672 Belvacensis
1339 3596 1514 3685 diocesis,
1535 3597 1709 3703 magister
1724 3624 1873 3702 carpen-

453 3724 568 3801 tarius
581 3725 619 3800 in
629 3723 898 3829 domoTempli
908 3725 1129 3812 Parisiensis,
1145 3727 1400 3833 sexagenarius
1413 3728 1471 3803 vel
1485 3729 1595 3817 circa,
1607 3727 1741 3803 eodem
1756 3725 1870 3802 modo

454 3855 690 3944 constitutus,
707 3855 852 3960 juratus
875 3871 914 3930 et
932 3855 1193 3961 interrogatus,
1216 3857 1309 3933 dixit
1332 3885 1399 3962 per
1417 3860 1672 3965 juramentum
1695 3884 1805 3934 suum
1825 3855 1871 3932 ab

454 4009 500 4059 eo
515 4011 627 4089 super
641 3983 714 4060 hoc
732 3984 946 4090 prestitum,
965 3985 1071 4091 quod
1084 3984 1181 4061 bene
1198 4005 1283 4063 sunt
1291 4014 1349 4067 xrr
1362 3990 1447 4064 anni
1462 3989 1518 4086 vel
1529 3990 1624 4065 circs
1635 3988 1746 4094 elapsi
1759 4015 1870 4094 quam

453 4109 522 4189 suit
545 4131 717 4219 receptus
735 4115 776 4190 in
793 4116 907 4192 domo
926 4116 1138 4205 Parisiensi,
1160 4144 1228 4221 per
1257 4115 1406 4194 fratrem
1432 4119 1640 4197 lobannem
1671 4118 1717 4194 de
1742 4120 1871 4193 Turno

355 4315 360 4326 ,
453 4258 544 4319 tunc
574 4246 753 4349 temporis
781 4244 1053 4324 thesaurarium
1072 4247 1219 4353 Templi
1247 4248 1475 4337 Parisiensis,
1507 4249 1741 4355 presentibus
1761 4248 1872 4324 fratre

454 4372 627 4451 Guidonc
643 4393 859 4481 preceptore
876 4378 1116 4466 Camotense,
1131 4378 1241 4456 fratre
1257 4381 1366 4458 Petro
1385 4399 1601 4487 preceptore
1621 4382 1757 4458 domus
1775 4379 1874 4455 Pari—

454 4505 601 4592 siensis,
621 4522 658 4582 et
677 4504 758 4582 aliis
775 4506 821 4582 de
836 4534 999 4611 quorum
1015 4510 1231 4587 nominibus
1251 4538 1327 4587 non
1345 4511 1486 4588 recolit.

508 4637 602 4715 Item
626 4635 718 4711 dixit
740 4663 808 4740 per
826 4637 1081 4741 juramentum
1101 4667 1210 4716 suum
1230 4642 1332 4746 quod
1349 4669 1395 4719 eo
1408 4657 1576 4746 recepto,
1594 4641 1805 4746 juramento
1825 4635 1871 4710 ab

453 4761 535 4865 ipso
558 4765 711 4868 prestito
737 4765 784 4840 de
809 4765 956 4842 statutis
980 4783 1018 4843 et
1031 4769 1184 4846 secretis
1202 4770 1344 4848 ordinis
1366 4770 1621 4858 observandis,
1638 4782 1801 4873 aportata
1818 4763 1869 4839 ibi
