4230 5956
456 448 530 519 sss
841 430 1044 522 raocrts
1069 446 1167 520 nus
1193 444 1492 518 retrectans

509 589 760 694 Interrogatus
786 614 853 693 per
867 589 1121 695 juramentum
1141 614 1252 663 suum
1278 603 1406 663 utrum
1425 585 1479 671 vi,
1508 581 1564 660 vel
1585 599 1690 659 metu
1711 601 1878 661 tormen-

454 717 660 813 torumyel
680 718 851 806 carceris,
873 734 936 794 aut
956 717 1027 795 alia
1046 744 1283 824 quacumque
1301 715 1348 792 de
1361 742 1485 803 causa,
1500 712 1661 820 aliquam
1678 712 1875 791 falsitatem

456 846 720 933 immiscuerit,
739 863 803 925 aut
811 848 1003 925 veritatem
1016 848 1176 925 tacuerit
1188 846 1227 923 in
1242 873 1308 923 sua
1326 844 1581 951 deposicione,
1592 842 1683 919 dixit
1695 871 1761 948 per
1770 844 1875 951 jura-

455 992 625 1053 mentum
645 1006 756 1054 suum
775 977 879 1083 quod
900 1005 993 1067 non3
1016 978 1132 1055 immo
1150 1006 1219 1083 pro
1240 976 1359 1054 salute
1373 976 1495 1052 anime
1509 1002 1575 1052 sue
1590 1002 1721 1080 puram
1736 974 1875 1051 dixerat.

451 1122 654 1182 ueritatem.

514 1367 605 1443 ltem
628 1367 834 1444 Richardus
854 1368 900 1444 de
918 1369 1092 1473 Caprosia
1121 1367 1264 1445 ordinis
1283 1366 1600 1473 Templariorum,
1621 1364 1725 1443 testis
1739 1365 1873 1441 eodem

454 1497 569 1574 modo
585 1498 733 1603 juratus
749 1515 786 1575 et
804 1498 1053 1603 interrogatus
1073 1499 1119 1575 de
1138 1499 1254 1575 modo
1274 1526 1340 1575 sue
1359 1496 1604 1601 recepcionis,
1625 1495 1718 1572 dixit
1736 1523 1804 1601 per
1816 1498 1874 1602 ju-

452 1645 664 1705 ramentum
683 1657 794 1706 suum
820 1629 924 1736 quod
947 1646 1118 1735 receptus
1140 1629 1209 1707 fuit
1231 1628 1393 1706 Parisius
1414 1655 1481 1732 per
1499 1625 1649 1704 fratrem
1673 1629 1869 1733 Hugonem

453 1756 500 1835 de
521 1758 707 1848 Paraudo,
730 1760 964 1866 presentibus
978 1760 1102 1866 priore
1122 1759 1232 1837 fratre
1252 1761 1399 1836 Renero
1420 1757 1466 1835 ds
1485 1756 1671 1834 Larchent
1690 1774 1727 1833 et
1745 1784 1872 1861 prece-

450 1902 558 1991 ptore
584 1888 682 1967 dicte
705 1890 858 1980 domus,
880 1908 918 1968 et
933 1889 1156 1997 quibusdam
1176 1890 1258 1966 aliis
1276 1888 1453 1966 fratribus
1481 1886 1569 1964 dicti
1594 1885 1749 1966 ordinis.
1771 1887 1871 1965 Dixit

452 2016 566 2094 eciam
586 2048 655 2124 per
668 2020 924 2125 juramentum
944 2049 1053 2099 suum
1074 2020 1196 2126 quod,
1219 2047 1265 2096 eo
1281 2034 1432 2123 recepto
1453 2034 1489 2093 et
1508 2014 1687 2093 mantello
1707 2015 1778 2093 sibi
1798 2035 1871 2092 tra-

451 2146 548 2236 dito,
570 2176 613 2224 ac
626 2150 841 2255 juramento
860 2153 1016 2256 prestito
1037 2150 1141 2258 quod
1160 2165 1320 2227 servaret
1340 2162 1474 2224 statuta
1492 2163 1529 2223 et
1547 2163 1688 2224 secreta
1707 2146 1797 2224 dicti
1811 2175 1870 2224 or-

450 2275 561 2363 dinis,
584 2278 741 2381 predicti
763 2280 1011 2356 ostenderunt
1030 2280 1101 2358 sibi
1123 2308 1272 2358 crucem
1298 2296 1335 2354 et
1357 2277 1567 2385 ymaginem
1590 2277 1706 2354 Jhesu
1731 2275 1868 2355 Christi

448 2402 487 2478 in
506 2404 672 2509 quodam
692 2406 846 2494 missali,
879 2424 916 2483 et
940 2426 1187 2513 preceperunt
1212 2409 1245 2483 ei
1273 2406 1377 2513 quod
1396 2406 1594 2513 abnegaret
1616 2407 1739 2485 Deum
1764 2408 1867 2512 cujus

447 2533 658 2640 ymaginem
670 2534 836 2624 videbat,
848 2553 887 2613 et
904 2537 1007 2642 quod
1028 2554 1086 2614 ter
1105 2555 1254 2643 spueret
1272 2566 1383 2643 supra
1396 2565 1543 2615 crucem
1563 2569 1571 2614 :
1588 2564 1663 2643 que
1678 2535 1765 2613 iecit
1784 2563 1864 2623 ore,

447 2662 609 2741 sednon
629 2665 758 2753 corde,
776 2665 871 2742 sicut
892 2665 994 2743 dixit.

502 2795 753 2902 Interrogatus
769 2795 816 2873 de
838 2797 981 2886 osculo,
1004 2797 1097 2875 dixit
1112 2826 1180 2903 per
1194 2799 1448 2905 juramentum
1465 2825 1576 2874 suum
1596 2798 1702 2903 quod
1721 2797 1866 2875 oscula-

445 2939 506 3001 tus
524 2922 597 3002 fuit
616 2925 858 3032 recipientem
878 2926 916 3002 in
936 2955 1019 3016 ore,
1047 2945 1084 3005 et
1103 2956 1181 3005 non
1200 2928 1301 3006 alibi.

501 3054 750 3162 Interrogatus
759 3074 885 3133 utrum
895 3059 946 3146 vi,
959 3059 1015 3135 vel
1026 3075 1128 3136 metu
1144 3075 1420 3137 tormentorum
1433 3075 1498 3135 aut
1513 3057 1684 3144 carceris,
1701 3058 1863 3164 aliquam

445 3180 640 3260 falsitatem
669 3186 930 3277 immiscuerit,
955 3208 1021 3267 aut
1050 3191 1243 3267 veritatem
1262 3191 1422 3268 tacuerit
1450 3190 1490 3266 in
1517 3217 1582 3267 sua
1606 3188 1860 3296 depositione,

446 3312 536 3389 dixit
553 3342 622 3420 per
635 3317 891 3423 juramentum
911 3347 1021 3397 suurn
1047 3321 1149 3425 quod
1172 3349 1264 3411 non3
1290 3321 1407 3398 immo
1426 3347 1496 3426 pro
1516 3319 1634 3396 sainte
1655 3320 1778 3397 anime
1798 3349 1861 3397 sue

445 3470 576 3549 puram
598 3444 739 3522 dixerat
757 3448 960 3525 veritatem.

499 3706 592 3783 ltem
613 3707 726 3783 frater
753 3708 983 3787 Gancherius
1003 3712 1050 3788 de
1070 3712 1296 3789 Lienticuria
1312 3729 1507 3819 preceptor
1526 3712 1733 3797 Remensis,
1755 3713 1860 3786 etatis

442 3834 713 3942 quinquaginta
737 3867 936 3928 annorum,
969 3859 1011 3919 ut
1037 3842 1197 3932 dicebat,
1228 3843 1331 3919 testis
1359 3843 1494 3921 eodem
1522 3841 1633 3919 modo
1652 3842 1797 3947 juratus
1823 3858 1858 3916 et

441 3963 686 4073 interrogatus
702 3970 748 4046 de
761 3988 929 4076 tempore
952 3990 989 4050 et
1002 3974 1117 4052 modo
1137 4003 1204 4052 sue
1223 3974 1467 4081 recepcionis,
1487 3973 1578 4050 dixit
1593 3999 1660 4078 per
1674 3975 1859 4078 juramen-

441 4108 521 4171 tum
541 4124 651 4173 suum
671 4100 774 4204 quod
799 4121 970 4209 receptus
989 4103 1061 4182 fuit
1079 4105 1256 4194 Parisius,
1279 4104 1429 4213 triginta
1450 4121 1609 4211 quatuor
1630 4102 1688 4179 vel
1712 4103 1858 4209 triginta

442 4223 610 4332 quinque
627 4230 714 4304 anni
730 4249 817 4308 sunt
832 4233 943 4341 elapsi
956 4235 1014 4312 vel
1028 4236 1139 4322 circa,
1156 4264 1223 4342 per
1242 4233 1394 4312 fratrem
1409 4234 1635 4311 Amalricum
1657 4233 1704 4309 de
1727 4236 1856 4338 Ruppe

443 4370 530 4433 tunc
538 4376 795 4464 preceptorem
807 4365 974 4443 Francie.
988 4366 1090 4443 Dixit
1110 4366 1225 4443 eciam
1245 4366 1347 4444 idem
1362 4382 1534 4473 receptus
1553 4364 1675 4471 quod,
1698 4365 1779 4468 ipso
1800 4391 1858 4439 re·

440 4503 548 4590 cepto
560 4506 597 4566 et
607 4492 784 4569 mantello
804 4493 873 4571 sibi
889 4496 1044 4583 tradito,
1060 4515 1098 4574 et
1106 4498 1320 4604 juramento
1336 4496 1382 4573 ab
1400 4525 1446 4574 co
1459 4495 1615 4603 prestito
1628 4497 1727 4570 inter
1737 4510 1857 4572 cetera

439 4617 542 4718 quod
556 4619 766 4700 observaret
781 4640 915 4702 statuta
930 4644 967 4701 et
983 4645 1123 4704 secreta
1138 4629 1253 4732 ipsius
1265 4627 1423 4717 ordinis,
1441 4627 1517 4705 duo
1532 4625 1678 4715 fratres,
1697 4626 1744 4702 de
1761 4649 1855 4729 quo-

438 4771 522 4820 rum
538 4751 749 4829 nominibus
769 4781 843 4830 non
863 4755 1010 4844 recolit,
1032 4756 1097 4861 qui
1117 4774 1203 4833 sunt
1223 4758 1378 4845 mortui,
1396 4758 1583 4834 duxerunt
1600 4783 1687 4833 eum
1707 4751 1753 4827 ad
1772 4776 1854 4853 par-
