4230 5956
450 471 519 542 tro
586 475 593 490 ·
831 447 1025 543 esoces
1051 467 1148 540 ons
1174 467 1474 540 annectens.

445 637 510 688 eos
535 607 701 686 cordulis
731 607 833 685 unde
861 610 1039 688 volebant
1068 608 1280 714 assumptis.
1315 609 1448 688 Postea
1473 607 1641 715 precepit
1673 608 1728 686 eis
1754 609 1860 715 quod

444 740 672 848 abnegarent
707 738 830 815 Deum
860 739 919 817 vel
950 740 1107 816 lhesum
1140 737 1354 827 Christum,
1385 737 1454 816 sed
1486 764 1563 814 non
1588 735 1701 843 plene
1728 737 1862 816 recolit

443 869 547 978 quod
568 897 700 945 eorum
721 869 916 973 expressit,
940 885 977 946 et
997 897 1085 946 cum
1105 869 1184 974 ipse
1203 869 1327 955 testis,
1350 867 1416 973 qui
1435 884 1514 945 erat
1532 866 1729 973 presbiter,
1748 897 1862 976 super

444 999 516 1076 hoc
541 1014 766 1086 causaretur,
796 996 889 1074 dixit
914 997 948 1074 ei
975 998 1079 1103 quod
1106 999 1178 1074 hoc
1206 997 1405 1103 oportebat
1431 1026 1519 1075 eum
1550 995 1690 1088 lacere,
1713 1026 1756 1074 ex
1784 1027 1861 1106 quo

443 1128 666 1234 promiserat
699 1126 876 1216 obedire,
910 1145 948 1204 et
977 1144 1056 1204 erat
1086 1126 1276 1232 professus
1305 1144 1343 1203 et
1367 1127 1556 1235 juraverat
1584 1127 1758 1205 ordinem
1785 1156 1862 1206 non

444 1259 555 1335 exire.
576 1259 624 1334 Et
645 1274 736 1334 tunc
762 1258 841 1363 ipse
865 1259 989 1345 testis,
1014 1256 1065 1333 ita
1097 1256 1248 1343 dolens,
1274 1273 1317 1333 ut
1342 1256 1452 1348 dixit,
1473 1284 1590 1364 quam
1607 1274 1701 1335 tunc
1728 1259 1865 1337 voluis·

443 1403 500 1463 set
523 1403 632 1462 natus
662 1412 738 1463 non
778 1385 910 1474 fuisse,
941 1385 1137 1493 abnegavit
1167 1374 1296 1462 Deum*
1320 1384 1377 1462 vel
1404 1387 1560 1464 lhesum
1579 1386 1771 1465 Christum
1797 1417 1862 1466 ore

445 1542 522 1593 non
542 1514 672 1601 corde,
690 1531 728 1591 et
747 1514 870 1591 dictus
894 1514 1083 1591 lohannes
1102 1532 1189 1619 post
1213 1543 1314 1591 eum.
1340 1514 1489 1593 Deinde
1503 1517 1670 1623 precepit
1686 1518 1739 1594 eis
1754 1518 1861 1623 quod

445 1661 625 1751 spuerent
643 1672 756 1750 super
781 1645 984 1750 quamdam
1008 1672 1158 1721 crucem
1180 1644 1360 1750 ligneam,
1382 1645 1422 1721 in
1442 1674 1518 1752 qua
1536 1675 1614 1725 non
1636 1663 1714 1723 erat
1727 1675 1861 1755 ymago

445 1774 643 1864 Crucifixi,
660 1774 700 1850 in
712 1791 810 1850 terra
828 1774 1005 1878 positam,
1024 1790 1063 1851 et
1076 1773 1182 1879 qtrod
1199 1801 1282 1850 eam
1303 1773 1600 1866 conculcaretur3
1616 1792 1656 1852 et
1667 1775 1745 1881 ipse
1754 1778 1861 1853 testis

445 1906 585 2013 primo,
613 1934 700 1983 cum
731 1931 866 2012 magno
901 1901 1032 1980 dolore
1060 1902 1203 1989 cordis,
1229 1920 1268 1980 et
1295 1903 1419 1982 dictus
1436 1906 1626 1984 lohannes
1645 1923 1729 2012 post
1753 1933 1859 1997 eum,

446 2053 628 2143 spuerunt
651 2063 728 2113 non
759 2061 870 2137 supra
891 2033 958 2110 sed
973 2032 1080 2139 juxta
1109 2032 1246 2109 dictem
1267 2061 1436 2122 crucem,
1464 2034 1533 2112 sed
1559 2063 1637 2113 non
1666 2036 1861 2113 conculca-

447 2181 580 2242 verunt
604 2192 698 2241 eam.
721 2162 802 2240 Alia
823 2159 951 2237 illicite
976 2188 1052 2238 non
1074 2160 1361 2239 intervenerunt·
1379 2163 1418 2239 in
1451 2163 1561 2242 dictis
1579 2164 1861 2271 recepcionibus

447 2318 580 2369 eorum
601 2318 670 2367 nec
689 2297 792 2395 post,
810 2306 849 2365 et
870 2289 991 2365 credit
1007 2291 1111 2394 quod
1127 2291 1258 2369 eadem
1274 2290 1405 2369 illicita
1420 2308 1459 2369 et
1476 2292 1578 2369 licita
1592 2293 1858 2370 intervenirent

448 2420 699 2497 communiter
729 2436 768 2496 et
797 2419 941 2525 ubique
975 2418 1015 2494 in
1049 2419 1335 2526 recepcionibus
1360 2420 1522 2499 eliorum
1546 2422 1605 2500 vel
1633 2440 1727 2530 post.
1758 2421 1860 2498 Dixit

447 2550 742 2656 iusuperquod,
767 2565 853 2655 post
875 2547 1165 2655 abnegacionem
1190 2567 1229 2628 et
1251 2550 1485 2656 spuicionem
1510 2551 1714 2657 predictas,
1737 2552 1858 2629 dictus

446 2696 617 2787 receptpr
644 2679 751 2756 duxit
768 2680 979 2786 predictum
1003 2680 1213 2757 lohannem
1239 2680 1286 2757 de
1310 2680 1418 2758 Buris
1437 2680 1486 2758 ad
1508 2682 1709 2788 quamdam
1738 2709 1861 2759 came-

446 2837 545 2898 ram,
572 2827 616 2888 ut
640 2810 817 2887 indueret
831 2827 951 2888 vestes
976 2809 1187 2917 religionis,
1215 2809 1283 2887 sed
1308 2837 1387 2887 non
1407 2810 1527 2887 credit
1554 2811 1660 2915 quod
1680 2809 1752 2887 alia
1785 2809 1861 2886 illi·

447 2941 518 3017 citn
539 2941 820 3018 intervenirent.
843 2941 955 3032 Item,
983 2940 1075 3017 dixit
1101 2941 1208 3046 qnod
1235 2939 1275 3016 in
1296 2939 1431 3018 ordine
1460 2939 1619 3017 existens
1648 2937 1861 3019 celebrabat

450 3069 660 3146 secundum
688 3066 848 3145 formam
882 3069 1065 3160 Ecclesie,
1101 3098 1170 3147 nec
1201 3051 1431 3147 contrarium
1458 3067 1530 3146 luit
1559 3068 1595 3146 ei
1621 3084 1858 3174 preceptum,

447 3225 517 3276 nec
535 3198 675 3275 audivit
696 3198 800 3304 quod
825 3200 1080 3304 preciperetur
1099 3198 1195 3288 aliis,
1211 3227 1283 3276 nec
1298 3197 1405 3306 quod
1419 3197 1551 3276 lratres
1574 3197 1718 3277 ordinis
1737 3213 1861 3274 essent

449 3327 637 3404 increduli
648 3327 901 3405 ecclesiasticis
916 3329 1164 3406 sacramentis.
1183 3328 1423 3408 Clandestine
1437 3326 1726 3434 recipiebantur,
1745 3326 1861 3404 nullis

449 3457 687 3563 presentibus
715 3458 786 3534 nisi
810 3457 988 3536 fratribus
1014 3458 1174 3546 ordinis,
1195 3486 1238 3535 ex
1262 3485 1341 3565 quo
1361 3457 1481 3533 credit
1507 3457 1612 3563 quod
1632 3473 1729 3534 esset
1749 3456 1863 3560 suspi-

450 3586 508 3665 cio
528 3604 655 3664 contra
678 3616 754 3665 eos.
777 3587 908 3666 Credit
930 3587 1034 3694 quod
1060 3588 1196 3665 carceri
1217 3585 1416 3692 mancipati
1435 3584 1595 3664 luissent
1611 3587 1677 3693 qui
1699 3585 1862 3692 predicta

449 3715 579 3794 illicita
592 3717 712 3794 lacere
733 3718 956 3806 noluissent,
973 3718 1032 3795 vel
1052 3746 1094 3795 ea
1111 3735 1175 3795 aut
1186 3732 1325 3793 secreta
1343 3715 1608 3820 capituliorum
1625 3713 1860 3793 revelassent.

447 3845 650 3924 Dicebatur
673 3846 727 3925 eis
745 3846 849 3953 quod
874 3847 1084 3924 sacerdotes
1105 3846 1249 3923 ordinis
1269 3844 1474 3935 habebant,
1497 3873 1541 3922 ex
1559 3844 1760 3951 privilegiis
1778 3871 1861 3947 apo·

449 3975 603 4068 stolicis,
633 3976 748 4054 talem
775 3992 998 4082 potestatem
1033 4004 1146 4081 super
1177 3975 1308 4053 fratres
1332 3975 1477 4052 ordinis
1504 3974 1653 4081 qualem
1680 3973 1794 4050 abbas
1822 3974 1861 4048 in

449 4107 652 4183 monachos
670 4135 774 4198 suos,
804 4123 842 4183 et
864 4106 971 4197 ideo,
1001 4105 1183 4212 quamdiu
1212 4104 1331 4181 dictos
1355 4104 1566 4181 sacerdotes
1591 4100 1730 4180 habere
1755 4120 1863 4209 pote·

449 4248 546 4325 rant,
573 4261 650 4311 non
681 4234 870 4314 debebant
893 4236 1033 4341 absque
1066 4263 1198 4312 eornm
1221 4233 1377 4311 licencia
1400 4232 1482 4309 aliis
1506 4231 1690 4311 confiteri.
1715 4233 1864 4308 Fratres

450 4364 610 4442 scientes
635 4362 733 4441 dicta
764 4364 894 4442 illicita
922 4364 1125 4441 confessata
1149 4393 1217 4469 per
1238 4391 1348 4450 eum,
1375 4390 1450 4468 que
1474 4379 1580 4438 erant
1606 4361 1660 4438 eis
1683 4378 1791 4451 nota,
1822 4377 1864 4437 ut

450 4492 586 4582 credit,
603 4492 759 4570 fuerunt
778 4492 1027 4599 negligentes,
1048 4493 1136 4598 quia
1157 4520 1236 4569 non
1260 4508 1501 4576 correxerunt
1519 4518 1562 4566 ea
1577 4517 1648 4567 nec
1667 4489 1863 4566 denuncia-

453 4637 585 4698 verunt
604 4619 779 4696 Ecclesie.
804 4621 848 4697 ln
864 4619 1040 4696 domibus
1062 4621 1203 4698 ordinis
1219 4622 1257 4697 in
1277 4621 1415 4726 quibus
1432 4618 1570 4696 exstitit
1588 4631 1859 4706 commoratus,

453 4747 546 4822 vidit
567 4748 789 4825 elemosinas
817 4764 854 4824 et
876 4747 1165 4850 hospitalitatem
1191 4749 1453 4827 convenienter
1479 4747 1562 4824 lieri
1587 4764 1626 4824 et
1650 4745 1799 4829 servari,
1824 4761 1863 4820 et
