4230 5956
442 453 514 522 270
826 430 1024 523 ruccas
1054 450 1150 522 nas
1180 449 1479 525 renarrans.

437 590 648 667 macionem
676 589 842 694 recipere
876 588 1105 695 pleniorem,
1140 588 1338 694 dictusque
1366 589 1541 673 dominus
1567 591 1782 698 Bajocensis
1807 595 1857 674 de

436 722 602 798 Romana
623 719 725 796 curia
748 719 938 810 rediisset,
962 736 1001 795 et
1025 735 1123 796 esset
1143 747 1229 796 cum
1251 719 1407 797 domino
1426 747 1512 828 rege
1535 722 1691 800 Francia
1717 722 1854 802 illustri

437 853 537 958 apud
565 851 828 940 Pontissaram,
861 849 928 926 uhi
958 848 1233 954 parlamentum
1257 849 1403 954 regium
1432 848 1641 945 tenebatur,
1666 880 1740 930 una
1767 882 1854 932 cum

395 987 402 998 ’
438 981 644 1061 reverendo
676 997 780 1086 patre
807 980 965 1056 domino
999 979 1045 1056 G.
1073 978 1144 1055 Dei
1170 979 1293 1085 gracia
1311 980 1592 1085 archiepiscopo
1606 982 1852 1074 Narbonensi,

440 1112 578 1217 collega
594 1138 739 1198 eorum,
757 1128 794 1186 et
806 1111 895 1187 dieti
910 1110 1051 1186 domini
1068 1109 1364 1216 archiepiscopus
1381 1128 1418 1186 et
1432 1111 1627 1217 episeopus
1644 1112 1855 1219 Bajocensis

440 1271 517 1319 non
552 1258 704 1346 possent
737 1241 1001 1317 convenienter
1029 1239 1306 1346 parlamentum
1334 1240 1481 1346 regium
1512 1239 1704 1319 dimittere
1735 1272 1857 1349 supra·

441 1371 605 1462 dictum,
622 1388 660 1447 et
679 1400 746 1476 pro
769 1370 960 1475 premissis
988 1368 1183 1473 explendis
1202 1370 1364 1446 Parisius
1383 1369 1578 1461 accedere,
1608 1369 1674 1448 uhi
1700 1372 1856 1477 inquisi-

441 1500 558 1576 cionis
584 1500 800 1605 hujusmodi
827 1527 1021 1605 processus
1054 1498 1193 1576 luerat·
1206 1499 1377 1577 incoatus
1406 1516 1444 1575 et
1470 1499 1588 1577 eciam
1610 1517 1851 1604 prosecutus,

440 1628 570 1735 prelati
607 1629 750 1705 domini
781 1629 942 1734 episcopi
977 1627 1250 1704 Lemovicensis
1280 1644 1319 1703 et
1338 1627 1584 1717 Mimatensis,
1614 1628 1785 1723 Matheus
1804 1631 1852 1709 de

440 1758 592 1864 Neapoli
614 1775 651 1833 et
677 1758 962 1836 archidiaconus
981 1756 1245 1846 Tridentinus,
1277 1758 1326 1832 ad
1350 1783 1481 1862 preces
1503 1757 1851 1863 etrequisicionem

441 1888 597 1992 predicti
628 1887 772 1965 domini
793 1889 904 1994 regis,
924 1887 971 1963 ad
992 1887 1097 1993 cujus
1112 1885 1228 1963 eciam
1252 1886 1554 1976 instanciam-at
1570 1885 1758 1977 dicebant,
1780 1889 1853 1967 dis-

440 2018 604 2096 tulerant
635 2018 751 2094 finem
787 2019 982 2123 imponere
1010 2018 1049 2092 in
1083 2016 1278 2122 predictis,
1312 2043 1508 2123 quousque
1539 2017 1642 2095 idem
1676 2017 1853 2099 dommus

440 2149 650 2255 Bajocensis
675 2148 789 2224 etalii
815 2146 971 2252 predicti
994 2146 1138 2223 domini
1154 2146 1252 2252 regii
1273 2145 1402 2226 nuncii
1429 2145 1477 2223 de
1496 2148 1780 2227 Romanacuria
1798 2178 1854 2226 re·

442 2277 612 2367 diissent,
635 2276 877 2352 contulerunt
903 2305 941 2352 se
961 2275 1207 2381 personaliter
1227 2275 1289 2353 die
1313 2275 1456 2353 sabbati
1481 2291 1567 2381 post
1590 2275 1850 2364 Pentecosten,

441 2433 515 2510 que
542 2405 612 2482 luit
642 2406 772 2511 quinta
802 2406 882 2482 dies
911 2406 1051 2481 mensis
1078 2406 1197 2496 lunii,
1220 2404 1281 2482 ad
1316 2404 1523 2486 abbaciam..
1539 2405 1703 2513 regalem
1735 2432 1851 2512 prope

442 2536 706 2626 Pontissaram,
734 2537 782 2612 ad
808 2535 1077 2613 conferendum
1097 2536 1144 2612 de
1161 2535 1337 2641 predictis
1362 2564 1449 2613 cum
1477 2534 1644 2615 dominis
1658 2515 1775 2643 rege,
1796 2563 1853 2612 ar·

358 2663 365 2676 ’
441 2667 680 2773 chiepiscopo
710 2682 748 2743 et
780 2667 955 2772 episcopo
983 2666 1222 2771 supradictis,
1261 2666 1305 2742 in
1328 2665 1412 2743 loco
1439 2664 1683 2743 existentibus
1709 2692 1853 2743 memo·

441 2813 540 2885 rato;
558 2816 595 2874 et
615 2797 740 2874 habita
757 2795 858 2873 inter
877 2824 916 2872 se
935 2794 1139 2873 collacione
1159 2811 1197 2872 et
1215 2793 1499 2873 deliberacione·
1513 2794 1701 2902 diligenti,
1722 2793 1853 2899 prelati

443 2928 587 3006 domini
620 2928 917 3032 archiepiscopus
943 2943 981 3004 et
1007 2927 1187 3032 episcopi,
1212 2926 1385 3003 Matheus
1403 2925 1452 3002 de
1480 2922 1633 3029 Neapoli
1666 2940 1704 3000 et
1733 2925 1853 3002 arehi-

442 3047 620 3133 diaconus
647 3057 891 3133 Tridentinus
919 3056 1153 3133 considerato
1182 3055 1301 3159 quod,
1333 3054 1687 3160 per.attestaoiones
1714 3053 1853 3131 ducen-

345 3284 350 3299 .
440 3202 566 3261 torum
594 3186 743 3289 triginta
769 3202 807 3260 et
825 3186 937 3261 unius
961 3185 1131 3272 testium,
1148 3210 1215 3288 per
1229 3212 1396 3290 quoram
1423 3183 1569 3289 aliquos
1595 3181 1853 3287 deponebatur

441 3313 488 3389 de
515 3314 797 3419 reeepcionihus
821 3314 925 3390 lactis
944 3314 1040 3389 ultra
1058 3342 1159 3389 mare
1180 3315 1219 3390 in
1236 3314 1402 3420 presenti
1422 3313 1685 3419 inquisicione‚
1708 3331 1746 3390 et
1764 3313 1854 3391 alio·

440 3471 522 3519 rum
549 3445 587 3518 ia
616 3444 768 3520 diversis
790 3442 921 3519 mundi
943 3443 1110 3548 partibus
1138 3445 1454 3534 examinatorum,
1476 3461 1604 3525 cantra
1622 3443 1794 3520 ordinem
1816 3460 1853 3518 et

440 3600 509 3678 pro
528 3575 626 3679 ipso,
652 3602 832 3650 unacum
853 3572 1085 3680 septuaginta
1110 3575 1259 3650 duobus
1287 3572 1503 3650 examinatis
1526 3601 1594 3678 per
1613 3572 1755 3673 dictum
1783 3573 1852 3649 do·

441 3704 592 3782 minum
614 3706 773 3810 Pappam
804 3721 841 3780 et
870 3704 1014 3808 aliquos
1045 3704 1218 3781 dominos
1239 3702 1509 3780 cardinalesin
1539 3731 1655 3810 regno
1674 3703 1849 3791 Francia,

441 3850 612 3936 poterant
633 3833 786 3939 reperiri
819 3862 862 3910 ea
888 3862 962 3938 que
983 3834 1236 3938 reperirentur
1264 3832 1496 3937 perplures,
1528 3833 1558 3908 si
1587 3832 1708 3909 adhue
1733 3830 1852 3907 admi·

440 3963 685 4040 nistrarentur
712 3964 875 4041 dominis
906 3965 1167 4041 commissoriis
1195 3963 1392 4041 antedictis
1411 3979 1450 4041 et
1472 3962 1769 4043 examinarentur
1786 3988 1853 4065 per

442 4118 524 4177 eosr
546 4095 786 4171 actendentes
812 4096 966 4200 insuper
983 4095 1088 4200 quod
1108 4094 1235 4201 plures
1255 4109 1367 4170 testes
1389 4110 1481 4172 tunc
1502 4119 1580 4168 non
1598 4089 1852 4168 offerebantur

442 4220 511 4307 eis,
531 4249 598 4325 per
617 4252 710 4327 quos
730 4242 881 4328 possent
900 4224 1092 4302 informari
1113 4225 1159 4301 de
1180 4221 1466 4329 recepeionihus
1486 4221 1590 4298 lactis
1609 4219 1708 4297 ultra
1731 4248 1850 4307 mare,

442 4352 675 4455 etquodper
695 4356 941 4432 reverendum
967 4357 1005 4431 in
1031 4355 1180 4432 Christo
1206 4371 1348 4459 patrem
1369 4352 1567 4430 dominum
1593 4349 1850 4454 Stephanum,

441 4479 511 4555 Dei
530 4482 650 4587 gracia
671 4483 769 4558 tituli
797 4483 922 4559 Sancti
947 4484 1079 4561 Ciriaci
1105 4484 1144 4559 in
1164 4484 1312 4560 Termis
1336 4481 1586 4588 presbiterum
1606 4479 1847 4566 cardinalem,

445 4608 623 4712 scriptum
639 4609 759 4690 suerat
775 4612 938 4690 dominis
954 4614 1210 4690 Lemuria-ensi
1227 4630 1264 4690 et
1279 4611 1489 4690 Mimatensi
1503 4608 1691 4716 predictis,
1700 4626 1744 4687 ut
1759 4610 1853 4685 dice·

447 4732 556 4825 hant,
585 4740 686 4841 quod
713 4770 925 4845 processum
960 4741 1153 4819 mitterent
1178 4744 1350 4820 celeriter
1380 4740 1628 4830 antedictum
1657 4751 1852 4846 pensantes
