4230 5956
462 448 537 521 258
841 443 1036 521 PROCES
1067 443 1164 519 DES
1194 444 1500 521 teupernus,

412 567 417 573 ⁵
461 590 562 665 bant·
584 588 783 694 assumptis
814 586 1061 694 cingebantur
1086 612 1200 692 super
1223 583 1393 665 camisias
1416 598 1506 665 crim
1532 584 1675 695 quibus¹
1689 589 1880 696 jacebant,

460 746 541 797 uon
558 737 685 796 tamen
699 719 842 796 audivit
859 718 962 824 quod
975 736 1173 824 tangerent
1184 719 1303 825 capita
1319 717 1539 826 ydolorum
1557 746 1627 797 neo
1643 719 1746 799 ultra·
1759 750 1880 814 mare,

460 876 534 929 nec
552 852 658 939 citra,
679 851 821 931 audivit
839 850 920 928 fieri
938 849 1179 927 mencionem
1200 850 1249 926 de
1268 849 1452 955 capitibus
1473 849 1679 958 dequibus
1699 853 1883 959 deposue-

462 999 546 1059 rant
559 982 738 1090 magister
752 981 938 1058 Antonius
955 980 1005 1057 de
1018 979 1195 1059 Vercellis
1212 996 1251 1056 et
1266 978 1381 1057 lrater
1395 982 1505 1087 Ilugo
1520 981 1569 1059 de
1582 983 1723 1073 Faur03
1742 985 1882 1063 audivit

461 1130 587 1189 tamen
600 1110 855 1189 communiter
867 1109 940 1187 dici
956 1108 1057 1186 ultra
1068 1136 1170 1185 mare
1183 1109 1288 1215 quud
1300 1108 1527 1215 antiquitus,
1544 1128 1746 1219 antequam
1759 1134 1884 1192 essent

463 1243 622 1322 instituti
643 1241 795 1319 ordines
811 1238 959 1346 Templi
980 1256 1019 1316 et
1037 1238 1257 1345 Hospitalis,
1278 1239 1480 1345 apparebat
1498 1240 1695 1319 interdum
1712 1243 1753 1320 in
1771 1247 1881 1337 rnari,

463 1375 502 1449 in
518 1371 665 1479 gurgite
684 1386 812 1448 vocato
828 1368 876 1445 de
893 1367 1071 1456 Setalias,
1097 1367 1291 1474 quoddam
1309 1367 1431 1474 capud
1448 1385 1535 1474 post
1552 1370 1662 1477 cujus
1679 1374 1883 1479 apparieio.

463 1530 550 1581 nem
565 1499 872 1607 periclitabantur
889 1526 999 1576 naves
1018 1499 1057 1575 in
1074 1498 1176 1575 dicto
1191 1497 1337 1605 gurgite
1357 1498 1569 1579 existentes.
1588 1501 1631 1579 Si
1641 1502 1710 1608 qui
1729 1504 1882 1582 revelas·

462 1650 546 1709 sent
565 1648 705 1708 secreta
729 1626 1012 1737 capitoliorum,
1039 1629 1206 1737 graviter-
1218 1628 1343 1734 puniti
1363 1626 1538 1719 intiment,
1562 1646 1601 1708 et
1622 1628 1819 1711 dicebatur
1839 1635 1880 1711 in

462 1762 595 1839 ordine
615 1759 721 1866 quod
741 1760 883 1866 absque
903 1758 1057 1836 licencia
1082 1783 1160 1833 non
1189 1773 1363 1863 poterant
1383 1757 1467 1837 aliis
1488 1782 1602 1867 quam
1624 1760 1880 1840 acerdotibus

462 1891 607 1969 ordinis
618 1890 817 1978 ¹conliteri3
842 1889 953 1996 cujus
975 1887 1119 1965 ordinis
1135 1885 1312 1964 fratribus
1336 1888 1456 1965 credit
1478 1904 1588 1967 notos
1605 1888 1720 1968 fnisse
1735 1918 1880 1969 errores

462 2022 688 2099 confessatns
705 2048 776 2127 per
790 2048 900 2107 eum,
917 2019 956 2094 in
971 2044 1134 2123 quorum
1157 2017 1392 2095 correccions
1411 2015 1568 2096 luerunt
1580 2017 1830 2127 negligentes,
1844 2036 1883 2097 et

463 2151 550 2257 quia
563 2177 641 2226 non
654 2149 980 2227 denunciaverunt
990 2145 1167 2225 Ecclesia.
1180 2146 1415 2225 Elemosinas
1428 2163 1468 2223 et
1484 2146 1779 2254 hospitalitatem
1793 2150 1881 2228 sidit

463 2280 729 2357 convenienter
746 2277 829 2354 beri
855 2293 894 2353 et
918 2276 1053 2353 servari
1079 2276 1119 2353 in
1146 2276 1323 2354 domibus
1351 2274 1498 2355 ordinis
1521 2277 1564 2354 in
1593 2277 1734 2385 quibus
1760 2280 1881 2357 extitit

462 2424 732 2499 commoratus,
746 2425 785 2483 et
800 2404 1043 2484 inhibebatur
1053 2405 1107 2483 eis
1124 2433 1173 2483 ne
1188 2405 1318 2483 illicite
1329 2406 1569 2512 acquirerent
1578 2408 1716 2486 ordini.
1728 2410 1880 2488 Audiuit

463 2538 538 2615 dici
561 2539 665 2646 quod
684 2566 817 2616 eorum
837 2535 1012 2642 capitulis
1030 2535 1125 2613 clam
1147 2537 1384 2628 tenebantur,
1408 2536 1526 2615 nullis
1549 2539 1788 2645 presentibus
1807 2540 1879 2617 nisi

462 2666 639 2745 iratribus
663 2666 817 2744 ordinis.
848 2665 1030 2745 Ordinata
1052 2692 1122 2770 per
1142 2665 1360 2773 Magistrum
1380 2694 1470 2743 cum
1496 2685 1684 2747 conventu
1702 2687 1881 2747 servam

460 2814 564 2875 totus
578 2797 691 2882 ordo,
702 2812 844 2875 contra
857 2822 973 2902 quem
988 2822 1090 2873 nunc
1105 2795 1259 2903 grandia
1272 2790 1463 2885 wandala,
1488 2798 1652 2904 urspioin
1667 2816 1709 2875 et
1730 2798 1880 2876 infamia

462 2944 550 3004 aunt
567 2944 703 3004 exorta.
727 2929 809 3005 Non
829 2925 1017 3004 obtulerat
1032 2953 1074 3003 se
1092 2925 1142 3003 ad
1157 2924 1431 3003 deffensionem
1445 2924 1601 3005 ordinis.
1631 2956 1634 2961 ’

518 3057 732 3163 Requisitus
743 3057 775 3132 si
787 3057 839 3132 sic
854 3056 1079 3162 deposuerat
1086 3083 1214 3163 prece,
1228 3073 1425 3162 precepto,
1441 3058 1754 3147 timnm,amore,
1770 3058 1877 3145 odio,

463 3184 520 3261 vel
534 3183 730 3290 temporali
748 3185 908 3262 comodo
927 3184 1058 3264 habito
1075 3184 1136 3261 vel
1149 3184 1346 3272 babendo,
1362 3186 1558 3291 respondit
1572 3185 1679 3294 quod
1695 3214 1789 3278 non,
1812 3187 1880 3264 sed

464 3340 532 3418 pm
552 3312 703 3395 veritate
723 3316 899 3405 dicenda,
933 3317 992 3394 cui
1018 3315 1091 3393 luit
1112 3316 1323 3422 injunctum
1352 3316 1457 3421 quod
1481 3344 1560 3395 non
1580 3316 1764 3396 revelaret
1785 3318 1880 3395 hanc

462 3470 570 3523 suarn
585 3445 883 3552 deposicionem‚
901 3475 1100 3553 quousque
1116 3445 1375 3522 attestaciones
1396 3443 1537 3523 facerint
1549 3446 1751 3553 publicata.

515 3706 648 3782 Frater
677 3709 807 3784 Petms
836 3707 996 3786 Mancini
1025 3706 1204 3795 serviens,
1231 3703 1548 3793 claramontensis
1571 3706 1748 3797 diocesis,
1775 3706 1880 3782 testis

463 3861 572 3939 supra
594 3837 757 3943 juratus,
785 3836 1127 3944 quinquagenarius
1146 3835 1205 3912 vel
1221 3835 1330 3926 droa,
1352 3835 1419 3941 qui
1433 3835 1642 3912 voluntarie
1657 3833 1878 3911 mantellum

461 3963 655 4042 dimiserat
674 3982 713 4042 ot
730 3968 811 4045 radi
830 3966 970 4046 lecerat
987 3966 1058 4044 sibi
1076 3964 1254 4056 barbam,
1279 3992 1367 4041 cum
1394 3992 1471 4070 quo
1492 3963 1714 4071 inquisitum
1736 3961 1877 4051 iuerat,

462 4093 655 4172 absolutus
668 4114 706 4173 et
721 4097 981 4175 reconciliatus
992 4124 1060 4204 per
1075 4096 1274 4174 dominum
1287 4095 1507 4202 episcopum
1519 4094 1877 4185 matemautensem,

461 4223 565 4301 lectis
585 4240 624 4300 et
642 4226 842 4335 diligenter
868 4228 1044 4334 expositis
1061 4227 1134 4305 sibi
1158 4226 1338 4305 omnibus
1361 4242 1400 4302 et
1424 4222 1586 4330 singulis
1610 4222 1792 4312 eruendis,
1818 4250 1879 4299 re-

461 4355 661 4464 sponditse
673 4359 832 4448 nescire,
854 4385 924 4434 nec
938 4358 1110 4445 credere,
1131 4385 1201 4433 nec
1214 4353 1397 4433 audivisse
1414 4353 1487 4431 dici
1503 4353 1752 4432 decantantis
1765 4352 1806 4429 in
1826 4352 1880 4429 eis

461 4486 532 4565 nisi
549 4485 656 4593 quod
675 4487 848 4592 sequitur
863 4518 872 4563 ε
886 4486 1062 4563 videlicet
1080 4487 1186 4592 quod
1203 4485 1284 4592 ipse
1307 4501 1481 4590 receptus
1499 4482 1621 4561 luerat
1639 4483 1741 4560 ultra
1758 4509 1877 4568 mare,

462 4617 501 4692 in
517 4600 680 4723 quadam
701 4644 846 4693 camera
865 4616 1002 4693 domus
1020 4617 1172 4722 Templi
1193 4618 1242 4695 de
1259 4617 1391 4695 cous
1411 4613 1619 4721 Peregrini,
1638 4639 1709 4721 per
1724 4611 1876 4688 barrem

462 4744 725 4823 Tbeobaldum
745 4745 856 4824 Galdi
875 4743 1035 4822 militem
1050 4746 1260 4850 quondam,
1281 4761 1373 4822 tune
1392 4759 1653 4849 mseeptororn
1673 4739 1761 4819 dioti
1779 4737 1874 4827 loci,
