4230 5956
290 322 365 397 228
669 304 866 398 PROCES
893 316 994 394 Dus
1024 318 1328 402 TEMPLlEllS.

288 478 383 540 rent.
416 459 660 540 Clandestine
688 462 982 568 recipiebantur,
1015 458 1133 537 nullis
1164 456 1405 565 presentibus
1428 457 1502 537 nisi
1529 456 1708 543 lintribus

289 591 454 683 ordinis,
477 620 520 668 ex
545 619 621 697 quo
642 593 761 671 credit
784 592 891 701 quod
915 607 1012 670 esset
1035 590 1197 697 suspicio
1228 607 1452 669 contraeas.
1473 588 1530 667 Ex·
1549 590 1710 671 ordina-

289 723 396 801 cione
412 721 513 801 beati
528 722 710 800 Bernardi
731 723 979 831 cingebantur
1002 720 1170 799 cordulis
1187 720 1291 798 unde
1314 718 1491 798 volebant
1508 723 1707 830 assumptis

289 879 401 960 super
420 852 587 929 camisias
609 879 695 930 cum
723 852 864 960 quibus
884 851 1069 962 jacebant.
1087 849 1237 928 Juravit
1262 877 1339 931 non
1358 849 1525 928 revelare
1542 851 1706 930 modum

289 1011 356 1060 sue
369 982 617 1088 recepcionis;
634 1002 672 1061 et
689 985 756 1092 qui
770 985 843 1062 hoc
862 982 1060 1060 revelasset
1072 980 1131 1060 vel
1150 997 1291 1060 secreta
1305 980 1589 1087 capituliorum,
1606 1010 1709 1062 com-

289 1112 440 1220 peditus
465 1131 501 1190 et
525 1113 774 1192 incarceratus
798 1114 939 1192 luisset
967 1115 1114 1189 Fratres
1140 1111 1284 1190 ordinis
1304 1138 1403 1218 quos
1422 1113 1545 1190 credit
1564 1113 1709 1192 scivisse

289 1242 581 1350 abnegacionem
604 1245 810 1350 predictam
835 1273 910 1352 que
930 1242 1046 1320 fiebat
1064 1241 1105 1320 in
1131 1243 1265 1322 ordine
1284 1240 1441 1321 faremnt
1457 1242 1705 1353 negligentes,

289 1374 377 1481 quia
397 1401 474 1450 non
494 1392 735 1451 correxerunt
754 1403 836 1452 eam
856 1402 926 1452 nec
944 1372 1267 1451 denunciaverunt
1280 1370 1457 1450 Ecclesie.
1475 1371 1707 1451 Elemosinas

291 1520 329 1581 et
342 1502 634 1608 hospitalitatem
658 1504 751 1581 vidit
776 1503 1042 1581 convenienter
1060 1501 1143 1587 fieri
1165 1519 1204 1580 et
1222 1502 1358 1582 servari
1384 1502 1425 1578 in
1450 1501 1631 1580 domibus
1646 1532 1706 1581 or-

290 1632 390 1711 dinis
409 1633 448 1709 in
474 1633 612 1740 quibus
632 1635 752 1711 extitit
775 1650 1039 1712 commoratus.
1064 1631 1206 1710 Juravit
1235 1641 1452 1711 'conservare
1477 1631 1577 1710 bona
1606 1635 1708 1711 ordi-

290 1765 350 1841 nis
365 1780 403 1841 et
418 1764 452 1841 ei
470 1793 539 1871 pro
556 1791 672 1871 posse
698 1765 906 1872 acquirere,
928 1764 996 1842 sed
1015 1790 1093 1841 non
1112 1761 1184 1841 fuit
1203 1762 1239 1840 ei
1258 1781 1479 1870 preceptum
1499 1791 1569 1842 nec
1586 1763 1709 1842 decla-

291 1913 414 1974 ratum
458 1894 563 2003 quod
602 1896 812 2002 acquireret
848 1923 917 2003 per
957 1893 1062 1972 nelas
1105 1893 1164 1972 vel
1199 1894 1382 1974 indebite.
1419 1894 1602 1974 Ordinata
1643 1924 1710 2002 per

291 2025 510 2134 Magistrum
531 2056 616 2104 cum
646 2044 832 2105 conventu
861 2042 1039 2105 servasset
1060 2043 1165 2105 totus
1183 2025 1308 2120 ordo,
1321 2028 1362 2107 in
1380 2053 1459 2133 quo
1479 2027 1577 2104 dicta
1595 2027 1710 2105 abne-

293 2158 396 2266 gacio
417 2183 494 2235 non
525 2155 599 2233 fuit
624 2158 838 2235 introducta
866 2159 914 2234 ab
943 2157 1117 2264 antiquo,
1149 2157 1247 2235 sicut
1266 2157 1410 2237 audivit
1436 2156 1526 2247 dici,
1549 2159 1709 2235 nescita

293 2284 451 2393 quibus3
474 2303 603 2362 contra
627 2314 741 2393 quem
768 2286 941 2364 ordinem
962 2315 1063 2363 nunc
1090 2286 1246 2396 grandia
1275 2286 1465 2376 scandala,
1487 2287 1647 2393 suspicio
1673 2306 1710 2364 et

292 2413 444 2492 infamia
460 2434 549 2494 sunt
570 2434 717 2507 exorta,
738 2433 776 2494 et
799 2416 920 2494 credit
943 2417 1048 2524 quod
1073 2416 1196 2495 dictus
1216 2417 1394 2526 Magister
1409 2435 1447 2496 et
1465 2416 1529 2495 alii
1549 2416 1708 2527 abnega-

294 2547 441 2624 cionem
467 2546 515 2624 de
541 2575 616 2654 qua
640 2545 815 2654 deposuit
836 2546 911 2627 sint
934 2546 1105 2625 confessi.
1134 2546 1247 2625 Plura
1270 2546 1365 2624 dixit
1387 2575 1427 2626 se
1452 2548 1613 2638 nescire,
1642 2576 1711 2626 nec

294 2678 463 2769 credere,
480 2706 551 2756 nec
565 2679 748 2757 audivisse
765 2678 838 2756 dici
853 2677 900 2755 de
917 2679 1103 2756 contentis
1122 2679 1162 2755 in
1182 2677 1347 2756 articulis
1366 2679 1594 2757 memoratis.

350 2809 563 2915 Requisitus
576 2810 607 2888 si
623 2810 674 2887 sic
689 2808 914 2916 deposuerat
924 2837 1051 2916 prece,
1064 2824 1259 2917 precepto,
1270 2809 1425 2900 timore,
1439 2832 1583 2899 amore,
1599 2811 1708 2900 odio,

294 2939 353 3016 vel
375 2940 574 3045 temporali
600 2941 761 3018 comodo
788 2940 917 3019 habito
945 2940 1004 3019 vel
1033 2939 1226 3031 habendo,
1253 2938 1453 3048 respondit
1479 2939 1584 3046 quod
1613 2968 1708 3032 non,

295 3068 362 3145 sed
388 3095 458 3174 pro
488 3070 640 3146 veritate
666 3069 842 3161 dicenda3
868 3071 928 3147 cui
958 3068 1031 3148 luit
1059 3070 1272 3180 injunctum
1303 3070 1407 3178 quod
1431 3097 1508 3147 non
1532 3070 1713 3151 revelaret

295 3199 390 3272 hanc
409 3225 515 3275 suam
537 3197 836 3304 deposicionem,
858 3202 1056 3306 quousque
1071 3198 1331 3278 attestaciones
1344 3197 1485 3277 luerint
1503 3199 1712 3305 publicate;

295 3343 333 3401 et
352 3353 429 3403 non
458 3325 645 3404 obtulerat
665 3356 703 3406 se
724 3327 773 3404 ad
792 3328 1064 3407 deffensionem
1085 3329 1247 3418 ordinis,
1261 3357 1330 3407 nec
1344 3326 1466 3408 fuerat
1479 3329 1578 3410 ultra
1596 3360 1709 3411 mare.

349 3593 479 3669 Frater
497 3595 615 3671 Bosco
636 3594 683 3670 de
703 3593 901 3672 Masualier
917 3594 1096 3684 serviens,
1116 3595 1392 3673 Lemovicensis
1407 3593 1585 3686 diocesis,
1607 3597 1712 3674 testis

296 3751 406 3829 supra
428 3723 594 3829 juratus,
626 3723 781 3803 barbam
808 3724 977 3803 sednon
998 3724 1221 3802 mantellum
1248 3725 1451 3815 defferens,
1473 3727 1559 3832 quia
1588 3727 1710 3832 ipsum

296 3853 487 3931 dimiserat
515 3871 695 3933 vetustate
728 3872 1010 3962 consumptum,
1040 3855 1383 3963 quinquagenarius
1417 3872 1456 3932 et
1481 3854 1596 3946 ultra,
1625 3885 1712 3934 cum

295 4010 371 4088 quo
386 3983 607 4089 inquisitum
626 3984 761 4076 fuerat,
788 3985 982 4065 absolutus
998 4003 1037 4064 et
1051 3985 1312 4064 reconciliatus
1332 4013 1400 4093 per
1415 3985 1611 4063 dominum
1636 3988 1714 4094 epi·

296 4140 450 4218 scopum
465 4115 786 4208 Lemovicensem,
805 4117 911 4196 lectis
924 4135 963 4196 et
979 4116 1182 4225 diligenter
1197 4117 1373 4223 expositis
1390 4118 1462 4195 sibi
1479 4116 1657 4196 omnibus
1676 4135 1714 4195 et

295 4241 451 4352 singulis
471 4245 653 4338 articulis,
674 4249 870 4353 respondit
896 4276 946 4326 se
962 4248 1123 4336 nescire,
1145 4275 1215 4325 nec
1239 4247 1410 4338 credere,
1441 4276 1510 4325 nec
1530 4247 1713 4326 audivisse

295 4373 437 4481 dicide
458 4375 644 4454 contentis
660 4376 699 4451 in
716 4376 770 4452 eis
789 4377 861 4454 nisi
881 4376 987 4483 quod
1011 4378 1209 4486 sequitur:
1229 4377 1405 4456 videlicet
1428 4378 1534 4486 quod
1554 4378 1636 4486 ipse
1654 4407 1713 4457 re·

295 4519 424 4606 ceptus
447 4503 568 4581 fuerat
593 4504 633 4581 in
657 4504 797 4610 capella
820 4504 956 4584 domus
980 4508 1128 4616 Templi
1154 4509 1201 4587 de
1225 4509 1411 4588 Paulhaco
1440 4507 1712 4589 Lemovicensis

296 4629 471 4721 diocesis,
497 4660 565 4739 per
587 4633 738 4712 fratrem
765 4635 995 4714 Franconem
1021 4639 1067 4715 de
1091 4640 1181 4718 Bort
1205 4639 1363 4718 militem
1389 4641 1596 4747 quondam,
1618 4638 1713 4715 circa
