4230 5956
709 463 904 553 eneces
930 482 1024 552 nns
1051 480 1346 555 rnunmens.
1664 489 1736 559 ³³7

323 620 564 725 recipientem
585 620 624 694 iu
644 647 725 706 ore,
742 621 782 695 in
793 620 972 698 umbilico
988 637 1026 696 et
1044 638 1160 712 retro,
1175 622 1306 698 subtus
1325 649 1469 711 zonam,
1486 648 1611 700 versus
1623 625 1738 702 finem

321 750 427 853 spine
446 749 559 827 dorsi.
1636 747 1638 750 ’
1680 768 1682 773 ’

379 882 469 956 ltem
491 880 583 956 dixit
603 909 670 986 per
678 882 935 986 juramentum
954 881 1058 988 quod
1077 883 1259 986 recipiens
1270 884 1437 987 precepit
1451 883 1522 959 sibi
1537 884 1642 988 quod
1658 884 1740 960 abs·

320 1009 458 1085 tineret
471 1036 492 1084 a
504 1009 743 1101 mulieribus,
761 1029 799 1087 et
815 1011 884 1087 iret
904 1010 951 1086 ad
971 1010 1101 1089 fratres
1121 1038 1223 1098 suos,
1245 1011 1291 1088 ad
1313 1012 1530 1088 habendum
1550 1039 1631 1087 rem
1651 1041 1737 1089 cum

322 1140 391 1225 eis,
414 1138 443 1214 si
460 1137 560 1214 calor
578 1138 756 1217 naturalis
775 1155 941 1216 moveret
961 1168 1061 1215 euni.

377 1270 470 1344 ltem
486 1267 578 1343 dixit
591 1247 924 1375 per'juramentum
937 1268 1040 1374 quod
1060 1271 1109 1355 vi,
1129 1270 1187 1345 vel
1201 1288 1306 1348 metu
1326 1271 1481 1346 carceris
1497 1286 1560 1344 aut
1574 1288 1739 1350 tormen·

321 1416 462 1483 torum,
483 1424 558 1474 nou
579 1399 671 1473 dixit
689 1399 790 1475 aliud
809 1428 920 1504 quam
942 1401 1150 1485 veritatem,
1176 1429 1244 1475 nec
1265 1401 1304 1474 in
1322 1401 1513 1505 premissis
1535 1401 1739 1479 immiscuit

321 1527 482 1632 aliquam
504 1524 714 1616 falsitatem,
737 1544 800 1603 aut
819 1528 996 1604 subticuit
1010 1529 1219 1618 veritatem,
1239 1547 1276 1605 et
1286 1529 1390 1634 quod
1401 1557 1533 1635 puram
1544 1532 1736 1608 veritatem

322 1657 412 1732 dixit
425 1684 494 1762 pro
512 1656 628 1733 salute
649 1658 771 1733 anime
791 1686 869 1734 sue.
1713 1672 1716 1677 '

376 1922 468 1994 Item
493 1946 607 2010 anno,
633 1919 838 2007 indicione,
865 1920 1100 2025 pontificatu,
1128 1947 1225 1996 anuo
1255 1936 1292 1995 et
1317 1919 1379 1995 die
1405 1918 1597 2024 predictis,
1626 1918 1738 1995 frater

321 2046 541 2150 Radulpbus
568 2047 614 2123 de
639 2046 893 2134 Bretencuria,
917 2048 1022 2124 etatis
1054 2074 1135 2125 xxvr
1162 2074 1347 2124 annorum
1371 2047 1428 2123 vel
1457 2048 1570 2136 cirea,
1586 2049 1737 2124 'eodem

322 2174 436 2252 modo
450 2176 689 2264 constitutus,
697 2176 843 2282 juratus
856 2193 895 2254 at
908 2178 1167 2284 interrogatus,
1181 2176 1274 2254 dixit
1282 2206 1351 2282 per
1357 2178 1613 2283 juramentum
1628 2207 1737 2257 suum

320 2305 427 2409 quod
444 2305 517 2381 luit
531 2323 705 2410 receptus
724 2307 899 2394 Parisios,
921 2336 989 2412 per
1008 2307 1157 2383 fratrem
1178 2309 1374 2412 Hugonem
1397 2307 1445 2383 de
1469 2307 1636 2385 Paraudo
1654 2311 1739 2384 visi-

321 2452 479 2511 tatorem
505 2435 670 2525 Francie,
701 2436 739 2511 in
768 2435 863 2512 festo
883 2437 984 2513 Beati
1010 2437 1188 2514 Johanuis
1216 2438 1376 2541 baptiste
1402 2439 1534 2516 ultimo
1558 2441 1737 2543 preterito

320 2564 472 2641 fuenmt
491 2565 657 2670 quinque
677 2567 781 2652 anni,
803 2566 1039 2670 presentibus
1059 2566 1170 2642 fratre
1192 2566 1362 2644 lohanne
1386 2567 1434 2642 de
1459 2570 1589 2645 Turno
1616 2597 1737 2675 quon·

323 2696 406 2769 dam
438 2694 698 2773 elemosinario
731 2696 874 2773 domini
900 2697 1013 2802 regis,
1045 2695 1155 2772 fratre
1181 2697 1371 2801 Stephano
1401 2698 1534 2784 Paton,
1567 2699 1737 2775 lobenne

321 2824 574 2913 Bras-de-Fer,
593 2824 779 2902 Richardo
796 2828 942 2913 Boscot,
963 2827 1148 2902 Richardo
1165 2827 1211 2902 de
1231 2825 1404 2932 Caprosia
1423 2824 1629 2932 quadrifico
1650 2828 1742 2911 dicti

323 2955 463 3031 ordinis
482 2954 521 3031 in
543 2957 655 3033 domo
668 2955 817 3060 Templi
836 2955 1060 3032 Parisiensis.
1549 2978 1552 2983 ·

377 3088 470 3161 ltem
489 3086 580 3162 dixit
598 3113 666 3191 per
676 3087 931 3194 juramentum
946 3093 1056 3162 suum
1075 3085 1178 3192 quod
1197 3085 1382 3190 recipiens
1401 3085 1489 3162 fecit
1510 3113 1597 3162 eum
1611 3086 1738 3192 jurare

322 3243 466 3290 servare
479 3231 613 3293 statuta
626 3232 663 3292 et
677 3232 817 3292 secreta
832 3215 992 3303 ordinis,
1007 3232 1045 3290 et
1060 3217 1183 3320 posuit
1197 3214 1269 3291 sibi
1285 3214 1505 3323 mantellum
1519 3216 1567 3292 ad
1581 3214 1736 3304 collum,

323 3361 360 3422 et
378 3343 565 3422 osculatus
584 3344 655 3420 luit
675 3372 761 3421 eum
782 3344 821 3419 in
843 3371 924 3432 ore,
942 3361 980 3420 et
998 3361 1127 3448 postea
1146 3344 1311 3422 ostendit
1329 3343 1401 3420 sibi
1421 3344 1569 3419 erucem
1589 3345 1630 3419 in
1645 3372 1742 3450 quo-

323 3473 409 3549 dam
429 3473 544 3562 libro,
566 3474 632 3551 sed
647 3502 723 3550 non
738 3474 871 3550 recolit
890 3490 1018 3551 utrum
1038 3490 1117 3551 erat
1135 3474 1174 3551 in
1190 3501 1234 3551 ea
1251 3502 1385 3580 ymago
1398 3475 1514 3549 lbesu
1532 3473 1670 3551 Christi
1682 3474 1741 3551 vel

322 3630 413 3693 non,
436 3620 474 3680 et
494 3603 586 3680 dixit
606 3604 709 3710 quod
727 3603 910 3708 recipiens
933 3603 1100 3708 precepit
1119 3603 1311 3708 sibiquod
1331 3603 1531 3707 abnegaret
1550 3601 1655 3677 illurn
1667 3604 1738 3707 qui

322 3761 449 3835 passus
469 3732 590 3809 luerat
602 3732 751 3809 indicta
763 3759 890 3819 cruce,
908 3747 946 3808 et
960 3747 1019 3808 ter
1038 3747 1191 3836 spueret
1204 3758 1317 3837 supra
1330 3758 1429 3819 eam;
1446 3746 1484 3806 et
1502 3730 1581 3834 ipse
1601 3730 1667 3834 qui
1684 3729 1740 3808 lo·

322 3862 451 3967 quitur
464 3862 556 3938 dixit
570 3862 672 3966 quod
689 3888 764 3938 non
777 3860 928 3949 faceret,
945 3877 982 3936 et
992 3875 1082 3936 tunc
1098 3861 1281 3965 recipiens
1293 3860 1416 3937 adhuc
1425 3859 1497 3936 sibi
1511 3858 1685 3964 injunxit,
1698 3861 1737 3936 in

323 3990 454 4066 virtute
468 3990 706 4078 obediencie,
722 3989 825 4096 quod
838 3987 912 4066 hoc
926 3989 1075 4077 laceret,
1095 3989 1222 4067 dicens
1238 3989 1309 4066 sibi
1321 3989 1426 4095 quod
1438 3988 1513 4064 hoc
1531 3987 1740 4067 faceret.·llt

322 4134 412 4193 tunc
430 4118 507 4224 ipse
523 4119 588 4224 qui
602 4119 780 4224 loquitur,
802 4118 932 4195 videns
950 4119 1061 4225 quod
1067 4119 1182 4225 janue
1198 4118 1349 4197 ecclesie
1368 4134 1473 4196 erant
1488 4116 1609 4195 clause
1628 4147 1737 4225 supra

203 4348 205 4352 Ι
324 4273 427 4334 eum,
445 4263 483 4324 et
499 4249 602 4354 quod
620 4247 728 4325 multi
739 4265 844 4325 erant
857 4247 909 4324 ibi
923 4247 1153 4324 fratresdicti
1169 4246 1314 4324 ordinis
1326 4247 1647 4354 quibusresistere
1660 4277 1738 4326 non

323 4392 484 4480 poterat,
496 4377 690 4483 abnegavit
699 4405 785 4455 eum
796 4377 862 4482 qui
871 4404 999 4481 passus
1007 4376 1078 4453 fuit
1093 4375 1246 4455 indicta
1260 4405 1368 4454 cruce
1383 4377 1517 4465 semel,
1535 4397 1570 4456 et
1583 4379 1683 4483 spuit
1691 4380 1740 4457 ad

323 4505 633 4613 terram,fingens
641 4535 680 4583 se
688 4532 826 4612 spuere
836 4533 946 4613 supra
957 4523 1170 4596 crucem,et
1178 4507 1251 4584 hoc
1260 4508 1433 4600 lecitore,
1446 4510 1514 4585 sed
1523 4535 1600 4585 non
1612 4508 1737 4587 corde.
1793 4545 1798 4554 ¹

378 4637 473 4712 ltem
497 4636 589 4713 dixit
608 4665 676 4742 per
691 4637 948 4744 juramentum
971 4664 1080 4715 suum
1106 4638 1209 4745 quod
1229 4639 1412 4743 recipiens
1433 4638 1526 4716 dixit
1543 4636 1616 4715 sibi
1635 4638 1741 4746 quod

323 4765 353 4839 si
373 4763 474 4842 calor
488 4767 667 4845 naturalis
686 4783 853 4844 moveret
877 4794 980 4856 eum,
999 4769 1104 4874 quod
1123 4768 1259 4846 melius
1280 4785 1359 4847 erat
1375 4795 1443 4874 pro
1462 4769 1658 4846 honestate
1678 4796 1741 4847 or-

429 4916 534 4976 esocis
557 4933 610 4975 ors
631 4933 898 4976 reuertens-n.
1553 4915 1593 4981 ts
