4268 5946
695 442 891 537 enonas
915 462 1010 534 nus
1036 460 1335 535 rattrmrns.
1648 461 1718 537 aar

361 603 419 681 Ad
431 602 545 679 lxxrm
559 600 758 679 articulum
773 601 1020 709 respondens,
1042 603 1188 708 negavit
1203 603 1337 708 ipsum.
1357 600 1457 678 Dixit
1475 620 1599 682 umen
1618 602 1723 710 quod

306 735 392 812 licet
409 735 488 840 ipse
502 733 569 839 qui
587 732 768 839 loquitur,
796 762 839 810 ex
861 748 1037 839 precepto
1058 733 1114 809 sui
1135 732 1354 838 superioris,
1376 758 1452 807 nou
1473 732 1645 811 babuerit
1664 762 1725 811 ex-

305 892 429 970 presse
443 864 548 971 quod
563 862 805 941 confiteretur
822 864 880 941 vel
896 891 971 941 non
992 861 1231 940 confiteretur
1243 863 1315 939 nisi
1329 862 1506 940 fratribus
1521 864 1610 941 dieti
1625 864 1725 943 ordi-

306 994 381 1080 nis,
402 994 481 1097 ipse
495 1009 636 1081 tamen,
652 994 822 1100 quandiu
842 992 981 1073 babere
1000 995 1123 1098 potuit
1137 993 1425 1099 oportunitatem
1443 993 1645 1071 confitendi
1660 1021 1725 1071 sua

305 1142 452 1228 peccata
478 1122 654 1201 fratribus
675 1125 872 1229 capellanis
890 1125 948 1201 sui
969 1125 1129 1211 ordinis,
1147 1125 1201 1203 eis
1218 1123 1486 1212 confitebatur3
1508 1126 1546 1201 in
1562 1124 1726 1203 deffectu

306 1270 429 1329 autem
457 1279 588 1330 eorum
615 1252 862 1332 confitebatur
880 1269 919 1330 et
938 1254 1127 1332 confessus
1147 1271 1204 1331 est
1226 1254 1401 1332 fratribus
1427 1255 1725 1333 Predicatoribus

306 1382 363 1460 vel
385 1382 610 1471 Minoribus,
643 1383 701 1461 vel
727 1385 844 1461 eciam
871 1384 1088 1490 presbiteris
1112 1383 1342 1462 secularibus
1367 1383 1591 1463 habentibus
1610 1414 1630 1461 a
1650 1386 1725 1463 suis

305 1513 562 1619 superioribus
580 1513 772 1591 licenciam
787 1514 966 1591 audiendi
985 1514 1237 1593 consessiones
1252 1532 1288 1592 et
1306 1514 1485 1593 salutares
1499 1517 1726 1620 penitenciae

307 1644 539 1750 injungendi.
567 1645 757 1737 Quantum
777 1645 823 1724 ad
848 1645 940 1723 alios
962 1673 1050 1722 vero
1072 1645 1204 1723 lratres
1226 1645 1397 1751 ejusdem
1425 1646 1582 1734 ordinis,
1610 1645 1727 1723 nescit

305 1801 418 1879 quern
435 1773 685 1852 consessorem
705 1803 775 1882 pro
794 1776 872 1853 suis
890 1777 1049 1882 peccatis
1067 1775 1265 1852 audiendis
1281 1774 1440 1880 eligunt3
1462 1776 1530 1853 sed
1544 1775 1663 1853 credit
1677 1774 1726 1853 de

306 1904 386 1981 aliis
405 1903 580 1981 fratribus
594 1903 694 1982 idam
714 1906 821 2011 quod
839 1923 876 1983 et
895 1907 942 1983 de
963 1933 1003 1983 se
1023 1934 1122 1981 nunc
1143 1905 1309 2009 proxime
1329 1922 1386 1982 est
1404 1903 1606 1983 consessus.
1627 1904 1727 1983 Dixit

307 2034 422 2109 eciam
444 2061 627 2140 nusquam
652 2034 724 2111 sibi
743 2034 857 2113 fuisse
875 2035 1047 2122 vetitum,
1067 2061 1136 2111 nee
1160 2033 1243 2111 aliis
1262 2033 1450 2124 fratribus,
1473 2064 1494 2114 a
1518 2036 1595 2113 suis
1613 2063 1726 2140 supe-

307 2163 468 2240 rioribus
483 2164 576 2269 quin
594 2164 761 2271 quemvis
778 2165 848 2241 sibi
869 2165 1012 2271 possint
1031 2180 1069 2241 et
1086 2162 1201 2241 velint
1220 2164 1356 2272 eligere
1376 2163 1640 2243 consessorem.

363 2294 670 2373 Adlxxv-lxxxr
685 2294 860 2373 articulos
880 2293 1058 2373 inclusive
1076 2293 1308 2401 respondens
1325 2294 1563 2402 singulariter
1574 2295 1727 2404 singulis

307 2446 344 2503 et
364 2426 545 2515 districte,
567 2426 712 2533 negavit
730 2426 855 2504 omnia
875 2442 914 2504 et
933 2425 1077 2533 singula
1090 2442 1263 2503 contenta
1278 2426 1317 2501 in
1331 2426 1404 2513 eis,
1425 2425 1590 2504 adiciens
1605 2455 1645 2503 se
1660 2455 1727 2505 ne·

307 2557 399 2634 scire
421 2586 490 2634 nec
510 2558 662 2636 eredere
682 2558 788 2665 quod
807 2557 920 2664 aliqui
941 2557 989 2635 de
1010 2555 1185 2664 predictis
1205 2556 1396 2634 erroribus
1415 2557 1489 2633 sint
1507 2558 1654 2635 comissi
1670 2558 1727 2636 vel

307 2688 398 2764 liant
417 2715 483 2796 per
501 2687 664 2795 aliquem
684 2688 835 2765 fratrem
853 2688 996 2766 ordinis
1014 2686 1229 2793 supradicti.

364 2819 421 2896 Ad
444 2818 718 2897 lxxma-lxxxv
738 2818 914 2896 articulos
935 2817 1113 2895 inclusive
1133 2817 1379 2924 respondens,
1404 2817 1496 2896 dixit
1514 2846 1553 2895 se
1573 2820 1726 2897 credere

309 2950 564 3028 confessiones
578 2948 691 3028 laetas
709 2978 777 3055 par
789 2948 922 3025 fratres
935 2947 1026 3026 dicti
1043 2948 1188 3026 ordinis
1202 2948 1349 3053 Templi
1361 2977 1485 3027 coram
1496 2951 1727 3030 sanctissimo

308 3082 463 3160 domino
496 3098 624 3159 nostro
654 3080 809 3159 domino
833 3079 1027 3158 Clemente
1059 3079 1130 3156 Dei
1157 3081 1273 3186 gratia
1302 3098 1530 3158 sacrosancte
1560 3083 1727 3160 Romane

307 3210 473 3290 Ecclesie
496 3239 646 3289 summo
669 3209 848 3316 pontifice
877 3192 988 3287 factas
1009 3209 1140 3297 luisse,
1167 3210 1261 3287 sicut
1281 3210 1382 3287 idem
1407 3210 1581 3289 dominus
1600 3229 1729 3292 noster

309 3370 476 3420 summus
492 3341 673 3447 pontifex,
691 3341 731 3418 in
750 3370 817 3419 sua
829 3340 951 3419 littera
969 3341 1079 3417 missa
1098 3340 1306 3419 reverendo
1328 3342 1418 3448 patri
1434 3342 1473 3419 in
1491 3342 1641 3422 Christo
1661 3343 1731 3420 do·

310 3474 413 3549 mino
423 3471 654 3551 Narbonensi
673 3472 952 3577 archiepiscopo
967 3473 1099 3579 atejus
1118 3472 1358 3576 suffraganeis
1377 3473 1627 3551 Narbonensis
1640 3501 1729 3578 pro·

308 3604 442 3691 vincia,
464 3603 592 3680 asserit
603 3619 651 3679 et
668 3602 816 3690 latetur,
839 3619 878 3679 et
900 3601 1003 3678 idem
1020 3602 1140 3678 credit
1162 3602 1209 3678 de
1232 3601 1529 3679 confessionibus
1543 3602 1648 3679 factis
1663 3629 1730 3709 per

310 3734 525 3838 Magistrum
551 3748 589 3809 et
612 3731 744 3809 frames
768 3730 936 3836 ejusdem
962 3730 1104 3807 ordinis
1131 3756 1255 3806 coram
1275 3728 1439 3806 dominis
1461 3732 1726 3820 cardinalibus,

311 3863 358 3938 de
374 3861 514 3966 quibus
532 3861 575 3937 fit
588 3860 759 3967 specialis
779 3860 921 3937 mentio
941 3860 980 3935 in
1001 3859 1121 3964 papali
1146 3859 1269 3937 littera
1292 3860 1513 3965 supradicta.
1535 3861 1731 3940 Verumta-

311 4020 397 4067 men
417 3991 510 4068 dixit
528 3992 627 4069 idem
648 3990 762 4068 frater
779 3991 966 4069 londanus
984 3990 1104 4096 quod,
1125 3990 1221 4067 salva
1241 3991 1430 4067 sanctitate
1455 4007 1494 4067 et
1516 3991 1730 4071 excellentia

311 4121 482 4227 ejusdem
504 4122 645 4199 domini
664 4123 781 4201 nostri
801 4122 940 4200 summi
956 4120 1161 4226 pontificis,
1179 4148 1325 4198 necnon
1340 4138 1378 4197 et
1392 4122 1603 4200 reverencia
1616 4122 1731 4201 dicto

311 4280 395 4329 rum
409 4251 648 4330 dominorum
664 4252 926 4340 cardinalium,
938 4252 1043 4359 quod
1052 4251 1302 4329 consessiones
1316 4250 1411 4330 lacte
1421 4280 1489 4359 per
1497 4252 1730 4360 Templarios

312 4411 387 4460 non
403 4384 597 4461 continent
611 4382 822 4471 veritatem
841 4410 930 4489 ymo
950 4399 1075 4461 carent
1092 4381 1298 4489 primordio
1311 4384 1473 4461 veritatis
1486 4401 1525 4460 et
1535 4384 1575 4459 in
1587 4410 1628 4461 se
1641 4410 1731 4461 eon-

311 4514 433 4590 tinent
450 4512 666 4601 falsitatem,
684 4514 722 4589 in
742 4540 788 4591 eo
807 4513 913 4619 quod
928 4512 1018 4589 dieti
1033 4512 1180 4603 fratres,
1198 4513 1418 4591 confitentes
1432 4540 1577 4593 errores
1592 4514 1640 4591 de
1652 4514 1732 4620 qni·

311 4644 382 4721 bus
396 4645 516 4752 agitur
536 4644 573 4719 in
594 4642 758 4721 articulis
771 4662 810 4721 at
823 4641 958 4723 litteris
971 4642 1164 4752 papalibus
1181 4672 1250 4750 per
1264 4645 1406 4722 dietum
1427 4644 1601 4723 ordinem
1614 4662 1654 4723 et
1664 4672 1733 4753 per

311 4774 444 4853 fratres
461 4775 543 4881 ejus
564 4773 678 4853 luisse
698 4776 893 4864 nornissos,
913 4792 1082 4854 assenrnt
1098 4774 1190 4853 falso
1210 4777 1337 4854 modo.

424 4925 529 4983 rancis
544 4942 598 4983 nas
613 4942 786 4984 munerans.
800 4958 840 4969 -
857 4944 889 4982 u.
1523 4921 1563 4983 56
