4230 5956
670 471 867 564 rao-ets
893 489 989 563 nes
1015 490 1316 563 teupernus.
1534 443 1536 449 ’
1631 497 1702 569 iss

285 644 323 704 et
343 655 479 734 aquam
496 643 533 703 et
553 629 770 706 societatem
793 629 954 719 ordinis,
983 647 1020 708 et
1038 628 1238 709 obtulisset
1260 658 1300 707 se
1320 615 1416 707 velle
1443 630 1524 707 fieri
1554 660 1702 713 servum

284 757 467 835 esclavum
483 758 628 836 ordinis
643 775 682 836 et
697 761 812 837 Terre
833 762 967 839 Sancte
984 760 1015 839 si
1031 761 1079 836 ad
1097 791 1178 837 eam
1197 761 1419 869 perveniret,
1438 778 1477 837 et
1493 760 1656 840 finaliter
1668 765 1702 842 ei

280 918 453 968 concessa
463 889 633 982 luissent,
643 893 799 997 prestito
812 892 912 970 abeo
923 920 992 997 per
1000 898 1259 1000 juramentum
1270 894 1375 1001 quod
1386 920 1463 970 non
1473 911 1552 970 erat
1561 894 1703 973 servilis

280 1021 607 1110 condicionis‚nec
617 1024 973 1114 excommunicatus,
986 1023 1171 1100 necalteri
1181 1022 1439 1131 religioni,vel
1449 1024 1701 1115 matrimonio,

281 1153 419 1231 debitis
442 1182 517 1260 que
538 1153 679 1232 solvere
700 1184 777 1232 non
793 1172 920 1262 posset
946 1154 1149 1263 obligatus,
1177 1185 1247 1233 nec
1261 1155 1424 1233 babebat
1444 1154 1702 1232 infirmitatem

280 1283 476 1373 latentem,
504 1313 575 1362 nec
591 1285 748 1364 dederat
767 1315 837 1363 nec
853 1287 1077 1391 promiserat
1101 1285 1245 1392 aliquid
1264 1286 1370 1393 quod
1390 1287 1430 1362 in
1445 1285 1547 1363 dicto
1569 1285 1701 1364 ordine

279 1414 519 1519 reciperetur,
542 1413 631 1492 fecit
656 1445 745 1493 eum
772 1416 893 1494 dietus
914 1434 1088 1522 receptor
1108 1443 1241 1493 vovere
1269 1433 1307 1494 et
1324 1416 1451 1523 jurare
1475 1415 1698 1505 castitatem,

279 1544 558 1637 obedienciam,
581 1563 618 1624 et
642 1547 765 1625 vivere
783 1546 865 1625 sine
879 1547 1051 1654 proprio,
1074 1562 1112 1623 et
1131 1547 1237 1653 quod
1256 1574 1324 1652 pro
1345 1573 1453 1652 posse
1471 1572 1539 1622 suo
1556 1545 1702 1652 juvaret

278 1673 325 1749 ad
341 1675 612 1781 aoquirendum
628 1678 783 1754 Terram
800 1677 986 1754 Sanctam.
999 1679 1087 1754 Post
1100 1704 1175 1782 que
1189 1676 1313 1752 dictus
1326 1691 1498 1780 receptor
1512 1675 1702 1755 associavit

277 1831 366 1881 eum
392 1823 429 1881 et
448 1823 592 1911 patrem
619 1823 658 1882 et
678 1823 837 1883 matrem
862 1834 950 1884 suos
975 1806 1171 1883 beneficiis
1196 1806 1356 1896 ordinis,
1386 1822 1424 1880 et
1446 1792 1700 1909 imponensei

277 1936 517 2026 mantellum,
534 1935 607 2013 fuit
624 1965 801 2013 unacum
823 1935 1001 2013 omnibus
1016 1936 1224 2013 astantibus
1245 1964 1332 2011 eum
1348 1933 1536 2011 osculatus
1556 1934 1595 2009 in
1610 1961 1698 2024 ore,

278 2081 316 2140 et
330 2065 506 2142 instruxit
525 2093 613 2142 eum
628 2083 723 2171 quot
734 2068 849 2143 Pater
866 2081 981 2142 noster
998 2065 1140 2141 diceret
1159 2092 1227 2170 pro
1247 2064 1349 2141 boris
1369 2063 1464 2150 suis,
1486 2078 1525 2138 et
1538 2063 1700 2168 qualiter

277 2209 424 2299 regeret
440 2222 479 2270 se
500 2194 539 2269 in
555 2193 706 2283 ordine,
728 2210 766 2270 et
783 2193 945 2300 qualiter
958 2194 1118 2299 jaceret,
1143 2221 1332 2300 exponens
1353 2193 1386 2270 ei
1409 2193 1572 2270 diversos
1593 2222 1698 2271 casus

276 2339 431 2430 propter
443 2353 540 2431 quos
553 2341 701 2430 poterat
720 2325 911 2401 incurrere
934 2324 1096 2401 diversas
1114 2352 1232 2428 penas
1249 2325 1458 2401 secundum
1480 2322 1622 2401 ordinis
1642 2322 1698 2399 di·

276 2453 483 2560 sciplinam,
493 2473 531 2533 et
546 2455 788 2562 postmodum
803 2473 1048 2532 recesserunt.
1066 2455 1280 2560 Requisitus
1293 2456 1324 2531 si
1339 2453 1561 2531 interfuerat
1572 2483 1699 2561 recep-

277 2583 375 2661 cioni
394 2584 551 2691 alicujus
575 2585 726 2662 alterius
754 2584 917 2690 Anglici,
945 2585 1047 2662 Scoti
1067 2585 1125 2661 vel
1140 2585 1331 2677 Ybernici,
1361 2601 1399 2660 et
1424 2583 1453 2660 si
1469 2583 1612 2661 viderat
1632 2584 1699 2661 ali·

275 2742 389 2818 quem
411 2744 455 2792 ex
469 2715 523 2792 eis
537 2713 750 2792 interfuisse
770 2713 1057 2820 recepcionibus
1073 2714 1210 2820 quibus
1230 2715 1309 2819 ipse
1328 2713 1431 2790 testis
1451 2712 1638 2802 adsuerat,
1660 2732 1698 2792 et

276 2843 304 2919 si
331 2844 472 2920 viderat
497 2844 660 2950 aliquem
684 2842 801 2949 recipi
824 2871 892 2950 per
911 2843 1064 2921 fratrem
1088 2842 1327 2919 Himbertum
1341 2841 1495 2919 blanchi
1515 2842 1718 2936 militem,

275 2991 534 3078 preceptorem
564 2974 758 3063 Alvernie,
789 2973 987 3080 respondit
1012 2973 1117 3079 quod
1147 3001 1241 3064 non,
1273 3000 1529 3079 necunquam
1555 2972 1697 3049 viderat

275 3102 419 3180 dictum
436 3103 588 3181 fratrem
610 3105 870 3192 Himbertum,
888 3104 961 3181 nisi
980 3103 1117 3192 semel,
1137 3103 1176 3180 in
1192 3103 1291 3180 dicta
1311 3104 1425 3181 domo
1443 3103 1694 3209 d'Oysimont,

275 3260 361 3309 cum
393 3233 515 3310 dictus
544 3233 658 3310 frater
687 3232 907 3311 Himbertus
926 3233 1225 3342 proficisceretur
1253 3234 1292 3309 in
1321 3231 1503 3339 Angliam.
1527 3233 1598 3312 Cui
1625 3232 1696 3310 luit

275 3361 487 3467 injunctum
512 3391 580 3467 per
605 3363 724 3442 dictos
751 3363 927 3443 dominos
952 3364 1242 3451 commissarios,
1269 3363 1308 3440 in
1332 3363 1468 3446 virtute
1488 3363 1695 3470 juramenti

273 3492 417 3596 prestiti
437 3519 505 3598 per
521 3493 717 3586 eumdem,
732 3495 836 3601 quod
851 3507 929 3572 non
949 3493 1131 3571 revelaret
1148 3494 1246 3571 hanc
1268 3522 1374 3571 suam
1396 3494 1692 3600 deposicionem,

273 3649 472 3729 quousque
488 3625 748 3704 attestationes
763 3624 904 3702 luerint
920 3623 1119 3732 publicate.

329 3885 458 3963 Frater
477 3886 668 3966 lohannes
692 3888 740 3965 de
757 3889 885 3967 Menat
901 3889 1080 3978 serviens,
1103 3906 1301 3997 preceptor
1323 3888 1459 3965 domus
1479 3886 1628 3990 Templi
1646 3887 1692 3962 de

272 4013 438 4092 Marchia
467 4016 785 4097 Claramontensis
809 4019 988 4107 diocesis,
1013 4019 1121 4096 testis
1149 4046 1259 4123 supra
1275 4019 1440 4123 juratus,
1463 4015 1694 4122 quinquage-

273 4143 399 4220 narius
422 4143 482 4220 vel
506 4147 618 4235 circa,
638 4148 862 4225 mantellum
881 4148 1024 4226 ordinis
1045 4165 1083 4224 et
1104 4148 1260 4225 barbam
1282 4145 1486 4238 defferens,
1510 4175 1595 4223 cum
1615 4175 1693 4253 quo

272 4271 495 4376 inquisitum
519 4272 658 4366 fuerat,
686 4277 885 4356 absolutus
907 4295 945 4354 et
963 4275 1224 4354 reconciliatus
1244 4305 1311 4382 per
1332 4276 1530 4353 dominum
1552 4277 1694 4382 episco-

271 4429 363 4507 pum
384 4402 745 4496 Claramontensem,
768 4406 873 4483 lectis
893 4423 930 4484 et
951 4405 1151 4512 diligenter
1172 4406 1347 4511 expositis
1366 4406 1437 4484 sibi
1458 4406 1694 4484 omnibuset

270 4531 427 4637 singulis
446 4533 628 4627 articulis,
655 4536 851 4642 respondit
878 4565 918 4614 se
937 4536 1100 4628 nescire,
1126 4564 1196 4613 nec
1219 4536 1389 4628 credere,
1416 4565 1486 4614 nec
1509 4535 1692 4614 audivisse

270 4662 343 4739 dici
365 4664 413 4740 de
432 4665 619 4742 contentis
644 4666 684 4742 in
712 4666 766 4744 eis
791 4667 863 4745 nisi
890 4666 994 4776 quod
1012 4667 1194 4774 sequitur.
1221 4668 1323 4745 Dixit
1351 4695 1487 4775 nempe
1511 4694 1551 4745 se
1577 4664 1690 4746 luisse
1807 4690 1810 4697 ’

269 4811 460 4900 receptum
477 4795 520 4872 in
538 4796 680 4904 capella
693 4796 833 4876 domus
849 4797 1000 4905 Templi
1020 4799 1068 4876 de
1084 4798 1269 4888 Marchia,
1283 4800 1378 4877 circa
1394 4794 1534 4879 instans
1550 4797 1688 4876 festum
