4230 5956
470 468 517 536 oo
855 443 1050 535 raocss
1075 461 1169 535 nas
1195 457 1496 531 caueamus.

468 606 732 683 convenienter
756 602 838 682 fieri
864 620 901 679 et
925 602 1061 680 servari
1081 601 1120 676 in
1146 599 1323 677 domibus
1348 597 1490 676 ordinis
1515 597 1554 673 in
1578 598 1717 703 quibus
1745 600 1886 676 exstitit

468 752 736 820 commoratus,
752 751 790 810 et
799 708 951 840 capituli
963 733 1059 811 clam
1071 731 1209 818 teneri,
1227 729 1383 807 custode
1394 727 1532 834 posito,
1543 753 1590 805 ne
1599 727 1820 807 audirentur
1830 758 1885 806 ex-

469 867 586 942 terius
603 892 677 970 que
696 863 854 939 interius
869 862 1085 970 agebantur.
1098 860 1278 939 Ordinata
1291 888 1358 968 per
1371 858 1590 967 Magistrum
1601 887 1687 935 cnm
1700 877 1885 937 conventu

469 1013 646 1073 servasset
664 1010 766 1070 totus
788 993 899 1084 ordo,
926 1008 1056 1068 contra
1079 1019 1194 1097 quem
1209 1018 1314 1067 *nunc
1336 989 1492 1097 grandia
1512 987 1701 1080 scandala,
1722 990 1884 1096 suspicio

470 1144 508 1203 et
522 1104 673 1202 infamia
691 1141 780 1200 sunt
795 1140 941 1212 exorta;
963 1123 1011 1199 ad
1025 1122 1133 1228 cujus
1147 1119 1419 1198 deffensionem
1436 1147 1475 1198 se
1495 1147 1573 1197 non
1594 1117 1794 1196 obtulerat.
1812 1121 1887 1195 Nec

470 1259 521 1335 sic
548 1258 770 1362 deposuerat
789 1281 916 1360 prece,
940 1270 1136 1359 precepto,
1159 1252 1313 1341 timore,
1336 1263 1479 1339 amore,
1496 1245 1673 1340 odio,vel
1689 1249 1886 1355 temporali

470 1386 631 1463 comodo
660 1385 789 1461 habito
819 1381 877 1461 vel
904 1380 1096 1470 habendo,
1124 1380 1192 1458 sed
1218 1408 1286 1487 pro
1313 1381 1467 1457 veritate
1497 1378 1673 1468 dicenda,
1700 1394 1744 1454 ut
1768 1377 1882 1465 dixin

472 1517 531 1592 cui
555 1514 626 1592 fuit
655 1515 865 1620 injunctum
890 1512 995 1618 qnod
1026 1539 1103 1587 non
1130 1510 1311 1588 revelaret
1329 1510 1424 1587 hanc
1444 1537 1550 1587 suam
1580 1508 1885 1613 deposicionem,

471 1673 669 1751 quousque
690 1645 949 1722 attestaciones
968 1642 1111 1721 fuerint
1129 1641 1329 1748 publicato.

527 1775 618 1851 Acta
645 1775 801 1853 fuerunt
833 1776 904 1851 hec
939 1774 999 1850 die
1031 1790 1068 1851 et
1091 1773 1175 1851 loco
1199 1769 1400 1879 predictis,
1436 1769 1674 1877 presentibus
1707 1771 1886 1877 magistro

473 1905 630 1994 Amisio,
663 1934 725 1982 me
759 1905 990 1982 Florimonte
1020 1902 1237 1991 Dondedci‚
1267 1920 1304 1982 et
1331 1901 1413 1979 aliis
1435 1899 1588 1979 notariis
1614 1927 1724 2007 supra
1752 1899 1889 1976 ultimo

474 2052 686 2112 nominatis.

531 2298 619 2374 Post
639 2296 725 2384 hec,
755 2297 816 2373 die
843 2298 970 2374 Martis
994 2300 1182 2402 sequenti,
1207 2325 1280 2403 que
1307 2295 1380 2372 luit
1411 2321 1496 2373 xxm
1526 2292 1607 2371 dies
1635 2291 1723 2369 dicti
1752 2295 1892 2372 mensis

477 2426 622 2516 Marcii,
649 2424 720 2501 fuit
749 2425 935 2501 adductus
956 2426 1004 2501 ad
1029 2425 1259 2530 presenciam
1285 2423 1507 2501 eorumdem
1528 2423 1770 2500 dominorum
1789 2451 1891 2501 com-

477 2555 730 2631 missariorum
747 2571 786 2631 et
799 2553 945 2630 domini
961 2553 1122 2643 Mathai,
1144 2555 1184 2630 in
1199 2554 1331 2630 eadem
1350 2554 1466 2631 domo
1484 2552 1630 2630 domini
1646 2552 1744 2630 Petri
1766 2552 1812 2629 de
1831 2554 1893 2631 Sa·

474 2685 633 2776 baudia,
656 2683 768 2761 frater
796 2684 928 2760 Petrus
955 2685 1001 2761 de
1023 2684 1158 2761 Sancto
1180 2684 1385 2760 Benedicto
1412 2683 1593 2772 serviens,
1614 2682 1893 2760 Aurelianensis

480 2815 655 2905 diocesis,
671 2814 898 2919 testissupra
907 2813 1076 2919 juratus,
1098 2830 1143 2891 nt
1163 2813 1368 2920 deponeret
1388 2813 1532 2890 dictum
1548 2842 1676 2904 suum3
1687 2813 1893 2921 quadrage-

478 2946 604 3021 narius
627 2943 686 3019 vel
710 2943 824 3033 circa,
849 2943 1071 3021 mantellum
1093 2943 1296 3021 ordiniset
1311 2942 1466 3021 barbam
1488 2942 1690 3030 defferens,
1716 2972 1801 3020 cum
1816 2972 1893 3048 quo

478 3073 702 3178 inquisitum
723 3070 857 3161 luerat,
872 3070 1066 3149 absolutus
1086 3091 1123 3149 et
1143 3072 1406 3151 reconciliatus
1419 3102 1486 3178 per
1504 3073 1704 3150 dominum
1718 3073 1893 3180 archiepi-

480 3231 635 3308 scopum
673 3203 947 3278 Turonensem.
993 3202 1114 3278 Lectis
1147 3220 1273 3278 antem
1305 3220 1342 3280 et
1356 3228 1360 3235 ’
1376 3203 1578 3310 diligenter
1613 3203 1788 3308 expositis
1824 3203 1894 3279 sibi

481 3330 659 3408 omnibus
673 3348 710 3407 et
720 3330 876 3436 singulis
891 3331 1076 3418 articulis,
1097 3333 1291 3438 respondit
1306 3361 1344 3410 se
1367 3326 1528 3423 nescire,
1549 3360 1619 3410 nec
1638 3334 1809 3420 credere,
1827 3360 1895 3410 nec

481 3460 665 3539 audivisse
685 3461 759 3536 dici
783 3460 830 3537 de
855 3462 1040 3538 contentis
1057 3463 1096 3537 in
1123 3463 1176 3538 eis
1200 3462 1270 3538 nisi
1296 3465 1402 3568 quod
1426 3464 1607 3570 sequitur.
1631 3464 1715 3570 lpse
1739 3462 1894 3570 quidem

481 3591 553 3668 fuit
567 3608 739 3696 receptus
751 3591 790 3666 in
803 3590 942 3696 capella
958 3591 1094 3669 domus
1109 3592 1258 3697 Templi
1278 3593 1325 3670 de
1340 3592 1466 3671 Insula
1480 3592 1664 3671 Bochardi
1675 3593 1895 3670 Pictavensis

483 3722 655 3813 diocesis,
686 3739 775 3798 sunt
803 3748 863 3798 xxr
888 3720 974 3796 anni
994 3722 1052 3798 vel
1075 3722 1185 3810 circa,
1209 3751 1276 3829 per
1305 3722 1457 3800 fratrem
1483 3725 1639 3802 Petrum
1669 3723 1716 3800 de
1749 3722 1895 3801 Madico

481 3852 674 3958 quondam
705 3850 883 3937 militem,
915 3869 1007 3927 tunc
1035 3850 1160 3929 locum
1188 3869 1379 3930 tenentem
1406 3854 1625 3942 visitatoris,
1656 3852 1896 3959 presentibus

482 3981 657 4058 fratribus
676 3979 847 4057 lohanne
871 3980 1040 4064 Durandi
1066 3981 1119 4057 eri
1152 3983 1375 4075 examinato,
1396 3985 1554 4093 Hugone
1582 3985 1629 4061 de
1652 3986 1784 4061 Narsac
1809 4009 1897 4088 pre-

483 4128 631 4214 ceptore
653 4111 699 4187 de
714 4110 906 4216 Espaucis,
926 4139 1041 4217 quem
1062 4112 1181 4189 credit
1196 4112 1338 4203 virere,
1361 4131 1398 4191 et
1412 4115 1582 4194 lohanne
1602 4112 1650 4191 de
1668 4114 1805 4191 Sancto
1821 4112 1897 4189 Be-

484 4234 633 4312 nedicto
651 4238 835 4316 avunculo
855 4240 972 4346 ipsius
991 4241 1112 4330 testis,
1135 4240 1342 4333 deffimcto,
1363 4259 1457 4321 teste
1477 4271 1590 4348 supra
1608 4241 1834 4333 examinato,
1856 4241 1896 4316 in

485 4362 587 4441 hunc
608 4366 765 4443 modum
789 4401 798 4444 ε
824 4397 909 4445 nam
941 4398 1027 4446 cum
1045 4372 1218 4476 peciisset
1243 4401 1379 4478 panem
1395 4390 1438 4450 ‚et
1462 4402 1597 4481 aquam
1622 4390 1660 4450 et
1680 4373 1898 4450 societatem

484 4493 639 4572 lratrum
661 4496 818 4588 ordinis,
848 4513 887 4572 et
909 4524 1086 4601 responso
1115 4500 1239 4578 eidem
1266 4503 1369 4610 quod
1398 4503 1497 4581 bene
1533 4502 1780 4590 deliberaret,
1808 4500 1897 4606 quia

486 4640 674 4725 oporteret
694 4653 782 4700 eum
811 4622 983 4701 abdicare
1003 4654 1023 4700 a
1045 4654 1084 4702 sc
1107 4630 1295 4733 propriam
1316 4632 1565 4719 voluntatem,
1585 4642 1623 4708 'et
1646 4631 1765 4709 multa
1785 4629 1898 4706 susti-

487 4775 576 4826 nere
592 4751 639 4827 de
659 4752 798 4856 quibus
817 4779 894 4836 non
908 4753 1113 4859 cogitabat,
1130 4782 1172 4833 ac
1183 4785 1362 4864 responso
1375 4787 1444 4865 per
1463 4789 1552 4839 eum
1567 4761 1672 4868 qnod
1687 4760 1790 4866 ipse,
1809 4784 1899 4838 cnm
