4268 5946
446 437 520 509 noo
831 413 1151 507 processus
1178 430 1477 505 inuramus,

448 577 546 653 dicta
564 574 623 651 rel
643 572 784 679 prolata
803 573 842 649 in
865 574 1035 681 capitulis
1056 573 1222 680 pandant
1245 574 1399 678 recepti,
1425 598 1518 648 neve
1537 570 1875 678 detegantnuique·

448 707 526 796 alii,
551 706 665 782 eciam
686 705 715 780 si
736 702 846 779 frater
860 705 906 781 sit
925 705 1015 781 dicti
1035 703 1190 792 ordinis,
1212 704 1282 780 nisi
1309 704 1386 781 illis
1410 701 1676 807 duntaxatqui
1705 703 1866 807 capitulo

446 866 514 914 sue
534 835 761 942 receptionis
780 852 950 940 tempore
969 835 1166 912 affuerunt.
1210 908 1211 912 ,

501 965 560 1041 Ad
578 965 717 1052 lxxxur,
737 963 873 1041 lxxxuu
884 980 922 1040 et
935 965 1039 1043 lxxxv
1058 965 1232 1042 articulos
1252 964 1446 1052 inclusive,
1462 961 1663 1068 diligenter
1681 980 1719 1039 et
1733 963 1867 1070 siglla-

446 1098 514 1172 tim
537 1096 803 1201 interrogatus,
823 1095 1055 1201 respondens
1074 1095 1168 1171 dixit
1182 1095 1388 1171 accredere
1403 1111 1594 1172 contentas
1610 1093 1869 1199 deposiciones

448 1227 486 1301 in
507 1226 629 1303 littera
653 1225 950 1302 excellentissimi
976 1225 1118 1303 domini
1143 1225 1263 1302 nostri-
1282 1225 1420 1302 summi
1443 1222 1631 1330 pontilicis
1649 1223 1814 1332 vulgatas
1833 1243 1869 1300 et

447 1354 647 1460 publicatas
667 1356 706 1431 in
725 1357 804 1462 ejus
824 1384 925 1432 sacro
941 1354 1176 1443 consistorio,
1191 1353 1302 1432 lactas
1318 1384 1397 1433 esse
1416 1383 1485 1461 per
1503 1354 1693 1460 predictos
1711 1355 1777 1460 qui
1796 1355 1870 1431 lra-

446 1504 521 1563 tres
540 1486 653 1563 fixisse
674 1487 850 1563 dicuntur
869 1486 1012 1563 ordinis
1032 1485 1120 1562 dicti
1140 1485 1307 1592 Templi3
1330 1487 1422 1562 dixit
1439 1503 1563 1562 tamen
1583 1485 1688 1590 quod
1706 1512 1866 1590 semper,

448 1616 545 1692 salva·
558 1616 778 1692 excellencia
794 1634 831 1694 et
846 1619 989 1694 honore
1004 1615 1172 1722 ejusdem
1189 1615 1333 1692 domini
1346 1616 1461 1693 nostri
1474 1615 1612 1692 summi
1627 1615 1816 1720 pontilicis
1831 1634 1868 1693 et

451 1748 531 1853 ejus
544 1747 757 1822 ‘consistorii
779 1765 891 1852 atque
910 1746 1082 1833 fratrum,
1104 1745 1292 1850 predictos
1311 1745 1441 1822 fratres
1460 1745 1608 1850 Templi
1628 1744 1668 1820 in
1688 1744 1797 1821 dictis
1817 1774 1870 1822 ar-

450 1876 571 1953 ticulis
590 1891 783 1952 contentos
802 1874 891 1951 falso
911 1874 1025 1951 modo
1042 1891 1079 1950 et
1094 1891 1221 1951 contra
1236 1876 1428 1951 veritatem
1443 1874 1506 1951 illa
1521 1902 1595 1981 que
1608 1874 1768 1951 molossi
1784 1894 1869 1952 sunt

451 2005 584 2081 dixisse
606 2023 644 2082 et
664 2004 849 2082 confessos
870 2033 965 2095 esse,
987 2033 1072 2080 cum
1091 2004 1155 2079 hic
1175 2004 1240 2110 qui
1261 2004 1431 2111 loquitur
1453 2034 1524 2081 nec
1547 2005 1638 2081 aciat
1656 2032 1726 2080 nec
1745 2005 1869 2082 credat

452 2134 571 2210 dictos
596 2161 739 2210 errores
758 2134 816 2211 vel
843 2134 890 2210 de
914 2134 988 2209 illis
1009 2132 1205 2239 aliquem
1196 2162 1235 2209 an
1261 2135 1361 2211 dicto
1379 2133 1514 2211 ordine
1532 2134 1682 2239 Templi
1702 2162 1867 2241 unquam

450 2264 564 2340 fuisse
584 2279 745 2367 patratos
766 2291 834 2339 nec
855 2262 970 2342 eciam
986 2263 1209 2340 nominatos.

506 2392 564 2466 Ad
578 2392 696 2468 lxxxvi
709 2392 903 2467 articulum
919 2392 1144 2496 diligenter
1134 2410 1398 2498 interrogatus,
1419 2323 1650 2501 respondens
1661 2395 1753 2470 dixit
1765 2397 1866 2501 quod

450 2521 563 2599 frater
580 2519 763 2597 Arnaldus
783 2520 830 2596 de
844 2519 1080 2598 Torroselha
1077 2540 1288 2628 preceptor
1312 2523 1447 2602 domus
1466 2523 1615 2629 Templi
1636 2524 1685 2601 de
1704 2525 1869 2603 Garden-

452 2651 531 2729 obis
552 2653 588 2726 in
608 2668 705 2729 terra
724 2650 913 2729 Catalouie
935 2653 1075 2758 recepit
1094 2653 1217 2758 ipsum
1239 2653 1278 2729 in
1299 2653 1451 2732 fratrem
1470 2655 1559 2732 dicti
1579 2654 1738 2744 ordinis,
1753 2657 1792 2732 in
1813 2684 1872 2732 ca-

452 2781 548 2887 pella
573 2781 670 2859 dicte
696 2783 849 2872 domus,
877 2783 972 2859 circa
995 2782 1132 2861 festum
1156 2785 1270 2861 sancti
1296 2784 1487 2863 Michaelis
1509 2784 1678 2891 proxime
1702 2785 1869 2892 preteriti

451 2911 603 2989 luerunt
621 2910 715 2990 xu‘im
733 2914 817 2990 anni
838 2914 896 2990 vel
916 2915 1010 2991 circa
1036 2914 1164 3020 elapsi,
1187 2915 1424 3022 presentibus
1448 2933 1485 2991 et
1504 2915 1648 2992 ibidem
1667 2914 1870 2992 camoribus

452 3043 561 3119 Petro
582 3043 629 3119 de
645 3045 890 3123 Moutecurvo
910 3044 1046 3133 milite,
1068 3045 1332 3124 Bartholomeo
1348 3045 1506 3123 Navarro
1522 3046 1730 3151 presbitero
1749 3045 1871 3151 capel-

452 3169 554 3257 lano,
575 3170 776 3247 Guillelmo
793 3173 840 3248 de
860 3175 1067 3261 Passavant,
1088 3178 1127 3253 P.
1150 3176 1198 3252 de
1220 3177 1484 3281 Montesquino
1504 3193 1542 3254 et
1559 3175 1646 3253 aliia‘
1656 3176 1784 3253 multis
1797 3174 1871 3251 lra-

452 3299 571 3376 tribus
594 3299 761 3406 ejusdem
778 3302 930 3378 ordinis.

509 3431 566 3506 De
584 3430 699 3508 modo
719 3449 843 3508 autem
857 3461 927 3510 sue
948 3434 1193 3540 recepcionis,
1214 3436 1306 3511 dixit
1324 3453 1437 3542 prout
1454 3435 1567 3512 frater
1585 3435 1872 3514 bartholomeus

455 3561 502 3636 de
519 3552 640 3639 Turre
659 3562 763 3637 testis
782 3564 938 3668 primus,
967 3581 1003 3641 et
1027 3565 1139 3643 frater
1157 3567 1366 3673 capellanus
1390 3567 1559 3675 ejusdem
1578 3567 1740 3654 ordinis,
1761 3590 1871 3672 supra

454 3693 545 3771 dixit
564 3709 601 3771 et'
620 3692 794 3799 deposuit
815 3696 853 3771 iu
872 3725 938 3772 sua
957 3697 1223 3776 testificatione.

510 3824 568 3902 Ad
594 3824 741 3912 lxxxvn,
772 3825 919 3904 lxxxvut
944 3846 981 3904 et
1004 3827 1181 3905 ultimum
1206 3828 1381 3906 articulos
1406 3828 1603 3935 diligenter
1625 3845 1663 3905 et
1682 3828 1870 3934 sigillatim

456 3955 717 4062 interrogatus,
744 3957 976 4061 respondens
999 3959 1145 4066 negavit
1167 3958 1387 4065 simpliciter
1410 3959 1579 4036 universa
1603 3976 1640 4036 et
1666 3957 1808 4064 singula
1831 3958 1872 4033 iu

454 4084 544 4190 ipsis
563 4084 726 4162 articulis
743 4104 914 4164 contenta
930 4105 966 4164 et
980 4089 1205 4195 specificat-13
1225 4088 1368 4167 addens
1386 4089 1492 4196 quod
1504 4117 1573 4166 nec
1587 4089 1656 4165 scit
1672 4116 1741 4165 nec
1754 4087 1874 4165 credit

456 4244 601 4293 errores
609 4216 797 4321 predictos
806 4218 959 4295 traxisse
969 4219 1025 4296 vel
1036 4220 1209 4298 habuisse
1218 4219 1401 4327 originem
1412 4248 1481 4296 nec
1490 4247 1629 4298 nomen
1643 4217 1795 4324 aliquod
1808 4217 1874 4293 ha·

455 4346 579 4425 buisse
597 4346 635 4423 in
656 4347 957 4455 ordineTempli,
974 4366 1011 4426 et
1024 4353 1108 4457 plus
1119 4353 1235 4429 eciam
1248 4352 1336 4457 quia
1348 4360 1423 4427 ‘nec
1435 4351 1472 4425 iu
1485 4350 1606 4457 aliqua
1625 4366 1728 4455 parte
1739 4347 1873 4424 muudi

455 4476 553 4580 apud
571 4475 701 4555 fideles
714 4475 859 4586 aliquos
871 4480 1116 4571 Christianos,
1132 4512 1217 4563 oum
1233 4479 1416 4560 diabolica
1431 4483 1504 4559 sint
1519 4507 1645 4589 eaque
1660 4495 1876 4557 asseruntur

456 4621 494 4680 et
505 4606 680 4685 dicuntur
694 4609 733 4684 in
750 4610 911 4688 articulis
926 4639 1069 4690 errores
1083 4612 1373 4720 exprimentibus
1390 4613 1616 4720 sepedictos3
1635 4638 1705 4686 nec
1723 4608 1792 4686 scit
1803 4635 1875 4685 nec

456 4761 621 4838 unquam
639 4738 731 4815 vidit
750 4769 818 4818 nec
838 4743 998 4821 credidit
1018 4746 1134 4850 capita
1152 4747 1210 4823 vel
1227 4744 1338 4851 ydola
1362 4771 1527 4850 unquam
1548 4741 1662 4819 fuisse
1681 4740 1718 4816 in
1739 4738 1872 4816 ordine
