4230 5956
635 479 830 573 vsocss
860 497 953 568 ons
980 495 1279 567 rnuvmsns.
1596 499 1662 571 101

250 657 433 719 servatum
454 637 585 715 fuisset
610 638 715 745 quod
743 665 899 744 magnus
924 636 1098 743 Magister
1119 665 1205 712 curn
1232 651 1418 713 conventu
1446 636 1664 716 ordinasset.

249 770 379 850 Credit
395 770 501 876 quod
521 797 667 847 errores
689 768 915 846 consessatos
936 795 1005 872 per
1026 794 1114 844 eum
1134 767 1248 873 longo
1271 782 1460 871 tempore,
1476 766 1595 841 nescit
1612 784 1668 843 tn-

251 930 340 979 men
358 917 513 1008 quanto,
526 901 565 976 in
578 900 711 977 ordine
726 900 890 987 durasse,
908 914 946 974 et
958 896 1135 975 fratribus
1151 896 1295 973 ordinis
1309 894 1524 972 manifestos
1536 894 1666 986 luisse,

252 1048 290 1109 et
308 1031 414 1137 quod
444 1058 529 1107 vera
563 1047 652 1107 sunt
671 1057 745 1136 qne
764 1057 921 1136 magnus
943 1028 1117 1134 Magister
1146 1043 1183 1103 et
1210 1025 1270 1103 alii
1300 1027 1338 1101 in
1365 1026 1503 1102 licteris
1523 1043 1669 1132 aposto-

251 1162 332 1239 licis
352 1160 535 1238 nominati
577 1161 753 1248 dicuntur
788 1159 902 1237 fuisse
937 1157 1095 1235 consessi
1132 1159 1179 1235 dc
1212 1157 1402 1235 erroribus
1433 1156 1666 1262 supradictis.
1732 1190 1737 1195 ·
1770 1152 1774 1157 ¹

253 1294 365 1381 ltem,
386 1291 479 1367 dixit
493 1319 532 1367 se
551 1289 664 1368 luisse
679 1289 890 1368 confessum
907 1290 954 1366 de
969 1288 1148 1395 predictis
1163 1287 1355 1365 erroribus
1372 1285 1587 1365 consessatis
1601 1316 1670 1393 per

253 1450 341 1498 enm
362 1420 465 1497 fratri
495 1420 730 1498 Guischardo
755 1421 802 1497 de
823 1421 958 1497 Sancto
980 1420 1200 1506 Saturnino,
1222 1418 1413 1524 quondam
1434 1417 1578 1495 ordinis
1597 1419 1669 1494 Mi-

251 1577 387 1627 norum
419 1550 653 1627 conventuali
683 1568 775 1626 tunc
800 1551 847 1626 de
872 1549 967 1629 Caro
993 1551 1086 1626 Leto
1113 1547 1397 1625 Matisconensis
1423 1547 1598 1636 diocesis,
1630 1551 1667 1623 in

252 1679 406 1757 ecclesia
422 1697 546 1756 sancte
566 1680 671 1756 Fidis
689 1680 877 1758 Ednensis
898 1680 1071 1768 diocesis,
1092 1677 1186 1755 infra
1209 1679 1307 1756 duos
1331 1707 1479 1757 menses
1499 1695 1585 1784 post
1604 1678 1668 1754 ab·
1784 1698 1789 1709 ·

252 1810 493 1916 negacionem
515 1826 553 1886 et
572 1811 805 1916 spuicionem
825 1838 894 1915 per
913 1838 1000 1886 eum
1021 1808 1150 1895 lactas,
1166 1838 1185 1884 a
1201 1837 1278 1914 quo
1299 1807 1494 1884 absolutus
1512 1808 1665 1898 exstitit,

196 1950 203 1960 “
252 1956 289 2015 et
303 1941 487 2048 jejunavit
499 1957 618 2019 sextas
636 1941 745 2017 serias
761 1967 829 2046 per
843 1968 1001 2027 annum,
1018 1940 1113 2015 sicut
1131 1939 1312 2044 imposuit
1331 1940 1376 2014 ei.

307 2069 524 2176 Requisitus
540 2071 571 2147 si
595 2070 646 2145 sic
670 2069 846 2176 deposuit
865 2096 991 2173 prece,
1008 2085 1201 2174 precepto,
1217 2069 1371 2159 timore,
1396 2096 1540 2154 amore,
1561 2069 1666 2158 odio,

251 2198 311 2273 vel
334 2198 533 2302 temporali
565 2198 726 2274 comodo
759 2196 887 2273 habito
916 2195 972 2273 vel
1003 2197 1194 2289 habendo,
1222 2197 1417 2303 respondit
1445 2199 1549 2303 quod
1574 2226 1666 2285 non,

252 2326 318 2404 sed
346 2354 416 2432 pro
439 2327 593 2402 veritate
623 2326 798 2415 dicenda3
823 2343 861 2403 et
882 2353 959 2401 non
977 2326 1166 2403 obtulerat
1187 2354 1226 2403 se
1247 2326 1293 2402 ad
1314 2327 1587 2404 deffensionem
1609 2355 1670 2404 or·

253 2456 366 2545 dinis,
389 2473 427 2532 et
444 2455 516 2533 luit
538 2470 764 2560 protestatus
784 2472 871 2531 ante
892 2455 1171 2561 deposicionem
1192 2485 1298 2533 suam
1320 2458 1424 2563 quod
1447 2485 1523 2535 non
1545 2459 1668 2535 inten-

254 2584 368 2663 debat
381 2587 564 2664 recedere·
578 2614 598 2661 a
613 2585 853 2690 deposicione
873 2613 940 2690 per
960 2613 1047 2663 eum
1065 2584 1158 2662 lacta
1179 2614 1301 2664 coram
1324 2587 1425 2664 dicto
1447 2587 1603 2664 domino
1619 2616 1671 2664 ar-

255 2847 350 2921 banc
368 2871 474 2922 suam
496 2845 792 2952 deposicionem,
814 2873 1013 2952 quousque
1033 2847 1290 2922 attestaciones
1309 2845 1451 2922 lirerint
1466 2846 1667 2951 publicate.

308 3107 439 3182 Frater
455 3106 750 3183 Bartholomaens
771 3105 818 3183 de
837 3083 956 3183 Podio
977 3107 1116 3184 Revelli
1149 3108 1312 3186 serviens
1340 3110 1588 3217 carrugerius,
1610 3111 1669 3185 Pi-

254 3236 432 3314 ctavensis
452 3235 626 3325 diocesis,
651 3236 756 3313 testis
784 3265 894 3342 supra
922 3237 1085 3344 juratus,
1119 3238 1435 3345 quadragenarius
1465 3240 1522 3315 vel
1558 3240 1667 3329 circa,

254 3365 476 3443 mantellum
497 3382 535 3442 et
552 3365 706 3442 barbam
729 3366 932 3457 defferens,
955 3396 1041 3443 cum
1067 3395 1145 3474 quo
1162 3369 1385 3474 inquisitum
1404 3367 1540 3458 luerat,
1561 3370 1668 3448 abso·

253 3494 355 3573 lutus
371 3514 408 3573 et
421 3496 684 3574 reconciliatus
701 3525 769 3602 per
784 3496 981 3575 officialem
1000 3496 1268 3588 Pict'avensem,
1285 3500 1396 3578 lectis
1410 3518 1448 3576 et
1469 3500 1670 3609 diligenter

255 3626 430 3731 expositis
458 3627 528 3703 sibi
553 3626 729 3704 omnibus
755 3644 793 3704 et
817 3626 973 3734 singulis
993 3628 1174 3716 articulis,
1197 3630 1391 3735 respondit
1415 3661 1454 3708 se
1474 3659 1668 3736 nunquam

254 3753 407 3842 vidisse,
429 3756 574 3833 scivisse
600 3756 658 3832 vel
683 3755 867 3834 audivisse
895 3757 967 3834 dici
995 3774 1079 3834 ante
1107 3759 1322 3864 capcionem
1343 3788 1474 3838 eorum
1501 3760 1605 3866 qnod
1630 3762 1670 3836 in

255 3885 538 3991 recepcionibus
557 3885 714 3963 liatrum
734 3886 878 3963 ordinis
898 3887 956 3965 vel
980 3905 1064 3992 post
1088 3889 1357 3967 intervenirent
1382 3891 1667 3996 abnegaciones,

256 4014 607 4123 dogmatizaciones,
630 4014 831 4122 opprobria
850 4017 985 4104 crucis,
1008 4016 1132 4093 oscula
1154 4018 1369 4106 inhonesta,
1393 4019 1534 4094 crimen
1556 4020 1669 4096 sodo-

256 4142 442 4232 miticum,
465 4145 707 4222 adoraciones
727 4146 797 4222 cati
817 4145 873 4223 vel
892 4145 1111 4252 ydolorum,
1135 4146 1192 4221 vel
1212 4148 1316 4252 quod
1338 4165 1461 4225 essent
1479 4150 1667 4228 increduli

256 4269 509 4347 ecclesiasticis
526 4275 780 4361 sacramentis,
801 4272 940 4377 quibus
961 4275 1043 4379 ipse
1067 4273 1165 4350 bene
1191 4275 1383 4370 credebat,
1404 4279 1462 4356 vel
1486 4281 1589 4386 qnod
1609 4310 1672 4358 eo·

257 4427 342 4476 rum
363 4401 573 4479 sacerdotes
589 4419 717 4479 contra
733 4401 890 4478 formam
904 4401 1068 4480 Ecclesia
1084 4404 1332 4497 celebrarent,
1347 4409 1403 4487 vel
1418 4410 1523 4515 quod
1539 4437 1671 4488 eorum

256 4527 338 4604 laici
358 4529 595 4608 absolverent
612 4531 670 4608 vel
695 4547 847 4637 possent
865 4531 1056 4611 absolvere
1076 4562 1097 4609 a
1117 4535 1292 4639 peccatis,
1317 4538 1482 4617 adiciens
1504 4541 1610 4647 quod
1632 4542 1672 4618 in

258 4660 476 4766 recepcione
491 4689 557 4739 sua
577 4678 615 4738 et
634 4661 674 4737 in
690 4662 909 4768 recepcione
926 4662 1047 4740 battis
1065 4665 1246 4744 lobannis
1265 4667 1376 4746 Folhi
1396 4672 1591 4750 servientis
1611 4674 1673 4751 de

259 4790 351 4866 tenti
369 4791 549 4882 Turonis,
562 4819 677 4897 quem
690 4791 782 4868 vidit
796 4793 927 4898 recipi,
945 4792 1003 4870 vel
1020 4811 1121 4899 post,
1138 4795 1254 4874 nichil
1269 4799 1470 4879 intervenit
1483 4802 1669 4883 illicitum.
