4230 5956
493 449 566 522 mu
870 429 1064 563 esoces
1094 449 1192 521 uss
1222 447 1528 525 revisimus,

491 593 653 669 habebat
667 590 828 668 multum
844 620 970 668 carum
983 591 1191 695 repositum
1207 608 1302 679 erat,
1319 609 1447 698 aperto
1465 590 1566 671 dicto
1581 588 1716 671 scrinio
1736 593 1907 699 etcapite

492 723 745 827 discooperto,
777 736 997 826 tempestate
1028 721 1153 798 subito
1187 721 1426 810 imminente,
1456 721 1554 800 dicta
1584 723 1685 800 navis
1713 722 1907 801 submersa

491 855 609 929 extitit
636 882 722 928 cum
746 852 989 930 existentibus
1012 851 1052 926 in
1077 853 1227 942 eadem,
1253 851 1482 957 quibusdam
1508 852 1630 930 nautis
1656 854 1815 959 exceptis
1840 855 1905 960 qui

491 1011 559 1087 per
573 1011 679 1058 suam
693 980 914 1059 industriam
930 975 1141 1069 evaserunt,
1157 998 1195 1057 et
1206 980 1372 1086 predicta
1383 1000 1636 1060 narraverunt.
1650 984 1698 1060 Et
1712 982 1907 1060 dicebatur

492 1111 596 1216 quod
616 1128 751 1187 extunc
780 1139 857 1188 non
877 1110 1018 1187 fuerint
1038 1110 1157 1214 pisces
1176 1110 1216 1185 in
1238 1110 1302 1187 illa
1324 1129 1426 1216 parte
1445 1112 1561 1189 maris
1587 1112 1627 1187 in
1647 1139 1720 1217 qua
1739 1113 1907 1219 predicta

491 1242 772 1347 contingerunt;
795 1269 872 1317 non
892 1258 1017 1316 tamen
1037 1239 1179 1316 audivit
1203 1238 1278 1317 dici
1300 1239 1408 1346 quod
1429 1241 1573 1319 dictum
1599 1242 1720 1347 capud
1739 1244 1788 1320 ad
1807 1242 1908 1319 ordi-

491 1399 577 1445 nem
599 1370 900 1474 Templariorum
918 1369 1146 1475 pervenerit,
1167 1396 1238 1446 nec
1248 1369 1352 1446 aliud
1365 1371 1486 1477 capud
1497 1371 1545 1449 de
1553 1401 1630 1478 quo
1642 1372 1819 1477 deposuit
1827 1401 1907 1448 ma·

490 1502 604 1606 gister
631 1499 845 1577 Anthonius
868 1498 916 1575 de
942 1498 1131 1576 Vercellis.
1158 1499 1428 1606 injungebatur
1456 1501 1511 1578 eis
1535 1529 1603 1607 per
1631 1520 1903 1581 sacramentum

492 1658 539 1704 ne
560 1630 766 1706 revelarent
784 1646 924 1711 secreta
942 1628 1225 1734 capituliorum,
1248 1631 1367 1707 eciam
1389 1630 1565 1709 fratribus
1588 1632 1651 1737 qui
1675 1659 1752 1708 non
1772 1631 1904 1708 adfue-

421 1762 425 1767 ’
491 1777 573 1838 rant
592 1761 633 1836 in
653 1759 813 1848 eisdem,
835 1761 882 1836 de
903 1759 1020 1836 modo
1035 1759 1264 1864 recepcionis
1279 1760 1429 1866 speciali
1448 1788 1526 1838 non
1546 1761 1672 1839 habita
1686 1763 1901 1848 mencione;

492 1906 529 1965 et
555 1889 621 1995 qui
647 1887 886 1980 revelassent,
912 1889 1122 1967 secundum
1147 1905 1284 1966 statuta
1302 1891 1446 1969 ordinis
1464 1890 1623 1968 domum
1638 1891 1901 1996 perdidissent.

491 2020 712 2124 Superiores
737 2019 880 2096 ordinis
904 2019 969 2124 qui
997 2035 1196 2124 potuerant
1223 2021 1408 2126 corrigere
1436 2048 1581 2098 errores
1608 2019 1763 2098 suerunt
1787 2024 1906 2128 negli-

490 2149 735 2255 gentes,quia
747 2165 1074 2226 noncorrexerunt
1086 2176 1151 2226 eos
1163 2175 1232 2225 nec
1245 2150 1566 2228 denunciaverunt
1574 2150 1906 2228 Ecclesie.Elemo-

491 2277 590 2352 sinas
605 2295 641 2353 et
656 2278 943 2382 hospitalitatem
962 2277 1054 2354 vidit
1073 2280 1337 2356 convenienter
1354 2279 1438 2358 fieri
1459 2296 1496 2357 et
1516 2281 1649 2358 servari
1670 2280 1709 2356 in
1729 2281 1906 2359 domibus

493 2406 636 2484 ordinis
653 2407 691 2482 in
711 2407 851 2512 quibus
867 2406 1002 2483 exstitit
1021 2426 1283 2521 commoratus.
1302 2410 1346 2486 ln
1364 2411 1494 2516 regula
1514 2437 1646 2487 eoru-m
1667 2409 1906 2487 inhibebatur

493 2565 540 2612 ne
556 2536 691 2643 aliquis
704 2535 817 2614 lrat'er
836 2536 980 2614 ordinis
995 2538 1190 2616 interesset
1209 2538 1293 2618 loco
1313 2540 1353 2615 in
1372 2568 1450 2645 quo
1468 2537 1604 2644 aliquis
1620 2540 1906 2616 exheredaretur

492 2666 641 2774 injuste,
665 2684 701 2742 et
716 2666 941 2745 contrarium
962 2666 1138 2745 facientes
1157 2669 1422 2772 puniebantur.
1444 2670 1587 2746 Eorum
1607 2669 1782 2773 capitulis
1801 2686 1907 2746 tene-

491 2797 628 2874 bantur
647 2796 695 2873 de
718 2796 796 2888 die,
816 2797 942 2902 januis
961 2796 1111 2884 clausis,
1133 2796 1250 2875 nullis
1268 2797 1506 2902 presentibus
1521 2798 1594 2876 nisi
1609 2798 1786 2876 fratribus
1806 2798 1906 2877 ordi·

492 2927 569 3018 nis,
596 2945 633 3002 et
655 2925 920 3031 providebatur
941 2955 988 3004 ne
1008 2926 1201 3005 audiretur
1225 2927 1386 3005 exterius
1408 2927 1514 3033 quod
1537 2928 1691 3004 interius
1715 2929 1904 3034 agebatur.

493 3059 672 3134 Ordinata
693 3088 760 3163 per
774 3058 993 3164 Magistrum
1011 3086 1098 3134 cum
1113 3074 1299 3136 conventu
1319 3074 1502 3135 servasset
1514 3073 1617 3134 totus
1638 3057 1749 3148 ordo,
1769 3057 1905 3163 inquo

493 3183 583 3261 dicti
609 3213 753 3263 errores
777 3185 955 3261 dicuntur
979 3185 1093 3265 luisse
1118 3215 1184 3290 per
1205 3185 1396 3292 quendam
1419 3187 1638 3293 Magistrum
1656 3186 1905 3292 Burgundum

494 3314 713 3405 introducti,
741 3315 856 3391 nescit
882 3315 1051 3420 quando,
1079 3343 1148 3391 nec
1171 3315 1256 3421 quis
1270 3315 1394 3392 suerit.
1420 3318 1526 3393 Nunc
1549 3314 1702 3423 grandia
1721 3316 1905 3403 scandala,

494 3444 655 3548 suspicio
674 3461 711 3519 et
725 3443 876 3520 infamia
893 3461 981 3519 sunt
997 3459 1120 3521 exorta
1135 3461 1262 3520 contra
1280 3445 1422 3520 dictum
1440 3445 1632 3531 ordinem,
1655 3445 1762 3551 cujus
1778 3445 1910 3523 fratres

494 3573 613 3648 credit
626 3574 729 3678 quod
749 3573 886 3650 scirent
899 3573 1188 3680 abnegacionem
1204 3574 1432 3680 predictam,
1455 3591 1492 3650 et
1509 3574 1613 3679 quod
1632 3602 1714 3650 eam
1735 3575 1911 3680 Magister

495 3720 531 3778 et
560 3703 620 3779 alii
651 3703 726 3780 sint
751 3701 924 3791 confessi,
947 3720 984 3779 et
1003 3703 1095 3779 dixit
1118 3704 1223 3808 quod
1248 3702 1370 3780 dictus
1396 3703 1582 3808 Magister,
1603 3732 1689 3780 cum
1716 3721 1812 3780 esset
1841 3704 1912 3780 dis-

495 3834 620 3910 cordia
635 3833 733 3909 ultra
751 3861 854 3909 mare
874 3833 913 3908 in
934 3850 1119 3908 conventu
1136 3861 1268 3910 eorum
1289 3834 1337 3910 de
1358 3834 1549 3910 creaeione
1565 3833 1747 3940 Magistri,
1766 3849 1802 3908 et
1821 3861 1909 3936 pro·

496 3962 666 4039 vinciales
695 3961 935 4039 Lemovieinii
957 3977 995 4038 et
1018 3960 1232 4069 Alvergnie,
1254 3964 1321 4069 qui
1348 3963 1530 4041 faciebant
1555 3962 1731 4069 majorem
1763 3979 1909 4066 partem

496 4109 713 4182 conventus,
735 4091 874 4169 vellent
893 4092 1032 4170 babere
1045 4092 1091 4168 in
1114 4093 1331 4200 Magistrum
1359 4092 1510 4170 fratrem
1530 4094 1727 4199 Hugonem
1746 4091 1795 4168 de
1816 4094 1910 4169 Pen-

495 4222 627 4309 rando,
655 4239 692 4298 et
715 4225 839 4301 minor
861 4252 943 4330 pars
963 4223 1107 4301 dictum
1124 4223 1359 4331 Magistrum,
1381 4222 1545 4328 prelatus
1564 4222 1739 4327 Magister
1753 4222 1906 4329 juravit,

493 4381 619 4429 coram
636 4352 1028 4458 Magistro-Hospitalis
1045 4353 1111 4458 qui
1124 4356 1214 4430 tun'c
1233 4369 1326 4444 erat,
1344 4369 1383 4429 et
1396 4380 1521 4429 coram
1539 4350 1697 4427 domino
1712 4349 1845 4428 Odoue
1861 4349 1909 4425 de

494 4483 634 4561 Grandi
654 4483 756 4560 Sono
776 4482 916 4568 milite,
939 4499 976 4557 et
996 4482 1169 4586 pluribus
1188 4482 1285 4573 aliis,
1307 4481 1413 4589 quod
1432 4481 1512 4586 ipse
1532 4480 1760 4557 consentiret
1785 4479 1825 4555 in
1854 4479 1911 4555 di-

495 4630 596 4688 etum
609 4612 760 4688 fratrem
773 4613 989 4717 Hugonem,
1011 4627 1049 4686 et
1067 4612 1171 4715 quod
1190 4613 1269 4716 ipse
1286 4611 1441 4689 nolebat
1454 4638 1532 4687 esse
1548 4609 1734 4715 Magister.
1754 4610 1905 4685 Etcum

496 4768 538 4813 ex
560 4742 631 4816 hoc
652 4741 769 4845 major
788 4769 871 4845 pars
891 4738 1139 4817 consensisset
1161 4740 1266 4846 quod
1289 4742 1368 4847 ipse
1391 4742 1500 4819 lieret
1519 4768 1678 4846 magnus
1696 4753 1905 4844 preceptor,
