4230 5956
706 457 910 560 Puocts
937 446 1032 550 uus
1058 472 1361 549 raucarum.
1667 478 1742 550 aas

323 616 561 698 observmdis
578 634 616 696 et
631 617 791 696 clamide
811 618 883 697 sibi
902 617 1022 724 posita
1040 618 1088 695 ad
1102 616 1260 706 collum,
1281 617 1380 723 ipse,
1397 615 1445 692 de
1463 635 1642 722 precepto
1653 618 1744 699 reci-

319 747 473 855 pientis,
498 747 686 827 osculatus
704 747 778 826 suit
792 747 935 827 dictum
948 748 1192 855 recipientem
1207 747 1337 854 primo·
1352 746 1391 824 iu
1407 743 1483 822 line
1497 747 1605 851 spine
1622 747 1742 839 dorsi,

319 878 487 957 secundo
504 879 544 956 in
557 879 739 958 umbilico
754 896 792 957 et
802 879 917 958 tertio
933 880 972 957 in
986 907 1066 958 ore.
1078 879 1126 957 Et
1138 876 1446 994 postea'prefatm
1460 877 1647 982 recipiens
1657 875 1746 957 lecit

320 1038 407 1087 eum
427 1009 612 1117 abnegare
639 1009 757 1089 semel
783 1037 932 1088 crucem
952 1009 1024 1088 sibi
1049 1027 1255 1099 ostensam,
1280 1026 1317 1087 et
1340 1007 1567 1115 prepositum
1591 1007 1744 1114 abipso

319 1140 524 1246 recipiente
539 1140 694 1219 nomine
709 1168 776 1218 seu
792 1139 1040 1246 racioneejus
1054 1139 1120 1246 qui
1139 1139 1211 1218 fuit
1229 1140 1270 1218 iu
1285 1167 1329 1216 aa
1343 1137 1558 1229 crucifixus,
1572 1137 1746 1219 videlicet

320 1271 500 1349 dominus
515 1270 650 1348 lbesus
664 1269 853 1359 Christus,
869 1287 979 1348 etter
994 1296 1130 1376 spuere
1148 1296 1259 1377 supra
1273 1298 1370 1348 eam.
1390 1272 1439 1348 Et
1456 1269 1744 1349 decantaverunt

320 1401 503 1508 recipiens
522 1418 561 1478 et
576 1400 641 1478 alii
659 1401 792 1481 iratres
804 1401 899 1479 dicti
919 1401 1063 1481 ordinis
1082 1401 1149 1508 qui
1168 1400 1217 1479 ad
1234 1402 1309 1480 hoc
1328 1417 1637 1508 erant-presentes
1650 1400 1745 1507 psal·

318 1558 438 1608 mum·
452 1533 547 1609 Ecce
570 1559 672 1634 qaam
696 1533 816 1609 bonum
844 1546 880 1610 et
895 1558 1008 1635 quum
1029 1532 1217 1639 jocundam
1237 1533 1394 1611 dubitare
1407 1534 1542 1637 smtms
1562 1538 1608 1608 in
1625 1535 1745 1609 mum!

318 1661 367 1737 Et
384 1660 478 1739 dixit
493 1660 557 1738 ille
577 1661 642 1767 qui
667 1660 847 1769 loquitur,
874 1690 943 1769 per
962 1663 1218 1769 juramentum
1237 1692 1368 1753 suum,
1388 1662 1497 1769 quod
1520 1662 1746 1740 intencionis

318 1819 385 1869 sue
401 1808 479 1869 erat
494 1790 598 1897 quod
617 1791 812 1869 cantabant
832 1792 944 1870 illum
963 1792 1167 1900 psalmum,
1191 1810 1229 1871 et
1247 1794 1321 1871 hoc
1337 1809 1585 1899 preceperunt
1596 1790 1668 1867 sibi
1684 1788 1746 1867 illa

319 1922 532 1999 intencione
548 1922 654 2028 quod
671 1950 772 2000 unua
791 1922 949 2000 haberet
967 1951 1049 2000 rem
1068 1923 1265 2001 carnaliter
1284 1951 1371 2001 cum
1387 1920 1474 1999 alio.
1495 1921 1746 2032 Interrogatus

318 2068 447 2128 utrum
462 2051 598 2128 viderit
616 2051 810 2158 quoddam
824 2052 947 2156 capud
962 2052 1071 2159 quod
1091 2050 1281 2140 adoratur,
1301 2066 1346 2130 ut
1365 2050 1515 2139 dicitur,
1534 2078 1554 2126 a
1569 2048 1745 2129 frutribus

320 2181 409 2258 dicti
428 2181 574 2263 ordinis
590 2181 835 2259 existentibus
847 2182 888 2258 in
900 2181 1070 2288 capitulis
1086 2180 1343 2289 generalibus,
1361 2181 1456 2261 dixit
1474 2208 1544 2287 per
1554 2182 1746 2289 juramen·

319 2329 399 2387 tum
419 2338 531 2389 suum
546 2310 651 2418 quod
661 2310 732 2401 sic,
744 2310 948 2389 duodecim
967 2311 1112 2390 uicibus
1128 2313 1167 2388 in
1188 2311 1390 2391 duodecim
1411 2310 1599 2417 capitulis,
1614 2328 1653 2388 et
1666 2340 1746 2418 spe·

320 2439 460 2518 cialiter
474 2442 514 2519 in
534 2440 695 2548 capitulo
709 2441 814 2547 quod
830 2440 903 2519 suit
914 2441 1092 2531 Parisius,
1107 2442 1171 2521 die
1187 2442 1421 2548 Martispost
1439 2440 1578 2521 festum
1599 2459 1746 2548 aposto·

319 2571 444 2650 lorum
471 2572 571 2648 Petri
597 2588 636 2648 et
660 2571 764 2648 Pauli
788 2570 930 2650 ultimo
962 2572 1197 2678 preteritum.
1236 2573 1490 2679 Interrogatus
1514 2570 1629 2678 quale
1649 2591 1743 2664 erat,

321 2700 413 2778 dixit
429 2701 535 2808 quod
554 2717 613 2779 est
629 2701 823 2808 quoddam
844 2701 965 2809 capud
975 2730 1067 2784 cum
1087 2701 1203 2781 barba
1222 2702 1327 2809 quod
1342 2702 1515 2790 adorant,
1530 2701 1746 2781 osculantur

321 2849 358 2907 et
376 2848 508 2908 vocant
527 2831 745 2908 salvatorem
760 2834 889 2910 ¹suum.
915 2832 1169 2939 Interrogatus
1188 2831 1254 2910 ubi
1275 2848 1393 2921 esset,
1422 2830 1617 2936 respoudit
1639 2831 1745 2938 quod

320 2962 437 3039 nescit
453 2960 519 3038 ubi
534 2961 598 3053 sit,
612 2961 670 3040 vel
685 2960 751 3038 ubi
769 2961 988 3041 custoditur.
998 2963 1130 3041 Credit
1143 2979 1271 3041 tamen
1287 2962 1394 3068 quod
1401 2989 1563 3069 magnus
1571 2962 1745 3070 Magister

320 3091 478 3180 ordinis,
494 3090 554 3170 vel
574 3090 638 3169 ille
655 3092 723 3199 qui
737 3109 843 3170 tenet
860 3092 1081 3199 capitulum,
1103 3091 1268 3171 custodit
1280 3091 1388 3170 illud.
1400 3093 1487 3187 Quo
1497 3090 1610 3183 sacto,
1624 3092 1745 3171 dictus

320 3223 499 3333 dominus
513 3222 713 3329 inquisitor
724 3222 840 3329 peciit
857 3222 907 3302 ab
924 3250 989 3313 eo,
1014 3251 1081 3330 per
1091 3221 1349 3331 jurameutum
1370 3250 1483 3302 suum
1501 3223 1608 3302 tactis
1625 3250 1747 3302 sacro-

142 3348 158 3364 ‘
320 3352 453 3431 sanctis
473 3351 679 3460 Evangeliis
698 3354 837 3431 iterum
861 3353 1018 3444 factum,
1038 3370 1166 3432 uuum
1185 3353 1226 3431 in
1247 3352 1489 3460 deposicioue
1508 3382 1573 3433 stra
1592 3371 1747 3462 propter

320 3500 521 3572 tormenta,
549 3482 608 3561 vel
628 3501 775 3563 metum
796 3502 1092 3576 tormentorum,
1113 3484 1173 3563 uel
1197 3483 1323 3592 aliqua
1341 3483 1412 3563 alia
1429 3511 1555 3573 causa,
1579 3484 1745 3629 aliquam

321 3613 513 3692 veritatem
536 3614 730 3708 tacuisset,
749 3613 808 3692 vel
828 3614 1057 3695 falsi-tatem
1047 3615 1313 3693 immiscuisset
1334 3613 1393 3695 vel
1407 3614 1577 3704 dixissem
1597 3614 1664 3720 qui
1689 3641 1745 3690 re

321 3744 492 3849 spondit,
512 3773 582 3851 per
600 3772 712 3824 suum
727 3745 963 3851 predictum
949 3762 1228 3854 juramentum,
1248 3745 1463 3853 quodnon,
1475 3744 1596 3823 immo
1611 3741 1744 3911 puram

320 3874 514 3952 veritatem
533 3874 676 3953 dixerat
694 3891 734 3953 et
753 3898 908 3953 meram.
1080 3932 1083 3937 -
1114 3935 1116 3938 -

376 4001 512 4081 Actum
525 4004 763 4109 presentibus
777 4004 878 4086 dicto
891 4004 1063 4086 bouelt.
1080 4006 1251 4112 puiore
1228 4004 1275 4084 de
1291 4004 1469 4094 Pissiaco,
1487 4021 1526 4082 et
1538 4000 1745 4085 Guillelmo

323 4129 370 4208 de
391 4132 596 4241 Hangesto,
601 4152 655 4213 et
669 4133 753 4213 aliis
766 4135 925 4216 testibus
942 4136 993 4214 ad
1011 4136 1085 4214 hoc
1103 4135 1253 4214 vocaus.

376 4393 471 4472 Item
493 4392 606 4473 irater
633 4395 859 4502 Reginuldus
876 4395 925 4474 de
944 4395 1171 4504 Tremblayo
1201 4394 1398 4502 presbiter,
1425 4396 1531 4504 prior
1554 4393 1655 4474 dicte
1678 4394 1748 4475 do·

322 4550 405 4600 mua
424 4524 576 4632 Templi
596 4525 773 4620 Parisius,
791 4526 831 4604 in
851 4525 942 4607 dicti
957 4526 1107 4607 domini
1120 4525 1369 4635 inquisitoris,
1394 4543 1566 4607 nostrum
1587 4525 1747 4606 notario·

321 4681 406 4731 rum
426 4654 666 4763 publicomm
692 4674 731 4736 et
756 4657 911 4737 testium
937 4657 1261 4767 infrascriptarum
1274 4658 1478 4766 presencia
1499 4655 1747 4765 personaliter

322 4786 686 4884 constitutusmnb,
696 4788 1148 4896 indicione,pnntificatu,
1160 4816 1259 4869 auno
1267 4787 1579 4896 etdieprcdictis,
1587 4787 1628 4867 in
1637 4787 1746 4873 duis
