4268 5946
735 500 933 592 procus
960 518 1056 590 nus
1082 518 1384 591 rnuruinns.
1635 484 1639 491 ’
1728 525 1773 594 rs

348 663 437 739 odio
466 661 524 737 vel
555 661 754 768 temporali
780 660 942 739 comodo
966 659 1096 767 habito
1128 660 1186 737 vel
1215 660 1414 754 habendo,
1446 663 1640 768 respondit
1669 665 1775 769 quod

347 821 445 887 non,
474 793 542 872 sed
566 822 635 900 pro
662 794 818 871 veritate
844 791 1026 881 dicenda3
1052 791 1113 868 cui
1138 790 1210 869 tuit
1239 793 1450 903 injunctum
1478 793 1687 900 quodnon
1714 825 1773 872 re·

347 925 488 1003 velaret
501 924 597 1002 hanc
615 954 721 1004 suam
745 925 1025 1033 deposicionem
1046 951 1244 1030 quousque
1267 925 1525 1004 attestaciones
1545 924 1688 1007 fuerint
1704 957 1775 1033 pu-

348 1055 495 1134 blicate.

405 1324 537 1400 Frater
551 1322 783 1402 Guillelmus
802 1324 952 1401 d'Erree
977 1324 1141 1401 serviens
1157 1323 1456 1404 Cenomanensis
1472 1324 1646 1415 diocesis,
1668 1326 1774 1402 testis

349 1483 459 1561 supra
476 1456 637 1563 juratus,
658 1455 919 1566 sexagenarius
943 1473 981 1533 et
1001 1455 1116 1546 ultra,
1140 1457 1366 1535 mantellum
1388 1456 1533 1534 ordinis
1558 1473 1596 1531 et
1613 1454 1770 1534 barbam

350 1584 546 1675 defferens,
565 1616 651 1663 cum
672 1611 749 1694 quo
768 1587 993 1694 inquisitum
1012 1585 1147 1679 luerat,
1170 1587 1368 1666 absolutus
1382 1605 1420 1665 et
1435 1585 1698 1667 reconciliatus
1707 1616 1775 1693 per

349 1717 550 1794 dominum
571 1719 791 1826 episcopum
806 1720 1101 1809 Xantonensem,
1119 1718 1227 1797 lectis
1242 1735 1280 1797 et
1295 1720 1497 1828 diligenter
1512 1720 1689 1827 expositis
1704 1718 1775 1797 sibi

349 1847 528 1927 omnibus
554 1866 592 1926 et
611 1851 770 1958 singulis
793 1851 973 1941 articulis,
1000 1852 1199 1958 respondit
1223 1881 1262 1930 se
1288 1851 1433 1931 nescire
1457 1880 1527 1929 nec
1544 1850 1705 1928 ‘credere
1728 1851 1774 1926 de

349 1981 535 2057 contentis
555 1981 595 2056 in
615 1981 680 2073 eis,
703 2010 773 2060 nec
793 1981 980 2059 audivisse
1009 1981 1095 2070 dici,
1121 1982 1193 2058 nisi
1213 1983 1318 2087 quod
1343 1981 1524 2088 sequitur.
1551 1980 1654 2057 Dixit
1672 1981 1773 2054 enim

349 2139 387 2187 se
414 2111 529 2188 fuisse
549 2128 757 2218 receptum,
780 2111 819 2186 in
840 2112 995 2188 instanti
1019 2110 1122 2187 festo⁴
1140 2111 1242 2188 beati
1261 2109 1431 2187 Barnabe
1457 2128 1570 2187 erunt
1588 2109 1775 2215 quinqua-

350 2241 451 2347 ginta
473 2241 549 2319 duo
569 2241 657 2317 anni
677 2242 734 2320 vel
754 2242 860 2331 circa,
888 2241 928 2316 in
949 2240 1089 2347 capella
1110 2242 1248 2317 domus
1267 2239 1418 2347 Templi
1444 2240 1491 2316 de
1510 2241 1633 2348 Aynes
1652 2240 1776 2319 Ceno-

350 2374 538 2449 manensis
556 2372 734 2461 diocesis,
757 2399 826 2478 per
838 2369 991 2448 fratrem
1015 2372 1170 2449 Petrum
1190 2372 1391 2465 Armenart
1409 2373 1632 2450 servientem
1654 2402 1777 2479 quon·

349 2503 449 2597 dam,
475 2521 738 2611 preceptorem
764 2521 857 2582 tunc
880 2502 979 2580 dicte
1007 2503 1162 2594 domus,
1190 2504 1237 2581 de
1264 2505 1444 2582 mandato
1463 2504 1587 2583 fratris
1606 2506 1775 2611 Hugonis

348 2635 497 2715 Gisardi
516 2654 609 2712 tune
627 2635 794 2742 magistri
814 2635 1033 2742 Aquitanie,
1057 2636 1104 2712 de
1126 2637 1233 2744 cujus
1252 2635 1444 2743 parentela
1462 2653 1541 2713 erat
1553 2636 1633 2742 ipse
1651 2638 1772 2724 testis,

348 2766 587 2874 presentibus
621 2766 798 2844 fratribus
826 2767 998 2844 Johanne
1025 2765 1225 2844 Armenart
1260 2766 1372 2844 fratre
1405 2766 1495 2842 dicti
1526 2768 1772 2870 preceptoris,

348 2897 519 2976 Johanne
533 2898 688 2976 Musseti
704 2896 969 2987 servientibus,
983 2896 1184 2974 deffunctis
1194 2956 1203 2984 ,
1215 2897 1255 2973 in
1265 2895 1369 2972 hunc
1383 2894 1542 2972 modum
1557 2927 1565 2970 ι
1583 2923 1671 2971 nam
1685 2926 1773 2974 cum

349 3031 520 3137 periisset
542 3058 680 3136 panem
706 3046 743 3106 et
763 3058 912 3136 aquam,
932 3046 1047 3134 prout
1065 3027 1272 3105 instructus
1293 3026 1426 3117 fuerat,
1446 3044 1484 3104 et
1512 3025 1712 3124 obtulisset
1734 3059 1774 3108 se

350 3161 443 3239 velle
460 3161 541 3239 lieri
556 3189 705 3240 servum
720 3158 906 3238 esclavum
923 3159 1078 3248 ordinis,
1097 3176 1135 3237 et
1145 3159 1350 3265 requisitus
1361 3186 1428 3265 per
1443 3186 1507 3237 eos
1520 3159 1776 3266 respondisset

349 3292 454 3401 quod
474 3319 551 3369 non
573 3310 652 3369 erat
671 3292 777 3368 alteri
797 3290 970 3401 religioni
991 3319 1061 3368 nec
1073 3290 1315 3368 matrimonio
1335 3289 1518 3397 alligatus,
1539 3319 1608 3368 nec
1626 3320 1775 3372 excom·

349 3424 581 3514 municatus,
607 3422 695 3499 fecit
720 3439 920 3529 preceptor
943 3450 1032 3499 eum
1056 3448 1188 3500 vovere
1218 3438 1255 3500 et
1276 3421 1404 3530 jurare
1433 3449 1545 3529 super
1569 3425 1774 3530 quemdam

349 3553 491 3632 librum
504 3569 675 3660 apertum
691 3552 909 3639 castitatem,
929 3551 1203 3644 obedienciam,
1215 3552 1336 3629 vivere
1351 3552 1431 3630 sine
1446 3552 1616 3661 proprio,
1632 3584 1775 3632 servare

349 3686 473 3763 bonos
489 3713 581 3762 usus
602 3701 640 3762 et
658 3683 778 3762 bonas
800 3684 1094 3763 consuetudines
1114 3682 1270 3773 ordinis,
1295 3701 1332 3762 et
1356 3713 1434 3762 non
1453 3685 1617 3764 revelare
1636 3704 1776 3763 secreta

350 3816 613 3924 capitulomm.
647 3817 779 3894 Postea
809 3816 991 3922 imposuit
1021 3814 1094 3893 sibi
1123 3814 1366 3905 mantellum,
1400 3832 1438 3892 et
1468 3816 1548 3923 ipse
1580 3834 1617 3894 et
1645 3816 1776 3893 fratres

349 3965 510 4027 astantes
530 3946 689 4027 osculati
703 3944 859 4025 luerunt
873 3975 963 4027 eum
980 3948 1020 4025 in
1042 3976 1119 4041 ore,
1133 3964 1172 4026 et
1184 3945 1359 4026 lecerunt
1375 3977 1463 4025 eum
1483 3946 1642 4023 induere
1659 3962 1776 4022 vestes

349 4079 555 4188 religionis,
579 4098 616 4160 et
634 4080 891 4160 instmxerunt
916 4102 1005 4160 eum
1032 4097 1128 4188 quot
1148 4082 1260 4162 Pater
1276 4096 1391 4160 noster
1413 4079 1555 4154 diceret
1582 4104 1651 4182 pro
1674 4077 1777 4154 horis

350 4211 439 4297 suis,
464 4194 570 4316 quod
589 4213 731 4318 jaceret
760 4242 847 4290 cum
870 4212 1005 4318 pannis
1025 4213 1147 4298 lineis,
1175 4211 1319 4286 cinctus
1339 4235 1414 4284 una
1439 4207 1610 4301 cordula,
1633 4209 1699 4286 sed
1729 4210 1776 4285 de

351 4337 615 4446 abnegacione,
633 4340 826 4444 vituperiis
839 4341 971 4433 crucis,
984 4339 1123 4416 osculis
1138 4337 1359 4426 inhonestis,
1377 4337 1533 4416 crimine
1552 4338 1776 4417 sodomitico

351 4469 409 4547 vel
427 4469 555 4577 aliquo
573 4468 648 4547 alio
674 4469 808 4548 illicito
836 4499 914 4549 non
939 4469 1012 4548 suit
1040 4469 1075 4548 ei
1102 4469 1275 4549 locutum
1288 4468 1328 4548 in
1348 4471 1447 4548 dicta
1468 4468 1688 4577 recepcione
1711 4499 1780 4551 nec

347 4602 446 4709 post,
464 4601 553 4680 licet
571 4601 676 4680 aliud
696 4603 794 4682 dicat
818 4632 859 4681 se
872 4603 1131 4712 recognovisse
1156 4631 1281 4683 coram
1305 4602 1406 4681 dicto
1425 4601 1581 4681 domino
1603 4603 1777 4709 episcopo

351 4734 599 4825 Xantonensi,
615 4752 722 4814 metu
731 4751 1022 4830 tormentorum,
1038 4734 1167 4844 quoad
1182 4735 1417 4843 spuicionem
1433 4735 1554 4814 crucis
1568 4750 1605 4812 et
1620 4734 1779 4843 abnega-

352 4864 500 4945 cionem
520 4867 609 4957 Dei;
630 4868 696 4947 sed
714 4868 849 4975 primo,
867 4886 1068 4976 antequam
1084 4882 1182 4949 esset
1199 4866 1248 4946 ad
1265 4895 1401 4974 panem
1419 4883 1457 4945 et
1471 4894 1607 4974 aquam
1614 4867 1776 4973 positus,
1857 4896 1861 4906 ·
