4230 5956
638 487 835 614 procus
867 505 964 576 nus
996 450 1300 577 rinrmuas.
1604 514 1671 586 187

259 666 475 756 preceptore
493 647 543 723 de
558 646 733 752 Rupella,
754 662 850 723 teste
869 674 980 751 supra
1000 644 1223 733 examinato,
1249 646 1517 726 Bartholomeo
1537 652 1675 760 Saliga't

259 797 296 855 et
312 782 420 855 Petro
446 777 638 886 Maynardi
664 775 926 867 servientibus,
955 775 1170 867 deffunctis,
1194 775 1233 850 in
1256 776 1358 852 hunc
1385 778 1565 854 modum:
1587 809 1673 857 nam

258 938 345 985 cum
356 906 1076 1011 instructuspeciissetinstanterpanem
1088 922 1271 1009 etaquam
1284 906 1445 993 ordinis,
1459 925 1497 984 et
1506 927 1676 1016 receptor

258 1041 293 1114 ei
319 1040 576 1128 concessisset,
603 1037 692 1114 lecit
705 1065 793 1113 eum
817 1063 949 1113 vovere
971 1050 1009 1111 et
1025 1035 1152 1141 jurare
1172 1062 1286 1140 super
1304 1038 1509 1143 quemdam
1532 1039 1672 1116 librum

258 1171 485 1261 castitatem,
506 1168 781 1260 obedienciam,
808 1183 847 1243 et
870 1166 993 1243 vivere
1021 1166 1101 1242 sine
1128 1167 1304 1272 propri03
1337 1184 1376 1244 et
1401 1168 1578 1273 imposito
1601 1171 1673 1248 sibi

258 1299 456 1387 mantello,
491 1300 569 1403 ipse
597 1315 636 1375 et
654 1315 813 1376 astantes
842 1296 995 1374 suerunt
1027 1325 1116 1372 eum
1146 1297 1301 1373 osculati
1326 1297 1365 1372 in
1386 1326 1468 1387 cre,
1501 1315 1539 1375 et
1562 1300 1674 1378 frater

258 1428 416 1504 Michael
440 1429 626 1534 presbiter
652 1428 865 1535 quondam,
896 1426 962 1533 qni
992 1426 1107 1502 eciam
1135 1426 1282 1518 aderat,
1316 1427 1463 1504 dicebat
1491 1431 1671 1535 quasdam

257 1559 459 1636 oraciones.
477 1559 625 1635 Deinde
644 1559 723 1664 ipse
735 1575 907 1663 receptor
922 1557 1032 1633 traxit
1048 1557 1174 1662 ipsum
1185 1575 1319 1633 testem
1341 1558 1388 1634 ad
1401 1587 1518 1635 cornu
1533 1560 1670 1649 altaris,

256 1705 292 1764 et
317 1689 409 1765 dixit
434 1689 470 1765 ei
495 1689 678 1766 submissa
705 1716 810 1779 voce,
838 1687 890 1764 ita
915 1687 1021 1793 quod
1046 1715 1123 1763 non
1155 1687 1274 1763 credit
1303 1688 1407 1794 quod
1426 1688 1487 1764 alii
1512 1706 1670 1767 astantes

151 1844 160 1854 “
259 1819 482 1907 audiverint,
499 1819 603 1926 quod
623 1819 820 1925 oportebat
834 1819 960 1924 ipsum
980 1818 1167 1923 abnegare
1184 1818 1340 1895 lhesum
1356 1835 1395 1895 et
1408 1824 1541 1923 spuere
1556 1849 1669 1926 super

256 1979 406 2028 crucem
427 1950 633 2056 quamdam
647 1949 822 2057 ligneam,
839 1948 879 2023 in
898 1966 972 2054 qua
990 1975 1067 2023 non
1088 1964 1168 2024 erat
1181 1977 1315 2056 ymago
1333 1949 1526 2039 Crucilixi,
1548 1950 1670 2027 inhibi

258 2080 497 2169 existentem,
527 2094 566 2154 et
585 2078 664 2183 ipse
690 2076 793 2154 testis
817 2076 943 2153 noluit
968 2077 1150 2182 abnegare
1175 2106 1246 2153 nec
1263 2106 1420 2183 spuere,
1445 2079 1542 2157 sicut
1560 2081 1667 2169 dixit,

257 2237 326 2285 nec
346 2208 393 2284 de
411 2207 538 2314 aliquo
553 2206 627 2284 alio
647 2205 778 2283 illicito
792 2205 864 2283 suit
879 2206 911 2282 ei
931 2205 1027 2283 ¹lacta
1045 2206 1210 2297 mencio,
1228 2223 1265 2283 et
1277 2208 1395 2285 credit
1413 2209 1518 2316 quod
1538 2211 1669 2288 eadem

259 2339 427 2414 dicerent
453 2336 534 2414 aliis
558 2337 598 2412 in
620 2336 903 2442 recepcionibus
927 2357 1058 2412 comm
1083 2336 1142 2412 vel
1173 2354 1276 2442 post,
1303 2354 1340 2415 et
1367 2340 1472 2445 quod
1500 2340 1571 2446 ipsi
1593 2369 1670 2418 non
1746 2412 1749 2417 .

256 2467 566 2576 abnegarent-nec
582 2481 776 2570 spuerent;
796 2465 945 2543 nullum
953 2483 1084 2543 <tamen
1100 2466 1217 2543 alium
1234 2468 1328 2546 vidit
1341 2469 1455 2576 recipi
1468 2470 1508 2545 in
1522 2471 1667 2548 ordine.

255 2599 366 2688 Item,
388 2596 481 2673 dixit
495 2625 536 2672 se
553 2594 649 2673 bene
670 2595 824 2672 credere
844 2596 1100 2673 ecclesiasticis
1118 2598 1372 2687 sacramentis,
1391 2599 1546 2676 credens
1566 2603 1670 2706 quod

257 2726 319 2803 alii
329 2726 461 2804 fratres
476 2725 618 2804 ordinis
633 2726 770 2802 eodem
791 2727 906 2803 modo
921 2727 1133 2813 crederent,
1149 2743 1187 2802 et
1198 2728 1303 2832 quod
1315 2755 1447 2803 eorum
1460 2731 1669 2807 sacerdotes

256 2857 383 2933 debite
408 2857 649 2933 celebrarent.
683 2856 816 2933 Statim
846 2883 915 2962 pro
942 2853 1120 2960 professis
1148 2853 1393 2932 habebantur.
1429 2857 1668 2935 Clandestine

255 2987 540 3092 recipiebantur,
574 2985 688 3063 nullis
720 2984 958 3091 presentibus
988 2984 1060 3061 nisi
1093 2982 1269 3060 fratribus
1299 2985 1453 3062 ordinis.
1492 2986 1668 3064 Cordulis'

255 3115 357 3193 unde
383 3116 557 3217 volebant
586 3116 784 3221 assumptis
810 3114 1055 3222 cingebantur
1080 3143 1194 3219 super
1222 3114 1389 3194 camisias
1418 3144 1503 3192 cum
1528 3115 1670 3222 quibus

250 3247 433 3352 jacebant.
453 3246 722 3353 injungebatur
738 3245 792 3322 eis
804 3271 852 3321 ne
865 3243 1073 3322 revelarent
1087 3260 1226 3320 secreta
1244 3244 1510 3351 capitulorum:
1528 3247 1669 3340 Quam·

255 3377 321 3454 diu
339 3376 478 3454 habere
497 3390 671 3482 poterant
691 3377 909 3453 sacerdotes
923 3375 1082 3464 ordinis,
1111 3402 1189 3451 non
1212 3373 1401 3453 debebant
1420 3376 1502 3453 aliis
1525 3377 1667 3483 absque

253 3506 407 3583 licencia
421 3504 603 3583 confiteri.
625 3505 664 3583 si
684 3506 749 3612 qni
767 3522 872 3582 erant
888 3504 1019 3582 fratres
1039 3504 1198 3583 scientes
1217 3532 1362 3584 errores
1382 3535 1461 3584 esse
1481 3507 1667 3583 inordina

254 3635 408 3714 suerunt
422 3635 673 3743 negligentes,
689 3636 778 3743 quia
801 3663 878 3712 non
903 3651 1145 3713 correxerunt
1171 3663 1236 3713 eos
1260 3665 1331 3713 nec
1350 3637 1669 3714 denunciaverunt

254 3745 428 3843 Ecclesie.
457 3766 501 3841 ln
531 3764 708 3842 domibus
739 3765 884 3842 ordinis
914 3764 1116 3871 inquibus
1145 3765 1265 3843 extitit
1284 3782 1553 3854 commoratus,
1575 3765 1668 3841 vidit

255 3896 476 4003 elemosinas
495 3911 533 3972 et
549 3895 845 4002 hospitalitatem
868 3895 1132 3972 convenienter
1150 3895 1232 3972 lieri
1254 3914 1292 3973 et
1313 3897 1461 3973 servari.
1485 3894 1667 3972 Ordinato

254 4054 321 4129 per
341 4025 560 4134 Magistrum
584 4032 672 4103 cu'm
707 4043 893 4104 conventu
919 4043 1099 4104 servasset
1114 4041 1217 4102 totus
1251 4026 1366 4112 ordo,
1397 4041 1524 4103 contra
1551 4053 1666 4131 quem

254 4178 357 4228 nunc
376 4154 529 4258 grandia
554 4154 744 4245 scandala,
773 4156 939 4262 suspicio
960 4172 998 4231 et
1008 4152 1159 4231 inlamia
1186 4170 1275 4229 sunt
1303 4171 1447 4243 exorta,
1478 4171 1516 4232 et
1537 4169 1672 4234 contro

255 4309 370 4388 quem
386 4281 508 4359 dictus
519 4283 696 4391 Magister
712 4302 750 4361 et
764 4284 827 4362 alii
838 4286 964 4393 aliqua
979 4284 1157 4360 dicuntur
1173 4280 1286 4360 luisse
1302 4283 1480 4375 consessi3
1499 4288 1547 4364 ad
1561 4287 1668 4393 cujus

255 4412 398 4492 ordinis
418 4412 693 4489 deffensionem
713 4441 752 4491 se
773 4414 971 4493 obtulerat.

310 4543 526 4649 Requisitus
556 4543 587 4619 si
617 4542 670 4619 sic
688 4544 922 4649 ‘deposuerat
949 4575 1075 4651 prece,
1106 4562 1301 4653 precepto,
1334 4546 1486 4638 timore,
1521 4573 1664 4637 amore,

255 4674 362 4763 odio,
401 4675 458 4752 vel
480 4674 680 4781 temporali
712 4675 872 4753 comodo
898 4676 1028 4754 habito
1057 4678 1114 4755 vel
1134 4677 1326 4767 habendo,
1346 4677 1541 4784 respondit
1563 4677 1668 4785 quod

256 4830 348 4896 non,
384 4805 452 4881 sed
488 4832 559 4909 pro
593 4805 745 4883 veritate
784 4793 966 4891 dicendac
1001 4807 1062 4881 cui
1099 4805 1171 4884 luit
1209 4809 1419 4916 injunctum
1453 4806 1557 4914 quod
1590 4835 1667 4885 non

1472 4946 1519 5011 alr.
