4230 5956
450 493 521 585 roo
724 558 728 565 ,
831 470 1476 562 enoctsuesrsurnmus.

445 631 593 740 negavit
609 631 733 708 Βειιω
753 656 817 706 ore
830 657 906 705 non
924 629 1049 707 corde.
1068 627 1215 704 Deinde
1233 627 1401 732 precepit
1418 627 1452 702 ei
1470 626 1575 732 quod
1590 643 1739 731 spueret
1752 655 1865 733 super

446 789 594 838 crucem
607 756 775 837 mantelli
788 758 1031 864 ipsiustestis,
1046 775 1083 834 et
1099 757 1220 833 dictus
1234 757 1340 833 testis
1348 755 1448 861 spuit
1460 782 1536 831 non
1552 783 1662 862 supra
1682 756 1748 832 sed
1759 756 1864 860 juxta

447 892 582 968 dictam
605 918 754 967 crucem
781 890 827 966 ad
853 907 1003 965 terram.
1033 888 1247 993 Requisitus
1270 888 1300 963 si
1328 885 1399 962 alia
1421 886 1551 963 illicita
1579 903 1669 963 tunc
1692 886 1747 962 vel
1775 885 1863 962 alias

446 1021 599 1098 fuerunt
622 1020 692 1096 sibi
718 1020 883 1125 injuncta
907 1018 965 1094 vel
992 1018 1100 1105 facta,
1127 1016 1322 1122 respondit
1349 1016 1454 1121 quod
1478 1043 1567 1092 non.
1595 1017 1810 1122 Requisitus
1834 1017 1863 1090 si

444 1152 512 1228 scit
531 1152 588 1229 vel
605 1152 724 1228 credit
750 1150 855 1257 quod
884 1149 1048 1256 predicta
1073 1147 1201 1223 illicita
1227 1147 1266 1224 in
1293 1146 1402 1224 dictis
1425 1145 1591 1222 articulis
1610 1163 1783 1223 contenta
1807 1146 1865 1222 vel

446 1281 570 1387 aliqua
591 1310 635 1357 ex
659 1282 712 1358 eis
733 1279 1003 1357 intervenerint
1028 1280 1065 1353 in
1094 1277 1378 1383 recepcionibus
1400 1276 1560 1353 aliorum
1590 1275 1649 1352 vel
1675 1293 1780 1382 post,
1807 1303 1866 1352 re·

447 1413 600 1517 spondit
618 1440 657 1488 se
678 1412 841 1499 nescire3
862 1410 982 1487 credit
993 1427 1120 1520 tamen
1140 1408 1244 1515 quod
1259 1406 1464 1520 confessata
1479 1436 1548 1514 per
1560 1435 1648 1484 eum
1666 1408 1865 1484 interveni-

445 1558 530 1618 rent
554 1542 592 1615 in
617 1539 900 1645 receptionibus
927 1539 1087 1617 aliorum
1112 1538 1170 1614 vel
1203 1555 1297 1643 post.
1322 1537 1537 1643 Requisitus
1567 1538 1596 1615 si
1628 1537 1724 1612 vidit
1751 1539 1865 1642 recipi

449 1670 565 1747 alium
586 1670 644 1746 vel
665 1669 757 1746 alios
776 1672 815 1746 in
833 1670 984 1758 ordine,
1007 1669 1203 1774 respondit
1220 1695 1259 1744 se
1278 1667 1415 1744 vidisse
1439 1693 1557 1744 unum
1581 1667 1708 1744 solum
1727 1668 1864 1772 recipi,

448 1799 623 1878 videlicet
631 1800 783 1876 fratrem
795 1799 1007 1878 Gerardum
1020 1799 1212 1905 quondam
1224 1797 1271 1874 de
1280 1798 1420 1873 Bonart
1429 1798 1670 1884 servientem,
1684 1797 1868 1874 Eduensis

450 1931 623 2020 diocesis,
643 1931 682 2005 in
698 1930 837 2035 capella
858 1930 1024 2035 predicte
1045 1929 1183 2005 domus
1203 1928 1250 2003 de
1270 1925 1441 2033 Belleyo,
1461 1927 1557 2003 circa
1576 1924 1715 2003 festum
1731 1927 1867 2003 Nativi-

449 2062 534 2136 tatis
565 2061 718 2136 Domini
746 2061 916 2165 proximo
948 2060 1170 2166 preteritum
1199 2058 1354 2135 fuerunt
1383 2057 1514 2133 decem
1547 2056 1631 2132 anni
1662 2056 1721 2133 vel
1753 2059 1866 2143 circa3

451 2216 566 2294 quern
576 2189 716 2292 recepit
730 2189 843 2265 frater
852 2189 1081 2267 Guillelmus
1095 2188 1240 2267 Geandi
1254 2186 1378 2277 miles,
1390 2203 1588 2292 preceptor
1599 2185 1698 2262 dicte
1715 2186 1867 2275 domus,

451 2315 686 2420 presentibus
698 2315 874 2392 fratribus
889 2316 1079 2420 Stephano
1091 2320 1254 2403 Marren,
1273 2317 1432 2422 Hugoue
1443 2316 1490 2391 de
1505 2317 1659 2402 Bonart,
1676 2317 1867 2421 quondam

453 2443 564 2521 fratre
585 2445 673 2520 dicti
693 2445 849 2549 recepti,
868 2446 1027 2522 Martino
1045 2445 1199 2522 Gurbita
1213 2462 1250 2520 et
1264 2443 1470 2523 Guillelmo
1485 2445 1532 2521 de
1550 2444 1585 2521 la
1605 2446 1873 2552 Toyssoniera,

453 2602 549 2680 quos
566 2574 683 2651 credit
700 2574 822 2650 vivere
835 2608 844 2664 ς
859 2575 897 2650 in
917 2575 1025 2681 cujus
1037 2574 1195 2653 Gerardi
1216 2574 1434 2680 recepcione
1454 2603 1531 2651 non
1550 2575 1644 2651 vidit
1661 2574 1804 2682 aliquid
1822 2576 1868 2652 il·

454 2704 597 2780 licitum
618 2703 699 2780 fieri
719 2703 777 2780 vel
802 2694 957 2810 injungi.
983 2703 1115 2782 Credit
1139 2695 1267 2780 tamen
1284 2705 1389 2810 quod
1406 2721 1536 2809 postea
1556 2733 1625 2810 per
1644 2704 1786 2782 dictum
1810 2734 1870 2783 re·

455 2850 645 2939 ceptorem
679 2833 736 2910 vel
770 2834 886 2909 alium
913 2832 1043 2909 illicita
1077 2833 1280 2911 consessata
1313 2862 1380 2939 per
1409 2863 1497 2910 eum
1529 2832 1672 2912 fuerint
1702 2836 1868 2942 injuncta

456 2963 556 3051 dicto
576 2961 744 3040 Gerardo
766 2980 803 3039 et
821 2963 915 3040 sacta
934 2992 1002 3070 per
1022 2993 1121 3040 eum.
1143 2965 1254 3055 Item,
1277 2962 1369 3040 dixit
1387 2991 1426 3041 se
1447 2964 1600 3041 credere
1616 2963 1870 3042 ecclesiasticis

455 3093 710 3179 sacrementis,
732 3110 770 3168 et
789 3094 893 3196 quod
913 3094 974 3168 alii
994 3092 1125 3172 fratres
1144 3094 1287 3170 ordinis
1307 3094 1442 3171 eodem
1462 3094 1577 3171 modo
1598 3095 1809 3183 crederent,
1833 3112 1871 3171 et

454 3220 560 3325 quod
588 3244 720 3297 eorum
746 3222 956 3300 sacerdotes
981 3223 1108 3301 debite
1128 3223 1371 3300 celebrarent.
1394 3225 1575 3302 Jurabant
1599 3225 1772 3303 ordinem
1794 3254 1870 3302 non

456 3350 566 3427 exire.
591 3351 723 3427 Statim
749 3381 816 3458 pro
836 3353 1013 3457 professis
1030 3339 1277 3431 habebantur.
1307 3355 1548 3433 Clandestine
1571 3356 1867 3462 recipiebantur,

455 3508 499 3556 ex
522 3507 599 3585 quo
625 3480 744 3556 credit
771 3483 876 3586 quod
903 3499 999 3557 esset
1017 3483 1179 3588 suspicio
1200 3502 1326 3561 contra
1352 3513 1427 3590 eos.
1450 3485 1625 3563 Cordulis
1645 3485 1750 3562 undo
1767 3486 1871 3562 vole-

454 3609 545 3685 bant
564 3611 762 3714 assumptis
782 3604 1027 3717 cingebantur
1043 3639 1156 3718 super
1175 3615 1344 3691 camisias
1361 3644 1447 3691 cum
1464 3615 1606 3721 quibus
1616 3615 1809 3722 jacebant,
1831 3616 1871 3690 in

455 3740 604 3847 siguum
621 3741 806 3817 castitatis.
827 3740 958 3818 Credit
976 3743 1077 3847 quod
1100 3744 1256 3850 graviter
1274 3746 1395 3850 puniti
1416 3745 1574 3822 fuissent
1591 3762 1805 3823 recusantes
1819 3744 1873 3821 fa-

455 3897 538 3946 cere
555 3869 684 3946 illicita
705 3848 907 3947 confessata
926 3899 994 3976 per
1014 3872 1182 3960 eum,vel
1200 3892 1338 3952 secreta
1360 3875 1607 3979 capitulorum
1628 3893 1693 3952 aut
1712 3873 1871 3951 modurn
1986 3906 1992 3915 ·

455 4000 684 4103 recepcionis
704 4029 770 4077 sue
791 4000 1005 4078 revelantes.
1029 4000 1180 4107 Absque
1201 4002 1355 4082 licencia
1375 4032 1452 4081 non
1472 4022 1643 4110 poterant
1663 4005 1733 4081 nisi
1750 4031 1870 4081 sacer-

457 4126 609 4204 dotibus
629 4130 771 4207 ordinis
790 4127 971 4207 confiteri.
993 4132 1140 4219 Fratres
1160 4134 1317 4211 scientes
1329 4162 1473 4212 errores
1488 4162 1567 4212 esse
1582 4135 1620 4209 in
1635 4133 1769 4210 ordine
1789 4133 1872 4211 sue-

452 4260 545 4333 runt
565 4259 795 4366 negligentes
813 4261 992 4368 quianon
1009 4282 1251 4342 correxerunt
1270 4293 1340 4343 nec
1357 4266 1676 4343 denunciaverunt
1694 4265 1871 4343 Ecclesie.

455 4384 687 4466 Elemosinas
706 4408 743 4467 et
768 4392 1059 4496 hospitalitatem
1085 4395 1123 4469 in
1144 4395 1321 4473 domibus
1349 4395 1493 4473 ordinis
1510 4397 1551 4471 in
1574 4395 1715 4501 quibus
1735 4396 1874 4473 exstitit

456 4538 709 4597 commoratus
729 4521 994 4597 convenienter
1014 4523 1105 4599 vidit
1124 4510 1223 4614 fieri,
1248 4544 1286 4602 et
1304 4525 1446 4603 audivit
1470 4524 1542 4600 dici
1570 4526 1675 4632 quod
1700 4524 1874 4631 capitulia

456 4645 656 4752 aliquando
672 4667 758 4755 post
777 4649 940 4726 mediam
960 4667 1111 4727 noctem
1129 4671 1168 4729 et
1186 4655 1387 4761 aliquando
1409 4656 1456 4733 de
1477 4656 1557 4743 die,
1574 4657 1700 4764 januis
1719 4654 1870 4743 clausis,

456 4773 571 4852 nullis
587 4778 825 4882 presentibus
844 4778 915 4854 nisi
935 4779 1112 4856 fratribus
1137 4784 1295 4876 ordinis,
1315 4785 1559 4878 tenebantur3
1581 4788 1619 4862 in
1639 4813 1715 4892 quo
1736 4785 1872 4862 ordine
