4230 5956
456 431 531 504 ion
843 409 1043 502 esocis
1066 428 1166 508 nis
1191 425 1494 503 rruriiiris.

454 592 494 651 et
511 590 600 650 nota
618 568 711 646 fiant
729 571 880 657 ceteris,
901 570 991 649 linet
1008 573 1069 651 illa
1082 574 1265 654 voluntati
1281 571 1406 647 dirim
1420 566 1637 645 nullatenus
1650 567 1728 642 sirit
1744 581 1903 640 eontra

454 706 510 782 ria
533 702 1061 783 necdiversaddidautem
1085 709 1192 814 quod
1216 708 1256 783 in
1279 697 1579 778 dictisaiticulis
1604 696 1904 803 desirspidone

454 835 597 922 hibita,
612 852 654 910 ui
667 833 816 921 dimini,
839 853 966 911 eontra
983 835 1120 916 traua
1139 857 1179 916 ei
1197 836 1373 916 ordinem
1390 830 1663 937 samniticum,
1681 827 1904 934 mpondet

455 986 495 1044 et
512 965 726 1071 dicitquod
748 964 849 1041 diota
867 969 1048 1074 dispicio,
1074 971 1104 1045 si
1127 999 1202 1076 qua
1222 970 1272 1044 sit
1289 963 1348 1040 vet
1365 962 1453 1049 fnit,
1472 959 1609 1038 trum
1627 978 1667 1036 ei
1683 960 1769 1036 sine
1786 961 1902 1066 jusu

456 1127 564 1175 causa
586 1115 644 1174 est
671 1114 710 1173 et
733 1095 820 1186 fuit,
847 1125 934 1173 mim
960 1098 1039 1176 sola
1063 1098 1529 1207 ratiopredictoiumque
1549 1089 1902 1200 aguntimetliunt

455 1231 495 1306 iu
516 1227 687 1336 capitulis
711 1230 937 1335 receptionis
963 1249 1134 1339 tempore
1159 1231 1316 1308 flatrum
1340 1227 1389 1304 ad
1412 1225 1579 1302 eundem
1602 1223 1802 1303 ordinum
1830 1222 1900 1297 itta

455 1363 581 1438 sitne
612 1359 823 1467 pandantur
858 1363 1045 1440 extraneis
1075 1355 1903 1470 queseeundumlleumetreramjusti

456 1494 552 1570 ciam
583 1490 681 1568 fiunt
712 1509 751 1568 et
781 1509 944 1598 agimtur
976 1496 1016 1570 in
1054 1485 1901 1601 eipimtiisupndictis;iiemquiueliqui

456 1651 588 1700 omnes
607 1622 771 1729 religiosi
798 1624 864 1698 riri
890 1623 939 1700 ad
956 1625 1033 1731 Dei
1053 1625 1244 1702 servitium
1262 1622 1429 1728 deputati
1453 1647 1603 1724 semper
1622 1616 1829 1695 oliserm
1855 1638 1904 1692 ut

455 1784 523 1832 sua
550 1772 699 1833 teneant
717 1755 876 1862 capitula
893 1785 1006 1862 super
1020 1757 1182 1864 hiisque
1200 1757 1261 1864 agi
1279 1753 1406 1831 fierive
1425 1768 1575 1858 oportet
1592 1751 1631 1826 in
1652 1748 1747 1831 illis:
1772 1752 1814 1825 in
1835 1779 1904 1826 se-

455 1905 559 1964 crcto
578 1885 689 1974 firm,
713 1887 868 1964 exclusis
892 1887 980 1964 iude
1004 1888 1088 1965 aliis
1112 1886 1341 1996 quimdibci
1361 1886 1427 1992 qui
1450 1910 1528 1960 nou
1551 1899 1637 1959 sum
1653 1879 1705 1957 de
1723 1882 1902 1987 apimto

456 2019 689 2096 eorumdem.

512 2149 570 2226 Ad
588 2148 741 2227 xl-xlv
759 2150 933 2227 articulos
953 2153 1142 2240 inclusive,
1154 2151 1354 2261 diligenter
1367 2169 1405 2226 et
1418 2147 1607 2256 sigillatim
1619 2149 1899 2252 interrogatus.

455 2278 684 2384 respondens
696 2282 841 2385 negavit
858 2282 959 2387 ipsos
970 2283 1146 2362 articulos
1163 2284 1340 2361 etomnia
1354 2300 1393 2359 ct
1410 2279 1739 2387 singulaooutenta
1760 2278 1803 2352 iri
1818 2279 1899 2357 eis.

456 2409 621 2486 adiciens
638 2409 743 2516 quod
756 2412 861 2517 juxta
880 2430 1013 2489 statuta
1030 2415 1122 2491 dicti
1141 2413 1284 2492 ordinis
1300 2415 1590 2522 quiimmqucex
1603 2408 1784 2485 fratribus
1799 2409 1899 2484 dicti

456 2539 599 2618 ordinis
615 2558 808 2646 peecatum
829 2561 956 2619 contra
974 2563 1142 2621 namram
1156 2545 1361 2632 comiserit,
1380 2542 1486 2651 quod
1506 2540 1670 2649 perdere
1683 2540 1803 2617 debet
1826 2539 1902 2615 ba-

367 2742 376 2753 .
454 2672 577 2750 bitum
590 2701 657 2750 sue
672 2672 873 2780 religionis,
886 2676 972 2752 etin
986 2677 1129 2783 magnis
1143 2675 1391 2784 compedibus
1404 2692 1443 2751 et
1456 2675 1495 2750 in
1508 2671 1607 2750 eobo
1620 2673 1901 2778 ottenisappo-

455 2805 647 2882 sitisetin
668 2805 838 2884 manibus
857 2804 1897 2914 manicisterreishibeiperpemoeirceiimindpni‚

455 2937 520 3013 ubi
540 2938 579 3013 in
597 2966 692 3044 pane
707 2938 858 3014 tristicie
873 2956 912 3014 et
930 2968 1024 3045 aqua
1039 2937 1293 3017 tribulationis
1306 2937 1419 3015 babet
1438 2935 1627 3043 complere
1644 2953 1682 3011 et
1699 2933 1813 3011 finire
1835 2965 1898 3010 re·

455 3066 600 3172 liquam
615 3069 689 3142 vite
708 3085 868 3172 tempus.

511 3198 569 3273 td
593 3197 822 3274 xlvi—liiiu
843 3200 1016 3277 artimilos
1040 3202 1235 3290 inclusive,
1256 3202 1454 3307 diligenter
1468 3218 1507 3277 et
1523 3196 1710 3305 sigillatim
1731 3198 1897 3273 interro-

454 3347 575 3434 gatus,
596 3331 827 3434 respondens
847 3332 991 3436 negarit
1006 3333 1106 3436 ipsos
1122 3332 1296 3409 artimilos
1314 3351 1352 3408 et
1372 3333 1498 3408 omnia
1506 3349 1544 3407 et
1556 3328 1699 3435 singida
1714 3347 1895 3405 eontenta

455 3462 492 3536 in
514 3463 583 3546 eis,
606 3460 770 3536 adiciens
793 3462 896 3566 quod
916 3461 1005 3537 dicti
1030 3461 1160 3539 fratres
1180 3492 1310 3540 omnes
1335 3481 1371 3538 et
1393 3463 1527 3569 singuli
1552 3460 1721 3568 ejusdem
1746 3461 1897 3536 ordinis

454 3591 608 3668 adorant
625 3591 745 3669 solum
765 3594 887 3669 Deum
908 3593 1060 3670 unicum
1084 3596 1287 3671 Dominum
1313 3612 1480 3670 nostrum
1500 3592 1654 3668 lbesuni
1676 3590 1892 3667 Christum.

454 3742 505 3802 tet
519 3743 672 3830 propter
687 3754 772 3799 eum
788 3744 1002 3801 reverentur
1020 3754 1150 3802 omnes
1167 3744 1309 3802 sanctos
1324 3744 1361 3801 et
1374 3743 1513 3801 sanetas
1526 3724 1617 3829 ejus,
1634 3741 1672 3798 et
1682 3721 1773 3798 nulli
1787 3752 1893 3797 erea-

455 3886 521 3931 ure
543 3856 702 3932 debetur
729 3856 775 3932 ab
796 3856 922 3962 aliquo
945 3856 1167 3934 christicola
1193 3859 1262 3933 uisi
1292 3856 1363 3934 soli
1385 3858 1487 3937 Deo.
1509 3855 1593 3931 licet
1619 3875 1777 3959 propter
1799 3885 1891 3930 euni

453 3988 586 4062 sanctis
600 3989 680 4093 ejus
690 3987 939 4062 reverenciam
950 3986 1128 4075 debeant;
1140 3986 1280 4063 addens
1300 3989 1424 4093 itaque
1438 3986 1543 4092 quod
1558 3986 1628 4091 ipsi
1645 3984 1777 4061 fratres
1796 3987 1890 4063 dicti

453 4117 594 4192 ordinis
609 4135 756 4222 portent
772 4117 941 4194 cordulas
961 4117 1076 4194 lineas
1091 4147 1158 4195 seu
1179 4118 1302 4194 laneas
1319 4148 1431 4224 super
1445 4119 1632 4194 camisiam
1643 4147 1718 4224 qua
1733 4121 1892 4224 cingun-

452 4266 513 4324 tur
535 4247 652 4324 lumbi
686 4277 816 4324 eorum
841 4250 889 4324 ad
910 4249 1145 4326 recolendam
1168 4268 1205 4326 et
1230 4250 1446 4326 memoriter
1464 4249 1661 4326 tenendam
1680 4251 1891 4326 castitatem

451 4409 562 4485 quam
584 4381 621 4455 in
643 4381 796 4457 introitu
817 4380 984 4485 ejusdem
1005 4381 1146 4457 ordinis
1164 4383 1428 4487 promiserunt;
1454 4410 1590 4487 negans
1612 4409 1707 4485 pure
1732 4399 1770 4457 et
1797 4383 1892 4457 sim—

451 4511 597 4615 pliciter
621 4511 724 4618 quod
748 4509 899 4617 prelatis
921 4512 1083 4588 cordulis
1107 4512 1244 4618 quibus
1263 4513 1332 4618 ipsi
1354 4513 1551 4618 cinguntur
1569 4510 1668 4587 nulla
1688 4513 1810 4616 capita
1832 4513 1890 4589 vel

452 4640 560 4746 ydola
583 4642 783 4749 dequibus
803 4644 839 4718 in
859 4642 1013 4719 articulo
1034 4644 1155 4750 agitur
1172 4662 1371 4749 tanguntur
1385 4643 1510 4750 aliquo
1531 4662 1697 4748 tempore
1718 4673 1789 4719 nec
1810 4646 1891 4721 cin·

437 4756 600 4877 guntur.
