4230 5956
718 450 912 543 esoces
939 471 1033 542 nus
1058 470 1355 543 rrurmnus.
1671 478 1743 553 377

391 612 436 685 Et
456 636 523 713 ego
543 605 706 685 Amisius
725 610 772 685 de
786 609 986 685 Aureliano
1008 611 1127 688 dictus
1142 611 1176 686 le
1196 611 1310 698 Ratif,
1327 610 1498 700 clericus,
1519 633 1745 691 sacrosancte

335 742 497 815 Romane
510 736 673 812 Ecclesie
689 740 905 817 auctoritate
920 742 1084 816 notarius
1098 739 1285 844 publicus,
1305 740 1493 846 premissis
1510 741 1747 821 confessioni·

333 868 403 944 bus
424 895 464 942 ac
490 867 663 944 omnibus
684 886 720 944 et
747 870 902 976 singulis
928 870 1024 961 aliis,
1046 889 1157 977 prout
1176 872 1214 946 in
1233 872 1394 977 presenti
1409 889 1446 946 et
1462 871 1747 975 precedentibus

332 998 447 1102 peciis
462 997 573 1073 simul
587 997 680 1075 sutis
698 999 802 1105 signo
822 1027 907 1077 meo
927 1001 1076 1106 signatis
1096 1002 1344 1089 continentur,
1366 1027 1439 1077 una
1460 1031 1546 1078 cum
1565 1002 1747 1107 magistris

333 1126 515 1204 Gaufrido
535 1128 722 1233 Enguelor
740 1129 840 1206 dicto
861 1129 1020 1234 Chalop,
1043 1130 1138 1206 Phili
1157 1150 1194 1207 et
1212 1133 1348 1209 Jacobo
1365 1133 1411 1208 de
1429 1133 1574 1210 Virtuto
1597 1134 1747 1210 notariis

332 1256 508 1361 publicis,
531 1274 568 1335 et
585 1259 742 1335 testibus
762 1259 1032 1364 suprascriptis,
1054 1287 1206 1364 presens
1220 1261 1387 1348 interlui,
1414 1291 1472 1350 ac,
1499 1262 1546 1337 de
1575 1264 1747 1340 mandato

334 1386 421 1463 dicti
439 1387 683 1493 inquisitoris,
703 1388 790 1464 huic
802 1388 1050 1466 instrumento
1063 1418 1123 1466 me
1140 1391 1336 1495 subscripsi
1350 1392 1389 1467 in
1403 1392 1657 1470 testimonium
1669 1419 1748 1499 pre-

333 1517 551 1605 missorum,
573 1515 741 1621 illudque
762 1520 867 1624 signo
887 1547 972 1596 meo
993 1520 1101 1597 solito
1121 1521 1258 1625 signavi
1274 1539 1434 1626 rogatus.

389 1776 434 1850 Et
454 1801 522 1881 ego
542 1777 699 1853 Jacobus
717 1776 764 1852 de
778 1776 923 1854 Virtute
941 1778 1095 1855 clericus
1110 1778 1412 1856 Cathalaunensis
1432 1779 1606 1869 diocesis,
1626 1780 1749 1885 publi-

334 1934 399 1981 cus
411 1905 594 2009 imperiali
615 1909 829 1983 auctoritate
848 1910 1029 1996 notarius,
1050 1908 1240 2011 premissis
1260 1908 1551 1985 confessionibus
1571 1928 1608 1986 et
1627 1912 1747 1987 omni·

332 2034 402 2112 hus
415 2034 511 2122 aliis,
524 2051 564 2110 nt
579 2036 616 2109 in
625 2036 786 2140 presenti
798 2054 894 2112 carta
905 2066 972 2113 seu
981 2039 1086 2141 pecia
1098 2055 1133 2112 ct
1145 2038 1360 2142 precedenti
1371 2039 1475 2144 signo
1492 2041 1745 2143 meosignatis,

333 2193 513 2240 unacum
540 2194 649 2269 supra
677 2183 714 2241 et
742 2164 980 2271 infrascriptis
1002 2168 1158 2244 testibus
1182 2185 1218 2243 et
1240 2168 1392 2245 notariis
1419 2169 1576 2273 publicis
1595 2199 1747 2276 presens

334 2294 505 2384 interfui,
533 2312 586 2384 et,
614 2295 660 2370 de
681 2297 855 2373 mandato
876 2297 964 2373 dicti
984 2297 1228 2402 inquisitoris,
1258 2298 1297 2373 in
1318 2299 1390 2375 hoc
1413 2299 1660 2376 instrumento
1685 2330 1746 2379 me

333 2424 534 2529 subscripsi
564 2425 602 2499 in
628 2425 886 2503 testimonium
911 2425 1193 2531 premissorum,
1215 2426 1384 2531 illudque
1408 2432 1512 2534 signo
1532 2457 1617 2506 meo
1637 2429 1746 2512 solito

333 2555 469 2660 signavi
492 2570 651 2660 rogatus.
692 2606 695 2610 ⁴

389 2816 436 2890 Et
452 2842 520 2921 ego
540 2816 687 2891 Evenus
701 2813 807 2920 Phily
820 2815 867 2890 de
886 2815 1019 2890 Sancto
1034 2814 1176 2890 Nicasio
1198 2814 1354 2890 clericus
1369 2814 1654 2919 Corisopitensis
1665 2816 1748 2893 ¹dio-

334 2945 441 3031 cesis,
459 2944 657 3047 apostoliea
675 2942 846 3049 publicus
866 2943 1082 3019 auctoritate
1100 2942 1285 3033 notarius,
1301 2942 1490 3047 premissis
1510 2944 1749 3022 confessioni·

332 3075 402 3150 bus
427 3089 464 3148 et
489 3072 663 3149 omnihus
683 3072 763 3150 aliis
785 3073 823 3147 in
842 3073 1004 3177 presenti
1024 3089 1122 3148 carta
1141 3100 1208 3148 seu
1228 3073 1333 3176 pecia
1352 3090 1389 3148 et
1407 3074 1621 3177 precedenti
1641 3075 1746 3182 signo

333 3231 417 3280 meo
438 3201 606 3308 signatis,
628 3229 701 3277 una
716 3229 801 3277 cum
813 3201 1066 3307 suprascriptis
1086 3201 1238 3278 notariis
1252 3228 1405 3306 presens
1424 3200 1590 3289 interfui,
1613 3203 1673 3278 hic
1686 3230 1747 3279 me

333 3333 549 3436 subscripsi,
561 3348 596 3407 et
609 3332 826 3437 injunctura
833 3332 1021 3437 „presentis
1030 3349 1129 3409 carte
1141 3349 1176 3408 et
1188 3332 1451 3437 subsequentis
1462 3333 1609 3438 signum
1621 3361 1747 3411 meum

333 3464 486 3566 apposui
505 3476 665 3568 rogatus.

389 3727 431 3800 ln
445 3723 581 3801 Christi
593 3724 745 3798 nomine
761 3750 881 3798 amen.
893 3722 1209 3798 Pateatuniversis
1222 3749 1290 3825 per
1305 3723 1376 3797 hoc
1391 3750 1544 3826 presens
1556 3722 1747 3826 publicum

335 3854 619 3929 instrumentum
640 3850 744 3955 quod
762 3877 861 3926 anno
881 3851 1032 3927 Domini
1053 3850 1250 3927 millesmio
1271 3866 1351 3928 coc⁰
1364 3851 1538 3955 septimo,
1560 3850 1746 3927 indicione

333 3997 448 4065 sexta,
469 3979 704 4084 pontificatus
724 3980 940 4056 sanctissimi
960 3981 1075 4086 patris
1094 3998 1132 4057 et
1152 3980 1295 4056 domini
1315 3980 1460 4056 domini
1476 3978 1679 4056 Clementis
1693 3979 1746 4055 di-

333 4110 416 4184 vina
440 4110 676 4213 providencia
702 4138 795 4215 pape
821 4110 942 4216 quinti
971 4137 1067 4186 anno
1095 4110 1277 4197 seeundo,
1308 4109 1505 4185 undecima
1527 4109 1590 4185 die
1611 4109 1748 4186 mensis

334 4237 564 4325 novembris,
589 4238 626 4313 in
652 4238 814 4343 religiosi
835 4257 872 4316 et
901 4237 1048 4315 honesti
1072 4239 1139 4313 viri
1165 4238 1287 4315 fratris
1317 4238 1455 4315 Nicolai
1484 4240 1531 4317 de
1553 4226 1748 4315 Anessiaco

335 4358 476 4445 ordinis
491 4367 644 4444 fratrum
656 4369 950 4456 Predicatorum,
968 4369 1207 4444 commissarii
1221 4367 1294 4443 dati
1313 4397 1333 4443 a
1350 4368 1524 4475 religioso
1539 4386 1577 4445 et
1590 4368 1769 4446 honesto*

333 4500 411 4574 viro
432 4496 542 4573 fratre
564 4496 765 4574 Guillelmo
787 4497 833 4572 de
858 4497 1018 4574 Parisius
1043 4497 1131 4575 dicti
1157 4497 1316 4587 ordinis,
1338 4499 1557 4605 inquisitore
1582 4497 1746 4576 heretice

333 4630 519 4734 pravitatis
536 4629 575 4704 in
595 4654 709 4735 regno
731 4627 881 4704 Francie
901 4628 1119 4706 auctoritate
1139 4628 1341 4734 apostolica
1362 4629 1557 4735 deputato,
1578 4644 1748 4706 rourum

334 4760 562 4838 notariorum
578 4776 616 4835 et
636 4758 786 4836 testium
807 4755 1122 4864 inhascriptmum
1139 4759 1331 4864 presencia
1349 4759 1594 4865 personaliter
1606 4761 1749 4837 mosti-

420 4906 523 4965 ruochs
539 4924 593 4965 oss
608 4923 827 4966 reuertens-
839 4924 871 4964 u.
