4230 5956
705 444 901 538 procus
925 466 1022 538 uss
1046 462 1343 539 rsurnlsns.
1656 464 1727 540 tor

315 610 421 696 dem,
433 608 472 683 in
483 606 646 711 religiosi
658 622 695 680 et.
707 606 856 683 honesti
871 606 938 682 viri
951 606 1073 684 fratris
1083 605 1231 683 Nicolai·
1247 605 1294 680 de
1307 604 1501 682 Anessiaco
1520 608 1661 687 ordinis
1680 613 1732 687 di-

314 756 461 816 ctorum
471 735 770 825 Predicatorum,
783 737 1024 817 commissarii
1038 737 1126 813 dicti
1141 736 1285 812 domini
1302 736 1549 841 inquisitoris,
1562 758 1731 820 nostrum

312 869 546 944 notariorum
563 883 600 942 et
611 866 762 942 testium
776 867 1071 972 subscriptorum
1092 867 1284 972 presencia
1300 865 1545 971 personaliter
1562 871 1733 948 constitu·

312 1017 373 1073 tus
395 1016 432 1075 et
448 997 582 1075 eodem
598 997 712 1073 modo
727 997 874 1103 juratus
897 1015 936 1074 et
953 998 1165 1103 requisitus,
1189 997 1301 1073 frater
1316 996 1489 1074 Albertus
1509 998 1556 1074 de
1576 1001 1733 1077 Rumer-

314 1145 419 1204 court
440 1127 644 1232 presbyter,
668 1126 774 1203 etatis
796 1128 1025 1233 septuaginta
1045 1155 1227 1204 annorum
1241 1126 1299 1203 vel
1316 1127 1425 1214 circa,
1451 1128 1543 1203 dixit
1552 1156 1620 1233 per
1634 1131 1733 1236 jura-

315 1276 485 1335 mentum
502 1286 614 1334 suum
631 1257 736 1362 quod
746 1275 918 1364 receptus
930 1258 1002 1336 luit
1016 1258 1116 1363 apud
1130 1260 1402 1345 Montescourt,
1423 1274 1498 1333 tres
1518 1261 1602 1333 anni
1624 1279 1734 1338 eruut

311 1391 507 1466 Dominioa
522 1406 606 1466 ante
624 1390 762 1467 instans
779 1391 1084 1495 Carnisprivium,
1101 1418 1167 1497 per
1184 1389 1334 1467 fratrem
1345 1390 1520 1497 Egidium
1536 1391 1583 1467 de
1596 1392 1732 1469 Chivre

312 1521 485 1608 militem,
509 1519 556 1596 de
578 1538 754 1625 precepto
775 1520 897 1598 fratris
916 1520 1068 1599 liuberti
1090 1521 1137 1597 de
1159 1522 1315 1627 Samayo
1335 1520 1481 1606 militis,
1506 1523 1733 1625 preceptoris

310 1650 456 1726 ballivie
469 1652 515 1726 de
525 1652 791 1739 Montescourt,
803 1651 1041 1756 presentibus
1051 1651 1162 1727 fratre
1172 1653 1191 1725 J
1194 1652 1340 1726 ohanne
1349 1652 1484 1736 Watel,
1498 1650 1607 1726 fratre
1613 1649 1732 1727 Adam

311 1778 357 1855 de
372 1781 523 1886 Sarnay,
548 1796 583 1855 et
604 1780 830 1886 quibusdam
850 1781 931 1857 aliis
945 1782 992 1856 de
1012 1809 1172 1886 quorum
1192 1779 1410 1855 nominibus
1431 1808 1507 1855 non
1525 1781 1675 1869 recolit;
1696 1800 1734 1857 et

312 1908 402 1984 dixit
418 1937 486 2013 per
504 1910 760 2015 juramentum
787 1938 897 1986 suum
917 1908 1022 2015 quod
1045 1909 1146 1985 idern
1164 1908 1276 1984 frater
1303 1908 1489 1985 Robertus
1505 1909 1550 1985 de
1569 1911 1731 2016 Sarnayo

311 2039 475 2115 ostendit
493 2038 563 2116 sibi
586 2066 734 2114 crucem
756 2037 939 2144 depictam
954 2040 994 2113 in
1009 2039 1173 2143 quodam
1196 2038 1350 2124 missali,
1372 2066 1457 2115 oum
1475 2038 1596 2144 elligie
1616 2042 1732 2118 lhesu

310 2168 462 2256 Christi,
474 2186 514 2246 'et
525 2169 691 2273 precepit
700 2168 771 2244 sibi
783 2168 906 2267 dictus
916 2168 1101 2245 Robertus
1110 2167 1214 2274 quod
1228 2169 1306 2273 ipse
1315 2187 1585 2273 spueretsupra
1596 2171 1731 2247 dictam

310 2325 478 2375 crucem:
496 2299 562 2404 qui
580 2298 671 2375 dixit
684 2298 972 2375 rotusterritusr
988 2334 1000 2365 ι
1016 2300 1070 2374 Ha
1082 2315 1205 2375 sancta
1216 2298 1347 2376 Marial
1362 2326 1479 2402 quara
1490 2297 1649 2375 facerem
1660 2328 1731 2407 ego

308 2430 405 2506 hoc?
419 2432 497 2536 Ego
512 2429 673 2534 aportavi
691 2429 816 2505 omnia
831 2428 929 2505 bona
941 2456 1028 2526 ,mea
1041 2429 1167 2516 intus,
1178 2428 1351 2504 videlicet
1365 2428 1605 2536 quadraginta
1620 2430 1732 2508 libras

309 2579 407 2637 terre
428 2560 662 2649 redditualis‚
686 2577 723 2636 et
741 2587 805 2636 vos
824 2558 934 2636 vultis
958 2560 1064 2664 quod
1090 2586 1159 2665 ego
1179 2558 1308 2636 faciam
1330 2577 1407 2635 tam
1430 2559 1601 2637 mirabile
1626 2563 1730 2666 quod

310 2689 413 2765 nullo
434 2691 548 2765 modo
568 2689 738 2765 lacerem.
757 2727 769 2756 ι
789 2690 835 2764 Et
853 2706 945 2765 tunc
969 2687 1033 2765 ille
1053 2687 1165 2766 frater
1185 2688 1369 2765 Robertus
1388 2689 1480 2765 dixit
1498 2720 1506 2763 ε
1524 2726 1536 2757 ι
1553 2691 1652 2782 Quia
1666 2719 1730 2767 vos

309 2821 396 2896 estis
415 2849 545 2907 senex,
576 2848 644 2896 nos
669 2846 860 2925 parcemus
879 2818 984 2895 vobis
1003 2845 1116 2922 super
1137 2818 1210 2892 hiis
1231 2835 1267 2893 et
1290 2818 1386 2906 aliis,
1403 2856 1415 2886 ι
1438 2837 1474 2893 et
1495 2818 1609 2894 nichil
1627 2820 1730 2898 aliud

308 2950 379 3025 fuit
393 2951 463 3026 sibi
481 2950 637 3037 sactum,
662 2966 703 3025 ut
721 2949 813 3025 dixit
832 2976 901 3054 per
910 2948 1168 3053 juramentum
1188 2975 1313 3023 suum.
1330 2949 1431 3024 Dixit
1451 2949 1568 3025 eciam
1588 2978 1655 3054 per
1669 2953 1731 3058 ju-

308 3099 517 3157 rameutum
539 3108 648 3157 suum
668 3079 770 3185 quod
792 3079 822 3156 si
843 3078 968 3166 sciret,
991 3095 1188 3183 antequam
1209 3078 1377 3165 intraret,
1395 3080 1499 3183 quod
1519 3079 1615 3155 ordo
1636 3101 1730 3159 esset

307 3210 533 3317 talis‚-quod
558 3239 635 3287 non
664 3212 836 3287 intrasset
854 3239 924 3315 pro
953 3226 1034 3286 toto
1053 3209 1217 3299 mundo,
1241 3210 1355 3284 immo
1380 3210 1467 3315 plus
1491 3209 1603 3286 vellet
1626 3212 1729 3316 quod

307 3343 490 3419 abscisum
513 3341 641 3419 luisset
665 3341 735 3419 sibi
757 3357 878 3445 caput.
906 3341 1122 3445 Requisitus
1144 3359 1271 3416 utrum
1295 3339 1429 3417 viderit
1453 3341 1567 3445 recipi
1585 3341 1730 3449 aliquos

306 3471 452 3560 fratres,
469 3473 561 3549 dixit
573 3500 641 3579 per
655 3473 911 3579 juramentum
928 3500 1039 3547 suum
1055 3472 1158 3577 quod
1175 3473 1228 3547 sic
1241 3471 1443 3576 quemdam
1457 3473 1521 3576 qui
1534 3473 1731 3550 vocabatur

306 3603 459 3708 Egidius
469 3602 517 3679 de
525 3603 794 3680 Valenciennes
806 3634 815 3689 3
838 3618 875 3677 et
889 3603 1032 3705 recepit
1047 3628 1134 3676 eum
1147 3600 1260 3676 frater
1274 3599 1360 3676 Odo
1373 3618 1567 3703 preceptor
1581 3600 1729 3676 ballivie

308 3733 628 3822 viromendensis,
656 3751 693 3809 et
716 3732 808 3808 dixit
832 3733 937 3836 quod
960 3731 1101 3807 audivit
1125 3732 1230 3836 quod
1253 3731 1374 3807 dictus
1394 3731 1577 3834 recipiens
1601 3758 1729 3836 prece-

306 3864 360 3965 pit
380 3864 503 3939 eidem
528 3861 630 3938 fratri
647 3862 780 3968 Egidio
800 3860 904 3966 quod
923 3848 1076 3966 spueret
1095 3888 1206 3966 supra
1226 3860 1427 3965 quamdam
1449 3887 1595 3936 crucem
1615 3888 1728 3965 quam

306 3992 469 4068 ostendit
487 3991 579 4081 sibi;
607 4009 644 4068 et
668 4008 760 4068 tunc
779 3990 881 4066 idem
906 3989 1061 4096 Egidius
1085 3990 1198 4095 spuit,
1225 3990 1282 4066 vel
1301 3989 1405 4065 linxit
1423 4017 1462 4065 se
1478 4016 1639 4094 spuere,
1662 3992 1727 4067 sed

305 4120 501 4197 videbatur
510 4122 634 4200 eidem
655 4121 720 4227 qui
740 4121 909 4227 loquitur
927 4121 1032 4226 quod
1048 4139 1211 4225 spueret.

363 4252 455 4326 ltem
469 4251 669 4356 requisitus
685 4267 813 4327 utrum
824 4251 874 4339 vi,
893 4250 949 4326 vel
966 4267 1070 4326 metu
1089 4249 1246 4325 carceris
1266 4266 1328 4324 aut
1342 4267 1632 4340 tormentorum,
1650 4251 1728 4354 ipse

306 4380 343 4453 in
360 4381 549 4482 premissis
561 4380 724 4486 aliquam
738 4380 983 4457 immiscuerit
992 4382 1049 4457 vel
1064 4380 1197 4457 dixerit
1211 4379 1423 4469 falsitatem,
1440 4381 1498 4458 vel
1510 4380 1729 4456 subticuerit

307 4510 500 4586 veritatem
516 4575 523 4601 ‚
538 4512 642 4593 ‚dixit
672 4539 740 4616 per
755 4513 1009 4617 juramentum
1037 4539 1145 4586 suum
1171 4511 1275 4616 quod
1300 4539 1392 4601 non,
1415 4529 1453 4587 et
1472 4513 1573 4616 quod
1595 4528 1727 4615 puram

306 4641 499 4717 veritatem
519 4640 611 4719 dixit
632 4659 669 4718 et
690 4670 844 4719 meram.

353 4766 501 4849 'Actunl
513 4773 673 4850 Parisius
686 4774 723 4848 in
742 4773 857 4849 domo
872 4773 1038 4877 Templi,
1061 4773 1159 4853 dicta
1177 4774 1238 4849 die
1261 4800 1306 4851 xx
1328 4773 1554 4862 novembris,
1576 4800 1725 4879 presen-
1854 4778 1858 4785 ’
