4268 5946
358 486 405 560 io
745 464 940 559 Procas
967 486 1063 559 nns
1090 487 1396 560 TEMPLIERS.

355 624 586 734 presbitero,
607 625 760 703 Matheo
780 626 828 703 de
844 625 997 705 Tilheio
1017 645 1057 705 et
1070 629 1184 706 Petro
1203 631 1251 705 de
1271 630 1440 736 Loyson,
1467 627 1532 733 qui
1553 627 1728 707 Matheus
1751 646 1795 707 et

354 757 489 835 Petrus
498 754 773 863 fueruntsupra
784 758 994 835 examinati.
1017 758 1049 836 A
1063 788 1139 865 quo
1150 778 1346 866 receptore
1358 788 1446 851 cunr
1461 759 1637 864 peciisset
1650 786 1793 865 panem

357 907 396 969 et
407 917 543 996 aquam
557 905 596 964 et
610 888 826 965 societatem
843 889 1006 978 ordinis,
1022 908 1060 968 et
1078 892 1248 997 predicto
1263 891 1298 967 ei
1312 890 1418 998 quod
1429 891 1528 968 bene
1544 889 1793 984 deliberaret,

357 1023 447 1130 quia
461 1037 653 1128 oporteret
667 1048 757 1098 eum
776 1021 958 1098 voluntati
978 1022 1114 1131 subjici
1133 1024 1276 1116 aliene,
1298 1040 1337 1100 et
1353 1022 1472 1103 multa
1494 1022 1589 1098 dura
1605 1040 1643 1100 et
1659 1002 1792 1130 aspera

357 1155 558 1245 sustinere,
587 1153 846 1244 concessisset,
871 1151 960 1229 lecit
987 1183 1075 1233 earm
1095 1184 1228 1233 vovere
1249 1172 1288 1232 et
1302 1155 1430 1264 jurare
1449 1154 1672 1244 castitatem,
1697 1156 1793 1233 obe·

357 1286 564 1374 dienciam,
589 1285 709 1362 vivere
736 1285 817 1361 sine
842 1284 1016 1392 proprio;
1042 1303 1081 1363 et
1106 1287 1284 1393 imposito
1316 1285 1389 1364 sibi
1417 1285 1613 1374 mantello,
1643 1286 1722 1392 ipse
1750 1305 1792 1365 et

356 1415 488 1495 fratres
497 1434 661 1495 astantes
671 1416 828 1494 fuerunt
840 1446 929 1494 eum
945 1417 1104 1496 osculati
1118 1419 1158 1495 in
1174 1449 1251 1498 ore.
1269 1420 1358 1513 Quo
1373 1418 1558 1495 instructo
1574 1434 1669 1523 quot
1679 1420 1793 1497 Pater

356 1565 473 1628 noster
488 1577 557 1656 pro
576 1549 681 1627 boris
706 1549 784 1627 suis
805 1548 949 1625 diceret
968 1566 1007 1626 et
1031 1549 1196 1656 qualiter
1214 1551 1256 1626 in
1271 1550 1408 1627 ordine
1428 1578 1469 1626 se
1492 1567 1657 1658 regeret,
1684 1577 1790 1627 rece·

356 1680 537 1759 dentibus
562 1679 743 1787 predictis
768 1678 970 1771 fratribus,
999 1682 1169 1787 precepit
1195 1681 1321 1759 eidem
1342 1681 1451 1772 testi,
1480 1681 1685 1758 ostendens
1714 1679 1788 1758 sibi

357 1812 562 1918 quamdam
575 1840 727 1888 crucem
743 1810 906 1919 ligneam
919 1812 959 1888 in
971 1842 1047 1919 qua
1061 1811 1166 1889 nulla
1179 1829 1258 1889 erat
1267 1836 1401 1920 ymago
1414 1811 1608 1902 Crucifixi,
1624 1812 1672 1890 de
1684 1828 1788 1888 retro

356 1943 471 2023 altare
489 1962 698 2051 acceptam,
721 1944 827 2050 quod
839 1945 1042 2052 abnegaret
1058 1945 1184 2024 Deum
1200 1962 1239 2022 et
1253 1960 1407 2053 spueret
1422 1972 1535 2049 super
1551 1943 1690 2021 dictam
1704 1973 1789 2021 cru-

356 2105 461 2169 cem,
482 2093 521 2152 et
539 2066 621 2181 ipso
641 2091 736 2153 teste
756 2078 1010 2182 respondente
1034 2078 1137 2184 quod
1158 2076 1266 2154 nullo
1286 2076 1403 2153 modo
1423 2075 1625 2182 abnegaret
1643 2093 1788 2153 creato·

360 2235 441 2283 rem
466 2234 597 2297 snum,
624 2207 718 2283 dixit
742 2208 777 2283 ei
802 2209 908 2314 quod
931 2210 1005 2285 hoc
1031 2208 1230 2313 oportebat
1250 2237 1339 2286 eum
1358 2207 1496 2300 facere,
1519 2207 1608 2313 quia
1626 2209 1705 2312 ipse
1725 2232 1788 2281 re·

359 2354 489 2443 ceptor
508 2336 582 2414 hoc
605 2335 742 2414 lecerat
767 2336 806 2413 in
832 2337 1054 2443 recepcione
1077 2365 1161 2426 sua3
1187 2355 1226 2415 et
1247 2354 1340 2415 tunc
1363 2337 1443 2445 ipse
1462 2338 1568 2415 testis
1589 2337 1790 2442 abnegavit

358 2469 485 2548 Deum
506 2496 571 2547 ore
595 2495 673 2545 non
692 2467 822 2559 corde,
845 2487 883 2546 et
900 2469 1003 2575 spuit
1022 2497 1099 2547 non
1119 2498 1230 2576 supra
1252 2468 1321 2545 sed
1334 2467 1441 2576 juxta
1463 2467 1600 2544 dictam
1621 2495 1784 2544 crucem.

358 2602 542 2708 Postque
568 2600 735 2708 precepit
758 2601 883 2678 eidem
907 2602 993 2679 testi
1015 2600 1122 2710 quod
1146 2600 1379 2679 oscularetur
1401 2600 1526 2705 ipsum
1551 2616 1785 2705 receptorem

357 2733 397 2809 in
418 2761 489 2810 ano
504 2763 514 2809 ε
528 2732 602 2810 suit
621 2762 711 2810 eum
732 2733 923 2811 osculatus
940 2735 1034 2811 circa
1055 2762 1187 2811 zonam
1212 2761 1325 2839 supra
1345 2731 1546 2808 camisiam.
1576 2730 1657 2808 Alia
1675 2731 1786 2879 inbo-

356 2881 462 2942 nesta
489 2893 567 2942 non
595 2864 881 2943 intervenerunt
900 2866 939 2941 in
960 2866 1056 2943 dicta
1077 2895 1144 2943 sua
1170 2863 1391 2971 recepcione
1411 2891 1481 2939 nec
1499 2879 1602 2969 post,
1624 2891 1694 2939 nec
1717 2864 1788 2939 scit

358 2996 466 3072 aliter
483 2995 513 3072 si
528 2995 800 3072 intervenirent
813 2997 853 3072 in
868 2997 1153 3102 recepcionibus
1167 2995 1345 3087 aliorum,
1363 3023 1432 3071 nec
1449 2995 1522 3072 hoc
1538 2994 1680 3103 audivit
1693 2993 1784 3084 dici,

357 3156 429 3204 nec
453 3126 521 3204 scit
547 3125 652 3233 quod
672 3155 786 3232 super
810 3127 885 3204 hoc
907 3126 1052 3216 credat,
1076 3129 1164 3236 quia
1183 3155 1318 3235 parum
1338 3125 1411 3202 suit
1435 3126 1474 3202 in
1503 3125 1647 3202 ordine.
1673 3125 1784 3215 Item,

360 3258 454 3336 dixit
473 3285 512 3335 se
531 3258 631 3335 bene
656 3256 809 3336 credere
831 3258 1088 3338 ecclesiasticis
1108 3259 1365 3350 sacramentis,
1390 3275 1428 3336 et
1449 3259 1553 3364 quod
1573 3255 1789 3369 aliissatres

359 3391 574 3482 crederent,
596 3408 635 3468 et
649 3391 755 3499 quod
771 3419 905 3469 eorum
925 3394 1137 3472 sacerdotes
1153 3392 1280 3472 debite
1297 3389 1543 3468 celebrarent.
1566 3376 1699 3467 Statim
1716 3417 1788 3494 pro
1879 3401 1882 3406 ’

359 3520 535 3629 professis
550 3521 799 3600 habebantur.
822 3523 1064 3604 Clandestine
1082 3525 1372 3631 recipiebantur,
1396 3550 1437 3598 ex
1456 3549 1533 3629 quo
1549 3519 1668 3596 credit
1681 3518 1789 3629 quod

356 3668 458 3735 ,esset
480 3653 643 3759 suspicio
668 3671 796 3732 contra
817 3682 893 3732 eos.
920 3655 1098 3734 Cordulis
1118 3655 1221 3733 unde
1240 3653 1417 3731 volebant
1443 3651 1642 3757 assumptis
1663 3650 1789 3759 cinge·

357 3783 496 3868 bantur
511 3814 622 3893 supra
635 3785 803 3863 camisias
815 3815 902 3862 cum
915 3787 1055 3893 quibus
1066 3786 1255 3893 jacebant,
1278 3813 1346 3860 nec
1361 3785 1431 3861 scit
1444 3813 1514 3861 nec
1526 3782 1669 3858 audivit
1682 3782 1790 3888 quod

357 3931 554 4025 tangerent
573 3916 694 4022 capita
712 3915 929 4023 ydolorum.
951 3917 1157 3995 Dicebatur
1178 3917 1231 3994 eis
1252 3934 1289 3993 et
1309 3916 1597 3993 deffendebatur
1618 3941 1666 3990 ne
1683 3901 1789 3989 reve-

358 4044 479 4123 larent
494 4063 634 4126 secreta
651 4047 903 4154 capitulorum
921 4075 992 4125 nec
1006 4048 1165 4126 modum
1184 4076 1250 4124 sue
1270 4047 1512 4153 recepcionis.
1536 4046 1576 4122 Si
1596 4045 1661 4149 qui
1683 4061 1790 4119 erant

360 4173 490 4253 fratres
505 4177 665 4255 scientes
684 4206 829 4259 errores
850 4179 890 4256 in
909 4180 1060 4269 ordine,
1081 4178 1237 4257 suerunt
1255 4177 1488 4286 negligentes
1508 4174 1688 4281 quianon
1709 4203 1790 4251 cor-

359 4325 537 4386 rexerunt
564 4336 628 4388 eos
650 4338 719 4388 nec
738 4312 1060 4391 denunciaverunt
1079 4311 1255 4427 Ecclesia.
1277 4309 1512 4400 Elemosinas
1535 4324 1574 4384 at
1593 4306 1790 4419 hospitali·

358 4454 472 4517 tatem
493 4440 587 4518 vidit
608 4442 876 4519 convenienter
894 4443 976 4520 [ieri
1002 4436 1220 4549 etsprvari,
1247 4454 1333 4543 anag
1362 4444 1442 4550 ejus
1466 4440 1727 4547 recepcionem
1752 4456 1792 4517 at

359 4587 458 4672 post,
476 4571 516 4647 in
530 4572 709 4649 domibus
722 4571 867 4648 ordinis
878 4571 918 4646 in
933 4560 1221 4693 quibus'dastitit
1231 4590 1495 4654 commoratus.
1509 4569 1790 4677 Precipiebatur
1908 4673 1911 4676 y

361 4697 416 4774 eis
428 4699 533 4804 quod
543 4700 670 4778 debite
682 4702 921 4808 acquirerent
935 4704 1071 4781 ordini.
1088 4684 1241 4783 dudivit
1257 4704 1332 4782 dici
1342 4702 1447 4812 quod
1459 4700 1791 4810 capitulia,-januis

362 4825 515 4919 eburis,
530 4827 647 4907 nullis
661 4831 901 4937 presentibus
915 4834 985 4913 nisi
1001 4833 1191 4924 fratribus,
1207 4835 1411 4942 aliquando
1425 4833 1662 4922 tenebantur,
1682 4833 1789 4911 valde
