4230 5956
641 478 835 568 esoces
861 496 956 566 nns
982 487 1285 569 reuertens.
1605 491 1675 571 rss

256 640 303 716 de
324 639 470 715 Mancio
492 635 762 728 servientibus,
783 635 1000 723 deffunctis3
1021 634 1191 739 plurium
1217 635 1503 742 recepcionibus
1523 638 1616 719 dim
1636 667 1675 719 so

256 796 331 845 non
358 766 534 845 adfuisse.
556 767 667 857 Item,
702 767 795 844 dixit
821 766 929 873 quod
954 765 1054 843 bene
1080 764 1257 845 credebat
1277 764 1532 851 ecclesiasticis
1559 794 1676 864 sacra7

255 899 408 985 mentis,
422 915 463 974 et
473 896 594 974 credit
607 897 712 1003 quod
727 896 790 977 alii
804 895 935 974 iratres
950 895 1093 974 ordinis
1113 895 1250 975 eodem
1269 895 1386 975 modo
1402 895 1617 984 crederent,
1640 915 1678 972 et

254 1028 359 1134 quod
378 1055 511 1107 eorum
532 1028 746 1105 sacerdotes
762 1027 893 1104 debite
911 1026 1156 1105 celebrarent.
1177 1027 1219 1106 ln
1245 1015 1518 1108 terminauione
1536 1029 1679 1131 capitu—³

253 1158 379 1236 lorum
397 1157 675 1263 particularium
697 1175 736 1235 et
753 1157 1039 1266 provincialium
1061 1158 1201 1264 quibus
1215 1156 1353 1248 adluit,
1370 1157 1464 1235 vidit
1484 1175 1523 1234 et
1536 1157 1678 1235 audivit

256 1289 361 1395 quod
379 1288 462 1365 laici
483 1287 658 1395 capitulis
676 1308 849 1367 tenentes
867 1287 1126 1380 absolvebant,
1153 1289 1375 1371 auctoritate
1396 1289 1542 1366 domini
1560 1289 1675 1393 Pape,

256 1418 386 1494 fratres
401 1418 545 1495 ordinis
564 1417 610 1495 ab
625 1419 899 1497 inobedienciis
914 1446 1067 1508 eorum,
1088 1434 1127 1496 et
1142 1417 1318 1497 dicebant
1333 1418 1439 1525 quod
1456 1418 1504 1495 de
1518 1419 1677 1523 peccatis

256 1547 412 1624 occultis
426 1547 697 1627 confiterentur
716 1549 995 1637 sacerdotibus,;
1020 1565 1058 1625 et
1076 1549 1243 1655 predicta
1262 1548 1357 1625 vidit
1377 1565 1414 1629 et
1435 1548 1576 1628 audivit
1594 1548 1677 1624 fieri

255 1707 324 1785 per
348 1679 500 1755 lintrem
532 1681 571 1757 P.
602 1681 648 1757 de
681 1680 997 1769 Madit0,.locum
1015 1695 1209 1759 tenentem
1231 1679 1460 1785 preceptoris
1486 1678 1674 1765 Alvernie,

256 1810 407 1916 quando
417 1809 569 1887 tenebat
584 1810 759 1917 capitulia
772 1811 810 1886 in
826 1811 924 1887 dicta
938 1810 1053 1887 domo
1070 1810 1117 1886 de
1129 1809 1304 1887 Marcbia.
1317 1808 1532 1914 Requisitus
1543 1807 1595 1895 'si,
1610 1834 1677 1911 per

255 1939 536 2017 absolucionem
562 1940 749 2017 dictorum
779 1941 960 2018 laieorum
985 1957 1022 2015 et
1046 1940 1306 2016 remissionem
1331 1935 1515 2013 dictarum
1544 1936 1678 2013 inobe-

257 2070 508 2158 dienciarum,
525 2068 658 2146 fratres
668 2066 1027 2146 ordiniscredebant
1039 2096 1119 2146 erse
1130 2066 1249 2145 abluti
1262 2096 1284 2144 a
1299 2066 1456 2173 peccatis
1469 2066 1688 2158 verrialibus⁴

255 2198 313 2274 vel
325 2197 548 2275 mortalibus
561 2199 606 2273 ea
619 2194 894 2276 inobedieneiis
904 2195 1239 2287 descendentibus,
1255 2191 1452 2303 respoudit
1467 2225 1507 2276 se
1523 2198 1676 2277 credere

255 2330 360 2435 quod
379 2330 447 2420 sic,
467 2329 556 2434 quia
571 2345 677 2404 erant
691 2328 894 2434 simplices
912 2327 1141 2414 Item„dixit
1152 2327 1263 2433 quod
1281 2329 1324 2403 in
1337 2355 1472 2406 eorum
1492 2329 1677 2434 recepcio-

255 2456 369 2536 nibus
376 2458 554 2565 jurabant
570 2458 747 2536 ordinem·
756 2486 836 2535 uon
850 2459 962 2546 exire,
980 2474 1018 2533 et
1029 2456 1135 2563 quod
1147 2457 1273 2537 statim
1288 2486 1356 2564 pro
1373 2458 1677 2564 professishabe·

254 2587 410 2679 bantur;
428 2606 465 2665 et
478 2587 705 2665 clandestine
719 2586 1008 2693 recipiebantur,
1026 2585 1143 2666 nullis
1156 2586 1395 2691 presentibus
1415 2587 1486 2664 nisi
1501 2587 1677 2667 fratribus

256 2718 416 2807 ordinis,
431 2747 477 2795 ex
497 2747 574 2824 quo
593 2717 714 2795 credit
733 2718 840 2824 quod
858 2734 958 2799 esset
972 2716 1134 2823 suspicio
1148 2733 1284 2795 nonus
1299 2745 1377 2800 eos.
1396 2719 1445 2797 Et
1460 2717 1677 2822 frequenter

254 2847 326 2924 lirit
341 2849 501 2952 petitum
515 2848 562 2924 ab
575 2876 623 2924 eo
635 2877 704 2954 per
714 2847 901 2927 seculares
913 2846 1017 2952 quod
1031 2845 1214 2923 revelaret
1227 2846 1282 2923 eis
1295 2847 1455 2925 modum
1471 2876 1541 2926 sue
1555 2877 1676 2952 recep

254 2978 387 3063 sionis,
400 2995 439 3055 et
452 2978 530 3084 ipse
545 2976 699 3055 nolebat
715 2978 770 3057 eis
780 2976 957 3067 rerelare,
969 2976 1058 3083 quia
1066 2975 1256 3082 juraserat
1265 3003 1346 3053 uon
1359 2976 1523 3061 revelare
1534 2998 1674 3056 secreta

254 3108 521 3214 capitulorum,
538 3108 628 3185 licet
644 3109 693 3185 de
709 3107 827 3185 modo
842 3107 1076 3213 recepcionis
1089 3136 1166 3184 nou
1180 3105 1313 3184 suisset
1327 3106 1422 3185 lacta
1436 3111 1677 3215 menciospe

254 3237 373 3326 cialis,
388 3256 426 3315 et
443 3239 531 3344 quia
546 3238 667 3314 credit
681 3238 786 3344 quod
801 3238 832 3316 si
846 3239 926 3344 ipse
943 3236 1001 3314 vel
1015 3236 1111 3316 alius
1125 3237 1339 3329 revelasset,
1350 3238 1510 3347 graviter
1519 3242 1675 3345 punitus

252 3367 394 3446 fuisset.
423 3370 480 3448 De
505 3369 683 3446 mandato
709 3369 949 3475 superiorum
977 3366 1234 3475 cingebantur,
1263 3396 1376 3473 super
1400 3369 1569 3446 camisias
1593 3401 1678 3448 suas

224 3478 233 3490 ⁸
253 3526 337 3575 eum
352 3499 492 3605 quibus
503 3498 694 3606 jacebant,
717 3497 884 3576 cordulis
897 3498 1057 3604 sumptis
1071 3499 1176 3576 unde
1191 3496 1378 3575 volebant.
1395 3496 1547 3606 Absque
1562 3500 1676 3577 licen-

253 3629 308 3703 cia
327 3630 568 3734 superiorum
592 3656 668 3705 non
692 3644 865 3734 poterant
885 3627 969 3705 eliis
988 3656 1103 3734 msam
1124 3625 1382 3707 sacerdotibus
1401 3630 1546 3706 ordinis
1559 3630 1676 3706 confi-

252 3757 345 3846 teri,
367 3774 405 3833 et
430 3760 504 3837 boc
522 3757 798 3864 injungebatur
825 3757 982 3837 eisdem.
1002 3758 1151 3839 Fratres
1175 3756 1335 3835 scientes
1352 3785 1503 3837 errores
1522 3759 1678 3837 luerunt

253 3887 485 3994 negligentes
502 3887 591 3994 quia
610 3915 688 3967 nou
708 3904 953 3965 correxerunt
974 3913 1043 3993 eos
1058 3915 1130 3965 nec
1150 3885 1480 3997 denunciaueruat
1494 3887 1656 3964 Ecclesie
1664 3942 1676 3976 ,1

253 4017 381 4095 dicens
407 4019 487 4123 ipse
508 4018 616 4096 testis
640 4018 745 4124 quod
766 4035 962 4124 peccatum
983 4017 1177 4097 detinebat
1194 4045 1270 4094 eos.
1290 4015 1526 4094 Elemosinas
1546 4035 1584 4095 et
1605 4020 1675 4095 bo-

253 4146 493 4251 spitsl-itatem
510 4149 605 4225 uidit
622 4149 887 4226 convenienter
902 4148 987 4225 fieri
1001 4165 1044 4225 et
1062 4147 1198 4226 servari
1213 4147 1253 4223 iu
1272 4145 1452 4259 domibus
1472 4148 1616 4226 ordinis
1635 4151 1676 4225 iu¹
1765 4183 1772 4198 ¹
1802 4121 1809 4135 ι

253 4275 393 4382 quibus
412 4277 535 4353 extitit
555 4295 820 4355 commoratus.
846 4277 1025 4356 lurabnut
1045 4304 1190 4356 sensere
1204 4278 1291 4384 jura
1309 4278 1468 4356 ordinis.
1486 4279 1673 4385 Capitulis
1779 4286 1791 4297 '

251 4405 346 4482 vidit
363 4407 486 4483 teneri
505 4406 711 4513 aliquando
734 4425 827 4485 antev
845 4433 1034 4497 auroram,
1054 4407 1181 4516 januis
1200 4407 1356 4498 clausis,
1383 4408 1499 4487 nullis
1522 4438 1676 4514 presen-

250 4535 353 4614 tibus
363 4537 437 4612 nisi
449 4535 628 4616 frutribus
635 4537 1113 4645 ordinisetprevidebatur
1126 4565 1177 4615 ne
1184 4521 1381 4616 audiretur
1394 4540 1672 4650 exteriusquod

253 4666 410 4745 interius
427 4668 617 4777 agebatur.
639 4668 826 4749 Ortliuata
847 4697 932 4777 pen
943 4670 1164 4779 Magistrum
1183 4699 1285 4763 cum.
1296 4672 1673 4763 contentuservabat

253 4799 512 4889 cremonae
530 4825 649 4908 quem
663 4827 770 4878 ‘nunc
789 4800 942 4910 grandia
959 4801 1154 4894 seandala,
1174 4800 1337 4908 suspicio
1352 4819 1395 4880 et
1413 4800 1572 4883 infamia
1583 4821 1673 4882 sunt
