4230 5956
475 481 525 553 aa
867 463 1060 553 esoces
1086 481 1180 552 ons
1206 481 1507 553 TEMPLIERS.

476 639 581 698 naret
591 622 630 697 in
646 650 741 728 pone
756 638 794 699 et
808 650 905 727 aque
919 620 1030 699 sextis
1040 619 1143 696 feriis
1158 649 1179 695 a
1193 621 1370 697 Paschate
1381 647 1502 726 usque
1518 621 1775 712 Pentecosten,
1789 625 1890 730 quod

474 769 512 827 et
529 751 627 828 fecit.
644 751 727 829 Alia
746 753 945 828 inhonesta
956 778 1034 826 non
1050 751 1334 827 intervenerunt
1353 751 1392 826 in
1413 752 1633 858 recepcione
1648 783 1715 831 sua
1730 756 1895 860 predicta

474 910 543 958 nec
579 899 680 987 post,
710 899 747 957 et
772 881 890 957 credit
920 880 1026 987 quod
1057 881 1311 957 communiter
1338 880 1505 986 predicta
1537 882 1666 960 illicita
1695 886 1896 963 interveni·

474 1029 559 1087 rent
576 1014 614 1088 in
630 1011 913 1116 recepcionibus
928 1009 1089 1086 aliorum
1104 1010 1162 1085 vel
1183 1027 1279 1117 post.
1303 1011 1409 1101 Item,
1433 1010 1527 1087 dixit
1545 1037 1586 1089 se
1606 1013 1760 1091 credere
1780 1015 1898 1091 eoele-

474 1143 627 1220 siasticis
642 1142 900 1231 sacramentis,
922 1158 960 1217 et
978 1141 1085 1246 quod
1099 1140 1162 1216 alii
1181 1139 1312 1218 fratres
1328 1140 1473 1218 ordinis
1486 1142 1622 1219 eodem
1638 1144 1754 1222 modo
1768 1145 1897 1223 crede-

404 1270 407 1275 ’
475 1289 577 1360 rent,
600 1290 638 1348 et
658 1273 763 1378 quod
775 1299 908 1349 eorum
924 1268 1135 1347 sacerdotes
1155 1270 1282 1347 debite
1299 1270 1544 1348 celebrarent.
1566 1273 1606 1350 Si
1626 1275 1710 1379 quis
1729 1275 1896 1352 exivisset

476 1403 649 1480 ordinem
664 1420 750 1508 post
766 1403 1040 1508 recepcionem,
1066 1401 1197 1477 fuisset
1216 1401 1574 1489 excommunicatus,
1592 1420 1636 1478 ut
1650 1405 1790 1480 audivit
1808 1404 1894 1480 dici.

476 1531 717 1608 Clandestine
742 1531 1030 1637 recipiebantur,
1052 1531 1167 1608 nullis
1186 1530 1425 1637 presentibus
1445 1533 1516 1609 nisi
1536 1532 1715 1610 fratribus
1734 1535 1893 1615 ordinis.

477 1662 527 1736 ita
544 1660 649 1764 quod
667 1660 734 1738 lilii
755 1661 872 1765 ipsius
891 1662 1018 1748 testis,
1040 1668 1136 1767 quos
1156 1660 1339 1737 babuerat
1360 1661 1399 1735 in
1421 1661 1572 1752 seculo,
1596 1691 1671 1739 non
1693 1681 1897 1768 potuerunt

476 1819 541 1867 sue
561 1790 770 1895 recepoioni
795 1790 940 1877 adesse;
964 1792 1166 1896 exquibus
1186 1790 1553 1897 creditquod·esset
1577 1794 1740 1898 suspicio
1767 1813 1895 1877 contre

478 1948 553 1996 eos.
564 1919 742 1997 Cordulis
756 1920 857 1995 unde
870 1920 1253 2025 volebantassumptis
1264 1909 1799 2026 cingebantursuperoamisias
1808 1953 1894 1999 cum

475 2049 614 2155 quibus
621 2049 807 2156 jacebant.
818 2047 972 2126 Audivit
990 2051 1064 2126 dici
1078 2050 1183 2156 quod
1192 2049 1334 2156 absque
1354 2049 1509 2127 licencia
1533 2079 1609 2128 non
1629 2068 1803 2158 poterant
1824 2054 1895 2130 nisi

479 2179 732 2257 sacerdotibus
755 2179 901 2255 ordinis
916 2179 1112 2269 confiteri,
1141 2180 1210 2257 sed
1231 2179 1302 2258 sibi
1329 2179 1496 2258 nonfuit
1516 2182 1735 2260 inhibitum.
1754 2185 1898 2260 Fratres

480 2310 622 2386 ordinis
634 2309 793 2386 scientes
808 2335 956 2385 errores
970 2308 1127 2386 suerunt
1138 2308 1371 2414 negligentes
1382 2311 1471 2415 quia
1486 2339 1564 2386 non
1580 2330 1821 2389 correxerunt
1835 2341 1899 2390 eos
1960 2351 1968 2367 ·

480 2468 548 2515 nec
560 2439 879 2517 denunciaverunt
888 2438 1067 2515 Ecclesie.
1089 2437 1321 2515 Elemosinss
1341 2454 1379 2513 et
1393 2438 1682 2545 hospitalitatem
1702 2441 1796 2516 vidit
1809 2471 1898 2519 con-

479 2570 670 2646 venienter
692 2568 773 2646 lieri
795 2586 832 2645 et
850 2566 986 2645 servari
1008 2569 1046 2645 in
1071 2567 1245 2644 domibus
1267 2566 1413 2645 ordinis
1431 2567 1472 2643 in
1498 2568 1637 2674 quibus
1656 2570 1775 2646 extitit
1795 2598 1898 2648 com-

479 2717 646 2778 moratus
664 2718 749 2777 ante
765 2702 974 2809 ingressum
995 2716 1035 2774 et
1053 2715 1148 2803 post.
1168 2697 1320 2774 Audivit
1341 2697 1414 2773 dici
1430 2699 1535 2804 quod
1551 2727 1682 2776 eorum
1699 2702 1895 2807 capitulis,

474 2832 599 2937 jannis
619 2831 771 2919 clausis,
795 2829 911 2906 nullis
926 2828 1162 2935 presentibus
1179 2828 1250 2904 nisi
1277 2827 1456 2905 fratribus
1474 2829 1636 2918 ordinis,
1658 2829 1896 2909 tenebantur.

480 2963 662 3039 Ordinato
674 2990 743 3065 per
761 2962 980 3066 Magistrum
1002 2988 1087 3035 cum
1108 2974 1294 3035 conventu
1314 2975 1493 3035 servasset
1507 2974 1612 3036 totus
1633 2959 1746 3049 ordo,
1770 2977 1898 3036 contra

480 3118 596 3195 quem
620 3119 721 3167 nune
739 3087 893 3196 grandia
912 3087 1100 3172 scandala,
1119 3088 1282 3195 suspicio
1304 3105 1342 3164 et
1363 3087 1516 3164 infamis
1535 3106 1624 3165 sunt
1643 3103 1778 3166 exorta.
1799 3089 1899 3167 Con·

481 3219 612 3296 fossata
642 3247 711 3324 per
742 3246 830 3294 eum
853 3217 972 3293 credit
999 3217 1104 3322 quod
1130 3235 1235 3295 erant
1263 3235 1353 3295 nota
1376 3217 1553 3297 fratribus
1582 3219 1747 3306 ordinis,
1771 3235 1899 3296 contra

481 3377 596 3452 quem
626 3377 784 3457 magnos
812 3346 986 3453 Magister
1014 3363 1051 3422 et
1079 3347 1142 3423 alii
1169 3349 1349 3426 dicuutur
1367 3347 1491 3454 aliqua
1515 3346 1629 3424 fuisse
1656 3346 1832 3431 consessit
1851 3351 1898 3424 ad

482 3479 588 3583 cujus
601 3478 874 3555 deffensionem
896 3507 934 3554 se
950 3504 1026 3553 non
1042 3478 1243 3556 obtulerat.
1260 3480 1335 3555 Nec
1356 3479 1408 3554 sic
1427 3478 1651 3584 deposuerat
1666 3507 1796 3582 prece,
1818 3508 1901 3584 pre-

473 3587 600 3715 cepto,
615 3609 761 3696 timore,
771 3636 910 3696 amore,
924 3609 1012 3686 odio
1026 3609 1084 3685 vel
1100 3609 1262 3686 comodo
1276 3607 1475 3713 temporali
1494 3607 1623 3683 habito
1636 3608 1694 3682 vel
1711 3608 1898 3698 habendo,

481 3741 549 3816 sed
564 3768 632 3844 pro
646 3741 797 3817 veritate
817 3740 996 3831 dicenda,
1020 3755 1062 3815 ut
1082 3738 1184 3814 dixit.
1200 3738 1272 3816 Cui
1291 3736 1362 3814 suit
1382 3738 1592 3843 injunctum
1605 3737 1718 3842 quod
1738 3766 1815 3816 non
1841 3735 1900 3814 re-

482 3871 618 3947 velaret
638 3871 733 3947 banc
752 3899 857 3948 suam
874 3869 1171 3973 deposicionem,
1189 3893 1387 3972 quousque
1403 3866 1662 3942 attestaciones
1676 3865 1817 3943 fuerint
1830 3896 1900 3970 pu-

482 4000 628 4077 blicato.

540 4259 673 4333 Frater·
681 4258 893 4363 Stephanus
912 4259 960 4335 ds
977 4256 1105 4335 Brolio
1125 4254 1408 4334 Catbalanensis
1423 4253 1581 4333 diocesis
1601 4255 1781 4345 serviens,
1798 4257 1902 4332 testis

483 4415 593 4493 supra
606 4389 774 4495 juratum·
796 4390 1053 4495 sexagenarius
1072 4386 1130 4463 vel
1156 4388 1266 4473 circa,
1290 4385 1466 4493 agricola,
1487 4412 1564 4460 non
1592 4383 1779 4462 defferens
1799 4412 1904 4460 man·

484 4519 616 4596 tellum
639 4521 782 4596 ordinis
802 4518 889 4622 quia
906 4517 1116 4593 voluntarie
1137 4516 1260 4621 ipsum
1281 4516 1489 4599 dimiserat,
1518 4532 1555 4589 et
1573 4514 1652 4592 radi
1673 4514 1813 4622 lecerat
1831 4514 1902 4592 sibi

487 4647 654 4735 barbam,
677 4677 762 4725 cum
785 4673 863 4752 quo
884 4643 1044 4723 Senonis
1063 4644 1289 4747 inquisitum
1309 4643 1447 4729 suerat,
1466 4642 1660 4720 absolutus
1680 4660 1717 4718 et
1739 4646 1904 4720 reconci-

488 4773 597 4851 liatus
621 4802 686 4878 per
708 4776 906 4852 dominum
931 4773 1146 4877 episcopum
1170 4771 1494 4859 Aurelianensem‚
1523 4770 1628 4846 lectis
1647 4790 1685 4846 et
1704 4772 1904 4879 diligenter
