4230 5956
460 472 532 541 210
837 442 1031 535 reocns
1061 460 1156 531 nns
1188 458 1494 532 rnurxrsns

460 610 661 697 defferens,
691 634 777 681 cum
805 633 882 710 quo
908 602 1130 709 inquisitum
1161 601 1296 690 luerat,
1327 599 1525 678 absolutus
1551 615 1589 676 et
1615 600 1875 678 reconciliatus

459 770 527 847 per
546 738 745 816 dominum
767 735 983 840 episcopum
1008 735 1300 809 Xantonensem.
1324 731 1444 807 Lectis
1464 745 1586 806 autem
1613 747 1651 807 et
1673 730 1875 838 diligenter

462 869 635 975 expositis
655 866 725 942 sibi
747 864 922 943 omnibus
938 881 976 939 et
988 863 1142 970 singulis
1162 862 1351 950 articulis,
1363 859 1558 966 respondit
1576 889 1615 938 se
1628 862 1787 950 nescire,
1805 891 1875 937 nec

463 999 633 1083 credere,
657 1025 727 1072 nec
745 993 927 1072 audivisse
955 994 1026 1069 dici
1054 994 1100 1069 de
1127 994 1313 1069 contentis
1339 993 1378 1067 in
1402 993 1456 1070 eis
1476 990 1547 1068 nisi
1569 991 1674 1098 quod
1695 993 1875 1098 sequitur:

464 1128 646 1232 quianon
667 1125 867 1204 vocabatur
893 1124 941 1199 ad
961 1123 1116 1201 concilia
1141 1151 1295 1211 eorum,
1317 1151 1385 1228 pro
1415 1121 1584 1228 eoquod
1605 1138 1685 1199 erat
1703 1121 1875 1228 simplex,

464 1273 501 1332 et
523 1257 687 1334 habebat
706 1284 832 1332 curam
860 1254 1178 1331 molendinorum.
1209 1254 1309 1330 Dixit
1328 1269 1454 1329 autem
1474 1280 1514 1329 se
1533 1251 1649 1329 luisse
1666 1269 1875 1357 receptum,

463 1388 502 1462 in
518 1386 613 1463 festo
626 1386 764 1462 Pasche
779 1386 950 1490 proximo
970 1385 1150 1489 preterito
1169 1384 1324 1460 luerunt
1337 1409 1407 1461 xxv
1423 1383 1510 1458 anni
1525 1382 1584 1459 vel
1600 1382 1709 1471 circa,
1731 1383 1771 1458 in
1788 1413 1879 1489 qua·

466 1517 549 1592 dam
579 1545 722 1592 camera
750 1516 885 1592 domus
910 1512 1058 1618 Templi
1086 1514 1133 1590 de
1156 1515 1318 1619 Espanas
1344 1513 1593 1590 xantonensis
1611 1512 1788 1603 diocesis,
1810 1543 1877 1618 per

463 1644 615 1722 fratrem
642 1642 887 1720 Amblardum
909 1643 956 1718 de
977 1642 1150 1719 Vienesio
1168 1642 1349 1730 militem,
1379 1642 1570 1748 quondam
1599 1659 1874 1748 preceptorem,

466 1772 702 1879 presentibus
732 1770 906 1847 fratribus
937 1770 1075 1848 Jacobo
1109 1772 1156 1846 de
1186 1772 1304 1847 Noian
1339 1788 1556 1877 preceptore
1583 1771 1682 1847 dicte
1721 1772 1873 1860 domus,

466 1922 503 1980 et
530 1903 694 1979 Roberto
727 1901 775 1976 de
800 1901 917 2006 patria
942 1900 1030 1976 dicti
1061 1901 1206 1991 Jacobi,
1238 1901 1346 2007 cujus
1371 1928 1578 2007 cognomen
1610 1901 1771 2006 ignorat,
1799 1931 1876 1979 ser-

466 2033 604 2120 viente,
632 2032 678 2107 de
704 2058 867 2136 quorum
887 2032 958 2107 vita
982 2031 1040 2106 vel
1060 2048 1181 2107 morte
1203 2058 1278 2107 non
1300 2031 1414 2107 babet
1433 2030 1716 2118 certitudinem,
1739 2049 1777 2107 et
1793 2032 1877 2136 qui·

466 2161 623 2238 busdam
646 2160 726 2237 aliis
747 2160 955 2237 deffunctis.
977 2159 1009 2235 A
1028 2190 1104 2266 quo
1125 2177 1316 2266 receptore
1339 2161 1454 2265 peciit
1480 2161 1661 2238 instanter
1687 2188 1822 2265 panem
1843 2180 1878 2238 et

467 2319 600 2396 aquam
622 2290 784 2378 ordinis;
810 2290 947 2394 quibus
971 2291 1153 2367 concessis
1182 2290 1322 2381 eidem,
1346 2289 1434 2367 fecit
1458 2319 1547 2366 eum
1567 2290 1690 2367 dictus
1710 2310 1879 2397 receptor

466 2447 598 2497 vovere
623 2435 661 2494 et
680 2420 806 2524 jurare
827 2418 1053 2503 castitatem,
1080 2420 1360 2510 obedienciam,
1392 2420 1514 2496 vivere
1543 2420 1623 2496 sine
1644 2421 1811 2525 proprio,
1841 2442 1878 2500 et

467 2550 642 2654 imposito
659 2549 691 2624 ei
709 2548 906 2636 mantello,
924 2548 1058 2652 ipse'et
1073 2577 1203 2624 omnes
1223 2567 1383 2627 astantes
1400 2549 1555 2626 osculati
1569 2547 1723 2625 fuerunt
1739 2551 1779 2626 in
1793 2580 1876 2644 ore3

467 2697 505 2755 et
520 2679 567 2754 de
583 2678 851 2785 abnegacione,
874 2677 1086 2783 obprobriis
1107 2680 1226 2754 crucis
1246 2696 1284 2754 et
1301 2679 1381 2754 aliis
1398 2677 1539 2754 illicitis
1558 2678 1597 2754 in
1611 2679 1778 2758 articulis
1793 2711 1880 2758 con·

466 2810 595 2896 tentis,
618 2837 687 2885 nec
701 2826 792 2885 tunc
804 2837 874 2885 nec
886 2826 971 2913 post
984 2808 1055 2884 luit
1066 2808 1160 2885 lacta
1174 2811 1321 2886 mencio
1341 2809 1486 2899 eidem;
1506 2835 1576 2883 nec
1588 2809 1672 2895 scit,
1687 2838 1757 2886 nec
1770 2812 1877 2899 vidit,

468 2968 537 3016 nec
561 2940 702 3016 audivit
729 2939 800 3014 dici
820 2939 925 3044 quod
950 2938 1094 3046 aliquid
1122 2938 1294 3015 illicitum
1318 2937 1560 3016 interveniret
1585 2938 1624 3013 in
1658 2941 1878 3042 recepcione

467 3067 589 3143 fratris
603 3067 701 3143 Petri
714 3067 865 3144 Geraldi
880 3069 926 3142 de
940 3070 1086 3145 Mursac
1097 3069 1307 3159 servientis,
1322 3067 1571 3145 Xantonensis
1585 3065 1759 3156 diocesis,
1774 3070 1879 3144 testis

467 3225 577 3300 supra
600 3196 714 3301 jurati
748 3197 814 3272 sed
842 3197 1011 3271 nondum
1043 3198 1253 3286 examinati,
1286 3226 1400 3303 quem
1425 3197 1518 3274 vidit
1543 3196 1657 3302 recipi
1678 3196 1716 3272 in
1742 3199 1879 3302 capella

469 3325 566 3401 dicte
583 3326 719 3400 domus
738 3326 784 3400 de
800 3326 992 3430 Espaneis,
1014 3354 1081 3430 per
1099 3326 1249 3403 fratrem
1267 3326 1534 3405 Theobaldum
1549 3326 1597 3402 de
1611 3327 1795 3413 Turonia‚
1810 3330 1880 3404 mi-

467 3456 570 3530 litem
603 3456 811 3561 quondam,
840 3457 877 3530 in
905 3458 975 3532 isto
1001 3474 1170 3562 tempore
1196 3458 1362 3535 Paschali
1389 3473 1478 3534 sunt
1497 3457 1643 3532 circiter
1667 3483 1744 3534 xuu
1775 3461 1878 3549 anni,

467 3584 704 3689 presentibus
723 3585 900 3661 fratribus
920 3589 1029 3663 Petro
1050 3588 1198 3678 Auriol,
1220 3589 1374 3665 detento
1387 3588 1584 3671 Xantonis‚
1603 3587 1807 3664 Guillelmo
1831 3590 1877 3663 de

467 3716 571 3793 Serio
583 3717 797 3793 etJobanne
810 3717 856 3793 de
869 3718 1014 3793 Mursac
1025 3719 1284 3806 servientibus,
1302 3716 1517 3803 deffunctis;
1529 3744 1599 3793 nec
1611 3717 1649 3791 in
1660 3719 1878 3821 recepcione

467 3846 556 3922 dicti
571 3846 741 3935 Roberti,
760 3848 824 3952 qui
847 3845 917 3921 luit
936 3847 1108 3922 similiter
1125 3847 1170 3922 ab
1187 3848 1321 3924 eodem
1339 3864 1377 3922 et
1391 3874 1459 3951 per
1474 3846 1639 3922 eundem
1658 3847 1814 3922 modum
1837 3876 1877 3920 ac

467 3975 608 4050 eisdem
625 3977 861 4081 presentibus
877 3994 1065 4081 receptus,
1089 4007 1175 4053 cum
1191 3979 1271 4083 ipso
1285 3995 1397 4068 teste;
1419 4004 1488 4052 nec
1503 3976 1621 4052 credit
1634 3976 1737 4080 quod
1752 3974 1875 4079 aliqua

466 4103 593 4178 illicita
614 4107 880 4183 intervenirent
905 4109 943 4182 in
964 4109 1248 4213 recepcionibus
1271 4107 1432 4182 aliorum
1454 4104 1609 4181 fratrum
1640 4105 1783 4182 ordinis
1809 4134 1878 4181 nec

466 4250 566 4335 post,
594 4235 680 4338 quia
704 4264 780 4312 non
801 4237 910 4328 vidit,
937 4266 1006 4314 nec
1033 4239 1155 4329 scivit,
1187 4265 1256 4313 nec
1282 4236 1424 4313 audivit
1451 4236 1523 4312 dici
1548 4253 1635 4312 ante
1663 4235 1876 4339 capcionem

465 4390 613 4450 eorum,
636 4364 723 4440 licet
735 4366 860 4471 aliqua
873 4367 1002 4443 illicita
1022 4367 1121 4443 dicat
1133 4395 1172 4443 se
1190 4364 1532 4444 luisse-consessum
1553 4392 1679 4442 coram
1696 4363 1796 4441 dicto
1811 4363 1878 4439 do-

464 4494 568 4570 mino
585 4497 758 4601 episcopo
774 4499 1018 4584 Xantonensi‚
1043 4517 1194 4604 propter
1213 4499 1368 4574 carceris
1391 4496 1643 4601 asperitatem,
1666 4513 1703 4572 et
1725 4512 1878 4600 propter

465 4639 646 4699 terrorem
674 4625 739 4729 qui
770 4625 817 4701 ab
844 4625 925 4700 aliis
949 4654 1062 4731 qnam
1091 4655 1110 4700 a
1137 4628 1236 4703 dicto
1261 4627 1419 4705 domino
1445 4626 1621 4731 episcopo
1647 4623 1875 4701 inserebatur

465 4750 599 4825 eidem.
616 4755 725 4841 ltem,
740 4754 832 4830 dixit
844 4755 946 4858 quod
958 4756 1036 4860 ipse
1048 4754 1144 4830 bene
1159 4757 1335 4832 credebat
1346 4755 1606 4833 ecclesiasticis
1618 4752 1870 4841 sacramentis,
