4230 5956
477 456 550 526 soa
847 427 1045 521 esoces
1077 446 1173 519 ons
1203 447 1514 521 ravennas

475 609 514 670 st
531 593 610 700 ipse
629 607 667 667 et
682 604 841 667 astantes
856 586 1011 665 fuerunt
1027 614 1115 663 eum
1130 583 1287 662 osculati
1301 585 1341 661 in
1354 615 1439 676 ore3
1456 603 1494 664 et
1506 587 1682 666 insumit
1695 617 1784 668 eum
1801 613 1896 700 quot

474 725 586 802 Pater
602 735 716 799 noster
727 719 869 796 diceret
888 745 959 824 pro
976 717 1080 794 horis
1099 714 1193 806 suis,
1215 730 1254 792 et
1275 715 1438 822 qualiter
1456 734 1602 825 regeret
1619 746 1662 795 se
1681 720 1720 797 in
1741 723 1892 812 ordine,

476 870 515 930 et
537 853 641 959 quod
669 851 767 927 bene
797 864 958 925 servaret
982 845 1207 923 elemosinas
1233 846 1386 924 ordinis.
1418 847 1548 925 Postea
1574 848 1697 926 dictus
1723 871 1895 959 receptor

474 982 642 1088 precepit
660 980 695 1055 ci
717 979 822 1084 quod
840 977 1042 1085 abnegaret
1061 977 1202 1064 Deum,
1224 977 1360 1082 etipse
1382 978 1488 1055 testis
1509 976 1705 1086 abnegavit
1719 1008 1802 1070 ore,
1817 1012 1893 1063 non

408 1104 412 1113 ¹
475 1112 601 1190 corde.
623 1109 769 1188 Deinde
788 1107 956 1214 precepit
980 1107 1016 1183 ei
1038 1105 1145 1212 quod
1167 1124 1319 1211 spueret
1343 1123 1471 1185 contra
1495 1135 1738 1216 crucemque
1761 1131 1840 1189 erat
1858 1116 1895 1192 in

474 1242 734 1326 ulteriorem,
752 1255 790 1316 et
808 1240 887 1344 ipse
905 1237 1029 1314 noluit
1042 1264 1189 1343 spuere.
1207 1235 1363 1341 Aliquid
1378 1237 1484 1315 aliud
1497 1237 1677 1315 illicitum
1692 1268 1770 1319 non
1785 1244 1897 1320 inter-

474 1358 634 1450 venitin
659 1371 758 1448 dicta
783 1398 850 1446 sua
876 1368 1096 1473 receptione
1120 1395 1191 1443 nec
1213 1383 1316 1471 post,
1343 1383 1380 1443 et
1402 1368 1534 1475 pocius
1556 1369 1678 1447 credit
1693 1373 1798 1475 quod
1817 1403 1896 1479 pre-

476 1502 575 1579 dicta
596 1500 725 1576 illicita
738 1499 797 1575 vel
813 1499 883 1574 alia
900 1526 976 1573 non
994 1498 1276 1572 intervenerunt
1290 1497 1329 1571 in
1346 1496 1632 1602 recepcionibus
1650 1497 1810 1585 aliorum
1828 1501 1895 1578 fra·

474 1650 575 1710 trum
592 1630 736 1708 ordinis
754 1629 812 1705 vel
827 1646 913 1735 post
931 1655 1045 1735 quam
1065 1625 1313 1714 contrarium,
1337 1627 1522 1733 quianon
1542 1628 1652 1717 vidit,
1677 1656 1746 1706 uec
1767 1631 1891 1720 scivit,

474 1789 546 1840 nec
565 1760 707 1837 audivit
728 1759 801 1835 dici
825 1774 910 1834 ante
932 1757 1150 1862 capcionem
1175 1783 1324 1842 eorum,
1348 1755 1438 1833 licet
1453 1755 1591 1833 viderit
1607 1758 1722 1864 recipi
1742 1758 1891 1837 lratrem

475 1893 629 1969 Petrum
653 1888 701 1965 ds
725 1887 925 1967 Gressibus
951 1887 1194 1973 servientem,
1223 1885 1484 1964 Ambianensis
1509 1885 1686 1976 diocesis,
1713 1891 1761 1966 de
1788 1892 1894 1996 cujus

475 2022 548 2098 vita
560 2020 617 2097 vel
634 2035 754 2096 morte
774 2045 852 2095 non
871 2017 986 2094 habet
1004 2015 1344 2127 certitudinemin
1363 2015 1507 2122 capella
1527 2016 1664 2094 domus
1681 2019 1831 2126 Templi
1846 2021 1893 2098 de

475 2152 680 2226 Montesart
701 2147 957 2223 Noviomensis
977 2146 1153 2234 diocesis,
1175 2172 1243 2251 per
1262 2143 1413 2222 fratrem
1429 2144 1639 2224 Guarinum
1661 2148 1709 2224 de
1729 2149 1894 2226 Grande·

475 2277 607 2354 villarii
639 2276 859 2352 servientem
883 2275 1092 2381 quondam,
1125 2291 1384 2381 preceptorem
1412 2292 1504 2351 tuno
1531 2276 1579 2352 de
1607 2276 1778 2368 Pontivo,
1807 2296 1894 2357 sunt

476 2406 623 2482 circiter
645 2432 693 2482 vu
712 2406 816 2491 anni,
843 2405 1082 2511 presentibus
1102 2403 1279 2481 iratribus
1296 2402 1458 2483 iliberto
1480 2404 1689 2511 presbitero
1709 2407 1807 2484 dicte
1830 2408 1893 2485 do·

476 2564 576 2623 mus,
598 2535 771 2626 Picardo,
797 2535 906 2642 cujus
924 2560 1134 2640 cognomen
1156 2533 1322 2642 ignorat,
1345 2552 1383 2611 et
1399 2534 1572 2613 lloberto
1586 2535 1635 2612 de
1654 2537 1796 2644 Sarnoy
1813 2566 1892 2643 pre

475 2683 625 2774 captore
646 2666 744 2743 dicte
769 2666 916 2745 domus.
938 2666 1053 2754 Item,
1076 2664 1292 2771 dicitquod
1311 2665 1703 2771 ipsebsnecredebat
1724 2666 1893 2745 ecclesia·

476 2798 576 2876 sticis
605 2797 859 2887 sacramentis,
881 2797 1038 2873 credens
1063 2795 1168 2901 quod
1189 2794 1253 2871 alii
1282 2793 1415 2875 fratres
1442 2796 1586 2875 ordinis
1611 2797 1748 2873 eodem
1778 2797 1892 2874 modo

475 2929 689 3014 crederent,
706 2945 743 3004 et
759 2925 863 3033 quod
875 2954 1006 3003 eorum
1022 2924 1233 3002 sacerdotes
1247 2925 1375 3002 debite
1390 2925 1632 3003 celebrarent.
1652 2924 1892 3003 Clandestinc

475 3057 763 3163 recipiebantur,
785 3055 900 3132 nullis
918 3054 1157 3162 presentibus
1170 3053 1241 3131 nisi
1257 3053 1435 3133 fratribus
1451 3054 1609 3145 ordinis,
1629 3071 1668 3132 et
1680 3054 1804 3131 statim
1821 3084 1891 3161 pro

475 3185 651 3293 professis
670 3186 917 3263 habebantur.
936 3184 1112 3263 Cordulis
1128 3185 1231 3261 unde
1247 3185 1422 3262 volabant
1434 3185 1632 3291 assumptis
1650 3185 1893 3291 cingebantur

475 3344 588 3423 super
615 3315 782 3391 camisias
802 3343 888 3390 cum
909 3314 1048 3420 quibus
1062 3313 1248 3421 jacebant.
1269 3314 1536 3422 lnjungebatur
1551 3315 1606 3390 eis
1619 3315 1725 3419 quod
1752 3316 1892 3420 absque

475 3446 695 3522 necessitate
716 3471 793 3521 non
813 3444 1083 3519 confiterentur
1101 3443 1172 3519 nisi
1193 3445 1450 3521 sacerdotibus
1468 3444 1623 3521 ordinis.
1645 3444 1684 3521 Si
1704 3445 1769 3550 qui
1789 3463 1892 3520 erant

474 3576 606 3651 fratres
620 3576 779 3651 scientes
800 3601 945 3650 errores
962 3601 1041 3650 esse
1056 3574 1096 3649 in
1109 3574 1261 3663 ordine,
1277 3575 1431 3652 luerunt
1447 3573 1694 3681 negligentes,
1708 3576 1797 3678 quia
1814 3604 1890 3651 non

475 3721 716 3782 correxerunt
735 3732 800 3781 eos
819 3731 889 3778 nec
906 3703 1223 3780 denunciaverunt
1241 3704 1416 3781 Ecclesie.
1438 3704 1689 3781 Elemosinam
1713 3723 1751 3781 et
1772 3706 1891 3808 hospi-

474 3836 656 3913 talitatem
681 3833 776 3910 vidit
794 3834 1059 3910 convenienter
1083 3833 1166 3910 lieri
1194 3850 1232 3909 et
1255 3835 1389 3911 servari
1415 3834 1455 3910 in
1483 3834 1659 3912 domibus
1683 3834 1825 3912 ordinis
1849 3835 1889 3908 in

464 3966 613 4070 ¹quibus
635 3964 774 4043 exstitit
793 3980 1054 4041 commoratus.
1072 3964 1253 4041 Ordinato
1268 3990 1338 4070 per
1357 3964 1575 4069 Magistrum
1598 3992 1683 4040 cum
1706 3980 1891 4040 conventu

474 4111 652 4170 servasset
677 4112 779 4172 totus
806 4094 918 4180 ordo,
948 4109 1076 4170 contra
1101 4120 1213 4198 (prem
1243 4119 1344 4170 nunc
1368 4111 1523 4200 propter
1547 4093 1713 4200 predicta
1739 4093 1891 4199 grandia

464 4222 663 4310 seandala,
680 4223 841 4329 suspicio
860 4242 899 4302 et
918 4223 1067 4299 infamia
1088 4239 1175 4300 sunt
1194 4239 1340 4310 exorta;
1358 4223 1403 4299 ad
1424 4225 1532 4329 cujus
1542 4223 1687 4300 ordinis
1699 4222 1891 4299 deffensio-

474 4379 561 4429 nem
580 4379 619 4429 se
639 4351 842 4439 obtulerat,
865 4370 903 4428 et
922 4380 998 4429 non
1014 4351 1085 4428 luit
1102 4351 1200 4427 ultra
1218 4378 1330 4427 mare.

531 4482 748 4588 Requisitus
779 4482 810 4558 si
834 4481 888 4557 sie
916 4481 1140 4586 deposuerat
1174 4499 1522 4587 prece,·precepto‚
1553 4483 1712 4570 timore,
1747 4507 1889 4566 amore,

480 4610 585 4698 odio,
601 4610 658 4687 vel
677 4609 873 4716 temporali
887 4608 1047 4685 comodo
1061 4608 1189 4686 habito
1199 4610 1259 4687 vel
1271 4611 1446 4688 habendo
1455 4658 1471 4699 ,>
1480 4612 1674 4716 respondit
1684 4610 1790 4715 quod
1801 4636 1887 4694 non,

478 4740 543 4813 sed
564 4768 634 4843 pro
659 4742 813 4816 veritate
841 4739 1026 4826 dicenda,
1057 4738 1117 4813 eui
1141 4739 1213 4817 luit
1240 4740 1449 4845 injunctum
1476 4742 1583 4846 quod
1614 4768 1691 4817 non
1712 4738 1890 4816 revelaret
