4268 5946
459 450 531 524 rso
846 429 1040 523 rancus
1066 449 1161 521 nas
1188 390 1492 521 rsurtisas.

457 621 525 697 pro
541 591 758 695 receptione
773 589 945 678 fratrum
963 605 1000 665 et
1014 587 1116 665 idem
1136 585 1219 667 fieri
1238 587 1429 666 consuevit
1448 587 1486 661 in
1506 587 1604 664 dicta
1621 586 1741 667 domo.
1758 592 1875 669 Mansi

456 723 543 809 Dei,
563 721 877 826 quandocumque
896 721 995 826 ipsos
1010 718 1139 796 fratres
1159 717 1280 794 facere
1297 719 1483 822 contingat
1500 715 1658 822 capitula
1672 747 1784 826 super
1797 722 1877 826 qui·

456 851 620 930 buslibet
639 851 797 939 actibus3
819 852 897 955 ipse
917 867 1059 939 tamen,
1082 867 1124 925 ut
1144 849 1255 934 dixit,
1274 876 1351 925 non
1371 846 1462 924 vidit
1480 846 1561 924 lieri
1582 848 1784 954 capitulmu
1802 852 1873 929 nisi

318 1044 321 1051 .
457 983 495 1057 in
514 981 667 1060 ecclesia
685 981 822 1061 domus
841 980 957 1059 Mami
977 979 1059 1057 Dei.

510 1116 760 1218 Interrogatus
784 1140 858 1217 qua
881 1111 975 1188 hora
996 1110 1071 1187 diei
1098 1111 1175 1214 ipsi-
1189 1109 1319 1189 frstres
1342 1126 1473 1186 tenent
1497 1126 1534 1185 et
1553 1108 1693 1187 faciunt
1715 1111 1875 1216 oapitrda

455 1273 525 1348 pro
543 1243 769 1348 recipiendis
787 1242 979 1329 fratribus,
1001 1241 1094 1319 dixit
1106 1241 1229 1347 quod,
1251 1239 1434 1316 celebrata
1446 1241 1550 1345 prius
1568 1241 1695 1328 missa,
1715 1257 1756 1318 et
1773 1241 1872 1319 inso-

456 1392 534 1450 cata
544 1375 705 1479 Spiritus
715 1374 837 1450 Sancti
845 1372 964 1477 gracia
979 1400 1046 1476 per
1059 1371 1290 1449 sacerdotem
1301 1371 1366 1474 qui
1379 1370 1529 1447 missam
1538 1370 1752 1462 celebravit,
1762 1370 1876 1449 frater

456 1505 667 1606 capellanus
680 1505 769 1581 dicti
788 1504 930 1580 ordinis
944 1501 1035 1578 dicit
1045 1534 1078 1588 tx
1092 1502 1203 1589 Veni,
1217 1503 1350 1581 Sancte
1361 1501 1539 1607 Spiritus,
1556 1539 1570 1568 ι
1584 1529 1671 1579 cum
1683 1503 1872 1591 oracione,

456 1638 550 1711 Deus
569 1640 630 1739 qui
654 1636 759 1712 cordo
774 1635 943 1738 fidelium.
978 1633 1128 1726 Quibus
1157 1632 1282 1722 dictis,
1310 1631 1400 1711 dicti
1419 1630 1548 1708 fratres
1572 1649 1763 1736 presentes
1782 1634 1874 1711 inibi

458 1783 495 1843 et
518 1765 691 1841 sedentes
712 1781 842 1841 tenent
864 1793 931 1841 sua
954 1763 1129 1870 capitula,
1151 1780 1188 1840 et
1207 1761 1349 1841 facirmt
1368 1763 1604 1867 receptiones
1627 1762 1782 1853 fratrum
1806 1765 1873 1869 qui

456 1895 661 2000 recipiendi
682 1913 793 1973 sunt:
816 1913 853 1972 et
872 1895 942 1972 hec
957 1894 1049 1970 vidit
1066 1893 1200 1972 servari
1219 1893 1377 1970 indicta
1399 1892 1553 1970 ecclesia
1575 1893 1699 1972 Mauri.
1716 1894 1787 1970 Dei
1806 1893 1873 1971 de-

456 2025 531 2100 cies
551 2043 588 2100 et
606 2026 760 2131 pluries,

512 2153 569 2230 Ad
589 2182 707 2234 xxxvu
727 2154 923 2231 articulum
944 2152 1190 2258 respondeus,
1226 2152 1319 2229 dixit
1340 2180 1380 2228 se
1410 2152 1552 2229 nescire
1578 2179 1647 2257 pro
1682 2171 1785 2231 certo
1810 2153 1874 2231 uli·

456 2312 529 2388 qua
560 2283 610 2359 de
640 2283 824 2360 contentis
854 2284 998 2387 inipso
1029 2282 1199 2361 articulo.
1229 2283 1330 2359 Dixit
1354 2299 1480 2358 tamen
1512 2310 1554 2359 se
1585 2282 1737 2359 credere
1770 2283 1875 2388 quod

455 2429 585 2516 gentes
612 2440 686 2516 que
711 2413 962 2517 loquebantur
985 2440 1100 2516 quare
1128 2412 1178 2489 itu
1204 2431 1344 2490 secrete
1370 2429 1408 2489 et
1434 2412 1565 2489 clausis
1584 2413 1710 2518 januis
1734 2411 1875 2491 fiebunt

455 2542 693 2648 recepciones
706 2541 861 2619 fratrum
880 2541 985 2647 quod
999 2543 1181 2620 baberent
1201 2544 1451 2648 suspicionem
1467 2560 1691 2630 contraeas,
1713 2543 1779 2621 sed
1798 2571 1874 2620 non

450 2673 564 2777 juste.

511 2801 570 2881 Ad
589 2830 721 2894 xxxvur
741 2803 938 2881 articulum
958 2803 1218 2910 respondens‚·
1235 2805 1330 2883 dixit
1346 2821 1389 2882 ut
1410 2804 1698 2911 supraproxime.

513 2933 570 3010 Ad
589 2934 832 3011 xxxix-xlm-
845 2933 1019 3012 articulos
1038 2936 1195 3042 negavit.

512 3061 570 3138 Ad
595 3063 686 3140 xluu
711 3064 906 3140 articulum
931 3066 1181 3170 respondens,
1207 3065 1255 3142 de
1274 3094 1314 3143 se
1333 3066 1416 3172 ipso
1435 3065 1582 3172 negavit
1597 3065 1721 3168 ipsum
1740 3064 1876 3141 articu-

455 3191 533 3266 lum
550 3208 589 3266 et
603 3209 776 3268 contenta
792 3194 831 3267 in
843 3220 900 3268 eo.
919 3193 1110 3285 Quantum
1127 3210 1205 3270 erat
1218 3193 1266 3269 ad
1282 3195 1373 3272 alios
1390 3194 1536 3282 fratres,
1556 3192 1650 3269 dixit
1662 3222 1703 3269 se
1717 3195 1871 3281 nescire,

456 3320 533 3395 imo
554 3347 722 3425 expresse
744 3321 835 3395 dixit
855 3349 894 3396 se
916 3321 1068 3399 credere
1095 3323 1242 3401 nullum
1266 3351 1309 3400 ex
1330 3323 1504 3403 fratribus
1527 3322 1615 3409 dicti
1635 3323 1781 3401 ordinis
1802 3324 1874 3400 boc

455 3447 603 3536 fecisse,
625 3477 711 3527 cum
726 3451 765 3526 in
785 3450 1063 3529 committentes
1075 3451 1173 3530 illud
1187 3470 1398 3557 peccatum,
1416 3471 1592 3559 tunquam
1608 3453 1648 3529 in
1664 3451 1763 3529 {ilios
1775 3450 1875 3528 diffi-

456 3579 600 3670 dentie,
624 3581 827 3658 descendat
845 3598 883 3659 et
902 3582 1024 3659 veniat
1041 3581 1095 3659 ira
1114 3585 1198 3661 Dei.

511 3710 569 3787 Ad
589 3710 647 3788 xlv
662 3711 862 3789 articulum
876 3713 1126 3818 respondens,
1149 3715 1251 3793 utin
1271 3717 1440 3820 proximo
1459 3712 1630 3791 articulo.

510 3839 569 3917 Ad
589 3841 662 3953 xlvi
685 3842 884 3918 articulum
904 3845 1154 3948 respondens,
1179 3845 1326 3952 negavit
1342 3873 1432 3933 eum
1448 3860 1488 3922 et
1510 3843 1636 3920 omnia
1663 3858 1702 3919 et
1723 3842 1874 3949 singula

455 3987 627 4047 contenta
654 3973 693 4047 in
715 3999 777 4060 eo,
800 3972 929 4050 diceus
953 3973 1070 4051 eciam
1090 4002 1129 4051 se
1148 4002 1341 4080 nunquam
1361 3975 1544 4052 audivisse
1567 3973 1645 4049 ‚dici
1676 3971 1872 4079 aliquado
1918 3983 1923 3989 ’

456 4102 641 4178 contentis
656 4102 695 4178 in
711 4101 812 4182 dicto
831 4101 1002 4181 articulo.

510 4229 570 4308 Ad
588 4231 745 4309 xlvn-l
763 4231 941 4312 articulos
954 4235 1111 4340 negavit.

509 4360 566 4438 Ad
584 4360 609 4438 lr
631 4363 827 4441 articxdum
840 4365 1087 4469 respondens,
1110 4365 1201 4442 dixit
1217 4393 1256 4442 se
1272 4365 1318 4443 de
1333 4365 1439 4461 nullo
1455 4366 1607 4456 fratrum
1626 4364 1715 4442 dicti
1728 4361 1875 4441 ordinis

464 4551 471 4566 .
492 4552 500 4567 .
520 4521 560 4568 ,ο
584 4510 758 4571 contenta
777 4495 816 4571 in
835 4493 936 4571 dicto
961 4495 1119 4573 articulo
1139 4522 1305 4604 unquam
1326 4495 1468 4575 fecisse.
1565 4572 1569 4577 .

510 4622 568 4699 Ad
583 4623 744 4703 lu-lvu
762 4624 918 4730 negavit.

510 4750 568 4829 Ad
598 4753 676 4833 lvm
702 4753 901 4833 articulum
925 4756 1175 4860 respondens,
1197 4757 1347 4864 negavit.
1370 4774 1544 4837 contenta
1565 4758 1604 4839 ia
1624 4784 1688 4847 eo,
1712 4771 1866 4861 excepto
