4230 5956
593 451 1251 553 rnocus‚.·nnsrnuru1nna
1410 520 1414 527 .
1551 467 1625 540 am

211 614 533 692 fratremPetmm
555 612 603 690 de
619 609 1174 716 Grilerio·militem.quondam
1195 607 1243 685 de
1257 605 1458 696 Arvernia,
1475 631 1629 709 precen-

209 742 312 821 tibus
320 742 497 821 fratribus
506 744 617 821 Petro
630 744 678 820 de
688 741 835 822 Malbec
844 757 883 818 et
899 740 1107 820 Guillelmo
1120 738 1351 818 Guinamant
1369 733 1629 842 Arvernigenie

92 899 102 916 ·
209 872 473 961 servientibus,
489 872 700 951 dellunctia.
722 873 849 980 Atquo
868 887 1060 976 receptore
1080 866 1273 975 requisivit
1292 863 1509 944 societatem
1530 864 1631 941 ondi-

210 1003 288 1093 nia3
309 1032 386 1110 qua
404 1030 591 1093 concessa,
614 1002 703 1099 lecit
721 1030 808 1080 eum
833 1029 966 1079 vovere
995 1018 1034 1078 et
1053 997 1429 1106 jurere‘caatitatem,
1449 994 1631 1074 obedien·

211 1136 326 1224 ciam,
339 1135 460 1212 vivere
471 1133 551 1210 aine
563 1131 734 1240 proprio,
751 1160 895 1210 servare
906 1131 1029 1210 bonos
1042 1128 1208 1236 ususqui
1220 1144 1311 1211 tunc
1322 1143 1429 1205 eraut
1441 1126 1481 1203 in
1496 1127 1630 1205 ordine

212 1263 333 1371 etqui
358 1263 399 1339 in
422 1279 613 1368 posterum
632 1256 919 1368 imponerentur
940 1288 1009 1367 per
1032 1259 1268 1368 Magistrum,
1294 1284 1373 1335 non
1391 1255 1555 1365 revolare
1572 1285 1631 1339 sc-

212 1410 313 1471 creta
331 1391 610 1498 capituliorum,
632 1392 680 1469 de
700 1392 782 1499 ejua
798 1390 1021 1496 recepcionc
1042 1390 1083 1466 in
1102 1386 1253 1493 speciali
1273 1414 1352 1467 non
1377 1385 1631 1466 habitamen-

212 1523 336 1614 cione,
358 1539 397 1599 et
417 1523 524 1628 quod
547 1548 627 1598 non
653 1522 861 1599 dimitteret
887 1521 1061 1599 ordinem
1083 1546 1153 1624 pro
1172 1515 1323 1596 meliori
1340 1515 1400 1595 vel
1425 1516 1563 1623 pejori;
1594 1536 1632 1597 et

211 1651 389 1757 imponito
412 1647 485 1729 sibi
503 1650 702 1743 mantello,
723 1651 802 1757 ipse
823 1665 995 1755 receptor
1026 1647 1106 1726 fuit-
1120 1645 1308 1727 osculatus
1333 1646 1477 1724 dictum
1496 1662 1630 1725 testem

210 1783 252 1863 in
278 1778 461 1859 umbilico
490 1808 607 1886 anper
634 1799 770 1870 veatae,
799 1797 838 1858 et
859 1781 1067 1887 ipsetestia
1091 1794 1251 1855 astantes
1279 1778 1322 1853 in
1342 1803 1420 1854 ore.
1445 1777 1535 1855 Post
1556 1806 1631 1883 que

210 1910 396 1988 instructo
409 1910 493 2015 ipso
505 1927 601 1987 teate
616 1938 686 2016 per
704 1911 848 1986 dictum
863 1925 1097 2015 receptorem
1111 1923 1208 2013 quot
1224 1908 1337 1986 Pater
1353 1920 1469 1983 noster
1479 1934 1549 2013 pro
1564 1907 1633 1986 ho-

163 2020 168 2029 ⁵
211 2040 264 2118 ris
275 2041 352 2118 suia
361 2040 522 2127 diceret,
538 2040 661 2116 dictus
672 2056 844 2144 receptor
854 2037 1024 2143 precepit
1033 2037 1159 2114 eidem
1170 2036 1327 2125 testi,in
1336 2036 1530 2143 presencia
1542 2036 1633 2115 alio-

208 2197 321 2262 rum,
338 2168 444 2277 quod
462 2167 665 2275 abnegaret
677 2169 851 2259 Jhesum,
867 2180 906 2245 e't
924 2169 1004 2272 ipae
1022 2166 1130 2245 testis
1153 2165 1348 2276 abnegavit
1367 2167 1525 2247 lheaum
1548 2195 1629 2257 ore,

211 2326 291 2377 non
313 2296 440 2375 corde.
464 2296 613 2374 Deinde
640 2295 749 2372 alluta
769 2325 838 2401 per
862 2295 1014 2372 fratrem
1041 2294 1236 2401 Ypolitum
1255 2294 1546 2403 presbyterum,
1565 2297 1631 2403 qui

213 2429 331 2506 eciam
342 2427 441 2505 dicte
457 2425 668 2532 racepcioni
687 2426 835 2516 aderat,
855 2425 1018 2531 quadam
1040 2450 1151 2502 cruce
1168 2424 1360 2503 metallina
1376 2454 1487 2532 parva
1502 2427 1543 2503 in
1560 2457 1633 2534 qua

213 2557 318 2637 nulla
333 2573 414 2634 erat
425 2583 559 2664 ymago
573 2553 767 2645 crucifixi,
786 2555 910 2632 dictus
921 2567 1096 2660 receptor
1105 2554 1274 2660 precepit
1288 2555 1413 2632 eidem
1424 2556 1511 2634 testi
1528 2558 1634 2661 quod

212 2703 364 2792 spueret
374 2714 488 2791 cuper
501 2684 640 2761 dictem
652 2710 819 2770 crucem,
838 2685 970 2791 etipse
981 2685 1088 2763 testis
1101 2709 1180 2762 non
1193 2684 1297 2789 spuit
1307 2711 1418 2790 cupra
1432 2685 1500 2762 aad
1509 2685 1631 2791 juxta;

213 2835 254 2895 et
270 2844 338 2922 per
356 2816 522 2897 eundem
535 2813 711 2903 modum,
729 2830 768 2890 et
782 2813 831 2891 ab
851 2816 989 2894 eodem
1008 2831 1047 2891 et
1063 2815 1103 2890 in
1122 2814 1258 2892 eodem
1279 2812 1364 2891 loco
1376 2812 1450 2891 luit
1461 2830 1633 2920 receptus

213 2972 395 3022 unacum
415 2971 461 3022 eo
483 2942 720 3048 supradictus
736 2941 853 3023 frater
867 2943 1096 3023 Guillelmua
1112 2922 1360 3034 Guiuamant,
1385 2942 1451 3050 qui
1475 2943 1633 3021 decessit

213 3075 253 3151 in
270 3073 445 3181 capcione
462 3071 584 3163 Acon,
606 3072 674 3149 sed
685 3071 756 3150 alia
772 3072 905 3153 illicita
919 3101 997 3151 non
1017 3073 1297 3153 intervenerunt
1314 3073 1354 3150 in
1371 3072 1481 3152 dictis
1500 3101 1631 3151 eorum

212 3203 498 3311 racepcionibua
513 3229 584 3279 nec
599 3219 695 3309 post.
716 3204 789 3283 Per
807 3204 973 3283 eundem
989 3205 1109 3281 eciam
1122 3203 1283 3281 modum
1298 3203 1393 3281 vidit
1409 3204 1545 3311 recipi,
1559 3233 1635 3310 per

211 3333 370 3413 fratrem-
383 3333 600 3413 Guidonem
613 3332 793 3442 Delphini
808 3334 986 3422 militem,
1007 3351 1143 3412 testem
1154 3361 1267 3439 supra
1278 3335 1547 3423 examinatum,
1562 3334 1634 3412 lra-

211 3481 310 3541 trem
331 3460 580 3542 Guillelmum
598 3461 762 3572 Aynardi
782 3465 1026 3553 servientem,
1042 3465 1083 3540 in
1096 3461 1238 3570 capella
1257 3463 1395 3542 domna
1409 3464 1560 3570 Templi
1585 3464 1633 3542 de

213 3592 329 3671 Gellia
346 3591 665 3672 Claramontenais
684 3594 859 3686 diocesis,
883 3623 952 3699 per
965 3622 1107 3673 annum
1125 3593 1185 3670 vel
1200 3593 1296 3671 circa
1314 3611 1401 3671 ante
1417 3595 1633 3699 capcionem

215 3748 366 3810 eorum,
386 3712 1058 3828 presentibua;lratribua'-Guillelmo
1081 3724 1246 3829 Mauryas
1268 3708 1406 3810 milite,
1424 3721 1632 3800 Guillelmo

212 3851 386 3931 Textoria
403 3850 631 3957 presbitero,
646 3853 805 3931 tectibus
824 3881 934 3959 supra
953 3853 1181 3931 examinatis.
1207 3853 1378 3930 Plurium
1402 3853 1631 3964 recepcioni-

211 3981 284 4066 buc
305 4009 383 4059 non
405 3980 539 4059 recolit
558 4009 598 4059 aa
619 3980 783 4060 adfluere
807 3982 905 4061 ultra
928 4010 1052 4074 mare,
1067 3981 1134 4061 ubi
1155 3980 1229 4060 luit
1245 3980 1532 4088 septem-annia,
1561 4010 1632 4060 nec

214 4109 326 4198 citra3
346 4109 466 4189 credit
485 4127 614 4189 tamen
634 4113 739 4217 quod
754 4111 1007 4191 communitor
1022 4128 1061 4190 et
1072 4111 1215 4216 ubique
1232 4113 1488 4217 reciperentur
1500 4140 1632 4192 secun-

214 4238 308 4315 dum
321 4238 488 4342 modum
499 4238 748 4318 conleaaatum
763 4268 832 4348 per
845 4270 951 4319 eum.
970 4242 1087 4330 Item,
1105 4239 1199 4317 dixit
1218 4240 1325 4346 quod
1340 4240 1420 4346 ipae
1433 4241 1532 4320 bene
1552 4272 1632 4321 cre-

213 4367 593 4459 debateccleaiaaticia
604 4370 862 4460 sacramentis,
880 4369 1038 4446 credens
1056 4370 1161 4475 quod
1173 4368 1237 4447 alii
1250 4369 1384 4450 iratres
1406 4373 1550 4450 ordinis
1567 4400 1633 4452 eo·

215 4496 304 4576 dam
318 4498 436 4577 modo
452 4497 666 4588 crederent,
687 4516 726 4576 et
742 4500 847 4607 quod
864 4524 997 4578 eorum
1016 4498 1227 4578 sacerdotes
1244 4500 1372 4579 debite
1385 4501 1629 4582 celebrarent.

213 4624 453 4706 Clandeatine
476 4626 765 4733 recipiebantur,
782 4628 899 4707 nullia
918 4628 1156 4736 presentibus
1176 4629 1250 4707 nisi
1271 4628 1450 4709 lratribua
1468 4632 1629 4741 ordinis,
1779 4699 1787 4716 ,

214 4780 260 4832 ex
283 4782 362 4863 quo
378 4756 506 4835 credit
522 4756 629 4864 quod
651 4775 752 4837 earet
768 4758 933 4865 mapicio
958 4777 1087 4839 contn
1107 4784 1184 4840 eoa.
1206 4759 1384 4840 Cordulia
1405 4763 1509 4842 unde
1526 4763 1630 4842 role-
