4230 5956
636 470 832 563 procus
858 490 955 565 uns
983 490 1285 564 rsurcrsns.
1574 404 1671 565 b

247 631 483 739 tempestive,
501 648 656 736 propter
669 632 826 738 negocia
844 633 1100 724 occurrencia,
1118 648 1156 709 et
1169 631 1289 709 credit
1304 632 1408 738 quod
1424 632 1594 711 ordinata
1607 663 1677 741 per

247 762 467 872 Magistrum
480 790 570 847 cum¹
580 780 767 840 conventu
776 761 937 840 luissent
946 780 1088 841 servata
1098 762 1137 840 in
1152 780 1232 840 toto
1249 762 1401 854 ordine,
1423 778 1675 869 contraquem

247 922 349 972 nunc
372 893 527 1000 grandia
551 894 744 984 scandala,
773 895 934 1003 suspicio
962 913 1000 973 et
1025 893 1177 972 infamia
1205 910 1303 976 sunt¹
1318 910 1459 984 exorta,
1486 910 1524 969 et
1548 911 1676 977 contra

247 1054 363 1133 quem
380 1025 524 1103 audivit
538 1020 611 1103 dici
627 1056 807 1136 magnum
819 1028 1039 1135 Magistrum
1055 1046 1093 1104 et
1105 1027 1199 1105 alios
1212 1026 1464 1133 aliquasuisse
1472 1025 1673 1106 confessos.

301 1156 522 1263 ‚Requisitus
554 1157 585 1234 si
615 1157 668 1234 sic
696 1158 922 1263 deposuerat
951 1188 1083 1265 prece,
1111 1154 1307 1265 precepto,
1337 1158 1494 1248 timere,
1523 1187 1671 1248 amore,

114 1359 118 1371 ,
142 1337 144 1340 >
248 1289 352 1378 odio,
369 1287 427 1365 vel
440 1289 604 1368 comodo
615 1289 817 1396 temporali
830 1289 959 1368 habito
972 1290 1031 1367 vel
1045 1289 1239 1378 habendo,
1252 1290 1568 1396 responditquod
1576 1318 1671 1381 non,

248 1419 317 1497 sed
342 1448 411 1527 pro
441 1420 609 1530 veritate·
626 1419 809 1513 dicenda3
839 1421 900 1498 cui
928 1420 1000 1498 fuit
1026 1422 1240 1528 injunctum
1266 1420 1372 1527 quod
1395 1450 1473 1499 non
1493 1420 1675 1504 revelaret

248 1551 345 1641 hanc
364 1579 472 1630 suam
493 1549 776 1657 deposicionem
796 1580 996 1659 quousque
1017 1552 1280 1634 attestacienes
1298 1551 1442 1635 suerint
1459 1551 1671 1659 publicam
1783 1597 1790 1609 ·

250 1664 473 1760 deffensioni
494 1682 639 1761 ordinis
659 1711 698 1760 se
718 1711 796 1761 non
817 1683 1031 1763 obtulerat!
1170 1722 1173 1726 ⁵
1312 1790 1314 1795 Ι
1617 1712 1669 1765 2⁴

302 1812 393 1890 Acta
427 1812 582 1906 fuerunt
610 1813 681 1890 hec
719 1813 780 1891 die
810 1831 849 1890 et
878 1812 961 1891 loco
988 1813 1189 1920 predictis,
1224 1813 1465 1924 presentibus
1496 1815 1673 1920 magistro

247 1942 408 2032 Amisio,
438 1973 499 2021 me
525 1943 786 2022 Floriamonte'
807 1943 1031 2032 Dondedei,
1057 1944 1250 2053 Bernardo
1277 1943 1439 2034 Filholi,
1466 1942 1673 2024 Guillelmo

42 2068 53 2081 ⁶
146 2124 149 2131 ·
248 2073 457 2179 Radulphi,
476 2071 897 2153 Bemardoflumbaldi
918 2091 956 2150 et
974 2076 1083 2182 Hugo
1103 2073 1244 2152 Nicolai
1264 2073 1418 2154 notariis
1437 2074 1654 2155 antedictis.-

305 2340 394 2415 Post
421 2339 513 2430 hec,
543 2338 606 2414 die
635 2338 763 2416 Sabati
793 2339 985 2444 sequenti,
1017 2367 1091 2445 que
1117 2338 1190 2416 fuit
1216 2363 1281 2416 xur
1305 2337 1397 2416 dicti
1412 2336 1556 2417 'mensis
1579 2339 1675 2418 Mar-

247 2469 314 2556 cii,
343 2467 416 2546 suit
443 2466 628 2547 adductus
659 2469 707 2547 ad
733 2463 967 2575 presenciam
993 2469 1191 2547 dictorum«
1211 2469 1454 2547 dominorum
1478 2460 1675 2549 Mimaten·

248 2598 299 2676 sis
319 2615 357 2675 et
381 2599 970 2708 Lemovicensisepiscoporum,
990 2618 1028 2685 st
1048 2600 1301 2679 archidiaconi
1332 2599 1564 2700 Tridentini,
1592 2601 1674 2690 aliis

249 2731 448 2821 excusatis,
479 2731 518 2807 in
548 2731 664 2809 domo
697 2732 864 2838 predicta
897 2731 1057 2810 fratrum
1092 2733 1318 2819 Minorum,
1340 2729 1453 2806 frater
1489 2730 1675 2813 scherus

248 2862 284 2940 le
311 2861 462 2944 Verrier
491 2863 656 2940 serviens
686 2864 1000 2969 Rothomagensis
1031 2863 1207 2952 diocesis,
1237 2863 1343 2939 testis
1373 2889 1486 2967 supra
1507 2861 1672 2968 juratus,

248 3011 298 3101 ut
312 2993 521 3099 deponeret
535 2976 679 3071 dictum
699 3023 829 3083 suum,
850 3022 928 3071 non
950 2994 1138 3073 defferens
1157 2992 1382 3073 mantellum
1403 2991 1563 3079 ordinis,
1585 2990 1675 3098 quia

248 3153 360 3203 suasu
390 3123 605 3230 aliquorum
637 3124 760 3231 ipsum
797 3125 992 3204 dimiserat
1028 3126 1069 3201 in
1102 3123 1262 3203 concilio
1291 3123 1478 3202 Remensi.
1506 3122 1676 3203 Postmo-
1716 3224 1723 3236 ο

250 3254 342 3334 dum
368 3253 447 3331 radi
476 3253 614 3333 fecerat
640 3255 711 3333 sibi
737 3256 909 3347 barbam,
940 3284 1047 3336 xxxvi
1073 3284 1260 3335 annorum
1285 3255 1345 3333 vel
1373 3255 1483 3345 circa,
1510 3254 1576 3360 qui
1602 3253 1675 3337 fuit

249 3405 475 3494 protestatus
510 3387 616 3494 quod
638 3417 725 3465 non
752 3389 918 3469 intendit
947 3388 1124 3466 recedere
1156 3417 1177 3465 a
1209 3385 1451 3501 dp'ppsicione
1482 3413 1551 3493 per
1585 3414 1674 3464 eum
1789 3448 1792 3452 a

247 3518 342 3597 facta
362 3548 487 3598 coram
508 3518 610 3597 dicto
632 3520 788 3597 domino
809 3520 1052 3598 Ambianensi
1074 3519 1252 3626 episcopo
1260 3519 1336 3629 qui
1357 3547 1459 3598 nuuc
1473 3535 1581 3605 est,n
1597 3545 1674 3623 quo

248 3650 448 3729 absolutusw
463 3669 502 3729 et
519 3651 785 3733 reconciliatus
806 3653 1007 3732 exstiterat.
1023 3652 1147 3732 Lectis
1159 3669 1287 3729 autem
1301 3667 1340 3729 et
1354 3648 1556 3756 diligenter
1570 3677 1676 3755 expo
1719 3653 1720 3657 ’

249 3782 329 3859 sitis
359 3781 428 3860 sibi
460 3784 638 3869 omnibus
668 3803 705 3861 et
735 3784 893 3894 singulis
922 3783 1106 3873 articulis,
1134 3766 1333 3889 respondit
1352 3782 1459 3890 quod
1478 3809 1673 3886 nunquam
1763 3866 1775 3891 q

247 3914 389 3993 viderat
408 3915 575 4021 aliquem
597 3916 714 3994 alium
733 3916 850 4023 recipi
862 3916 910 3992 ‘in
930 3916 1082 4005 ordine,
1102 3943 1172 3993 nec
1184 3914 1409 3993 interfuerat
1426 3938 1560 3989 eorum
1574 3909 1675 4015 capi·

247 4045 338 4124 tulis
364 4047 605 4153 generalibus
629 4077 698 4125 nec
727 4048 878 4125 aliisin
908 4044 1048 4154 quibus
1079 4047 1204 4152 aliqua
1234 4061 1376 4123 secreta
1403 4056 1670 4131 tractarentur3

247 4177 350 4278 unde
379 4177 586 4265 nesciebat,
619 4207 689 4254 nec
716 4178 923 4255 audiverat.
940 4177 1035 4264 dici,
1066 4204 1135 4252 nec
1163 4170 1344 4249 credebat
1360 4171 1613 4256 descontentis
1633 4172 1673 4249 in

247 4304 337 4410 ipsis
364 4304 531 4382 articulis
556 4307 627 4383 nisi
652 4309 757 4412 quod
784 4295 967 4412 sequitur.
994 4305 1097 4382 Dixit
1122 4331 1258 4411 nempe
1278 4332 1318 4381 se
1338 4303 1453 4384 fuisse
1477 4321 1672 4411 receptum

248 4437 286 4512 in
318 4433 473 4542 capella
487 4435 627 4519 domus
656 4434 806 4542 Templi
837 4434 885 4512 de
915 4434 1088 4524 Belraco,
1110 4462 1186 4543 'per
1215 4433 1369 4512 fratrem
1393 4433 1604 4515 Robertum
1626 4435 1676 4513 de

248 4583 373 4643 sancto
403 4566 633 4667 Pantaleone
661 4584 921 4674 preceptorem
952 4566 1052 4645 dicte
1084 4566 1223 4646 domus
1248 4583 1287 4643 et
1309 4565 1473 4643 baillivie
1503 4564 1550 4642 de
1575 4564 1673 4643 Pon-

247 4699 338 4788 tivo,
363 4699 460 4776 circa
479 4699 622 4777 instans
637 4699 776 4779 festum
791 4699 1051 4806 apostolorum
1065 4700 1166 4779 Petri
1183 4716 1222 4775 et
1234 4698 1342 4776 Pauli
1358 4716 1471 4777 erunt
1486 4713 1570 4778 octo
1584 4698 1673 4774 anni

249 4829 306 4904 vel
327 4832 435 4922 circa,
459 4831 700 4936 presentibus
720 4830 897 4909 fratribus
917 4829 1072 4910 Albeno
1088 4830 1318 4937 presbitero,
1335 4847 1464 4909 curato
1482 4829 1529 4916 de
1546 4829 1673 4908 Some

334 4966 440 5029 runcis
463 4988 515 5030 nas
537 4983 705 5032 rennuens.
721 4990 805 5031 -ιι,
1524 4967 1542 5028 6

1845 188 1940 247 Ι1

1696 260 1890 391 5³²²

1777 360 1895 407 ..ι

1865 422 1879 449 ,ι
1962 450 1979 469 u

1953 462 1975 503 h

2069 406 2111 527 ,t
