4230 5956
463 457 510 531 ot
847 441 1044 535 nuoots
1071 461 1165 534 nus
1191 463 1495 539 ruurmnus

462 619 596 680 testem
617 630 727 707 supra
748 602 1019 689 examinatum,
1041 603 1081 677 in
1101 601 1242 707 capella
1264 604 1402 682 domus
1420 604 1570 714 Templi
1597 607 1646 687 de
1663 608 1790 688 Insula
1808 613 1882 691 Bo-

277 773 292 805 0
461 733 610 818 cbardi,
625 761 694 837 per
713 733 856 811 dictum
874 732 1027 809 fratrem
1046 733 1259 809 lobannem
1279 734 1329 812 de
1343 735 1481 814 Sancto
1499 739 1720 832 benedicto,
1734 770 1880 848 presen-

459 863 564 941 tibus
588 861 768 938 fratribus
786 864 897 938 Petro
924 863 973 938 dc
992 863 1128 939 Sancto
1154 864 1379 953 Benedicto,
1401 883 1440 943 et
1464 866 1618 947 Andrea
1648 877 1877 977 carpentario

462 993 562 1070 dicte
581 991 735 1080 domus,
758 992 962 1068 deffuncto.
985 991 1157 1069 Plurium
1176 995 1465 1100 recepcionibus
1490 1026 1569 1076 non
1592 992 1727 1078 recolit
1748 1005 1878 1079 seud-

458 1121 592 1210 suisse,
620 1151 691 1198 nec
710 1122 793 1212 scit,
816 1150 885 1200 nec
905 1122 1041 1214 credit,
1062 1151 1133 1200 nec
1153 1124 1294 1204 audivit
1313 1126 1390 1203 dici
1416 1129 1523 1234 quod
1546 1129 1586 1204 in
1614 1130 1725 1208 dictis
1752 1160 1878 1238 recep

458 1252 630 1330 cionibus
646 1252 705 1330 vel
720 1268 806 1358 post
824 1252 969 1359 aliquid
982 1253 1225 1332 intervenerit
1239 1255 1496 1335 inhonestum.
1511 1261 1727 1366 Reqnisitus
1741 1261 1772 1341 si
1786 1263 1880 1340 vidit

457 1383 624 1488 aliquem
645 1410 689 1459 ex
708 1383 818 1459 dictis
836 1382 996 1488 receptis
1013 1383 1100 1460 duci
1122 1385 1171 1460 ad
1190 1403 1335 1490 partem
1351 1405 1437 1494 post
1453 1389 1679 1468 mantellum
1700 1391 1754 1468 eis
1767 1393 1879 1469 tradi-

458 1531 540 1590 tum
554 1513 612 1588 vel
627 1531 730 1602 ante,
746 1513 944 1617 respondit
956 1513 1062 1619 quod
1077 1542 1167 1593 non.

515 1642 728 1747 Requisitus
743 1644 773 1719 si
789 1644 841 1720 sic
857 1643 1081 1748 deposuerat
1095 1672 1222 1749 prece,
1239 1651 1597 1754 precepto,timore,
1609 1679 1754 1742 amore,
1767 1654 1874 1737 odio,

458 1773 516 1849 vel
529 1773 728 1877 temporali
744 1773 905 1851 comodo
924 1773 1054 1851 habito
1070 1774 1128 1851 vel
1144 1776 1340 1869 babendo,
1360 1779 1556 1885 respondit
1573 1782 1680 1886 quod
1698 1810 1791 1868 non,
1808 1784 1875 1858 sed

459 1932 527 2007 pro
551 1903 704 1979 veritate
730 1903 911 1989 dicenda;
936 1904 997 1980 cui
1027 1903 1098 1980 fuit
1122 1906 1335 2009 injunctum
1358 1909 1465 2014 quod
1481 1938 1558 1986 non
1577 1911 1760 1988 revelaret
1777 1913 1874 1989 hanc

459 2060 564 2107 suam
586 2030 882 2135 depositionem,
903 2061 1103 2138 quousque
1125 2037 1385 2115 attestaciones
1405 2038 1546 2116 brerint
1564 2039 1765 2146 publicato.

514 2293 641 2368 Frater
658 2291 847 2374 lohannes
876 2300 923 2376 de
949 2303 1110 2379 Ruivans
1136 2322 1335 2410 preceptor
1353 2308 1490 2383 domus
1509 2309 1659 2414 Templi
1679 2309 1728 2385 de
1747 2306 1874 2385 Lauda

457 2426 635 2516 Blandior,
662 2427 885 2504 pictavensis
905 2430 1065 2511 diocesis
1081 2438 1260 2527 serviens,
1280 2438 1388 2514 testis
1403 2465 1513 2542 supra
1528 2438 1692 2543 juratus,
1712 2437 1873 2514 mantel·

455 2573 536 2649 lum
553 2569 698 2648 ordinis
713 2585 752 2645 et
764 2567 920 2645 barbam
937 2567 1139 2655 defferens,
1159 2566 1477 2673 quadragenarius
1487 2567 1547 2642 vel
1567 2567 1678 2655 circa,
1694 2595 1781 2644 cum
1796 2595 1872 2673 quo

457 2700 679 2808 inquisitum
703 2699 839 2784 litarat,
866 2697 1060 2775 absolutus
1084 2714 1122 2774 et
1144 2696 1410 2774 reconciliatus
1433 2725 1502 2802 per
1531 2695 1730 2774 officialem
1754 2697 1873 2772 Picta-

458 2859 626 2920 vensem,
652 2830 758 2907 lectis
777 2847 815 2905 et
841 2829 1042 2933 diligenter
1061 2827 1132 2904 sibi
1153 2827 1328 2933 expositis
1350 2825 1531 2905 omnibus
1550 2843 1589 2904 et
1606 2826 1763 2933 singulis
1784 2827 1872 2902 arti·

454 2960 565 3048 culis,
586 2958 782 3063 respondit
800 2958 905 3063 quod
924 2984 1117 3062 nunqnam
1135 2957 1280 3034 viderat
1296 2957 1411 3063 recipi
1436 2957 1479 3032 in
1495 2956 1630 3033 ordine
1648 2957 1722 3032 nisi
1738 2954 1872 3031 babes

454 3089 687 3168 Gaulredum
706 3085 916 3164 Gommerii
937 3086 1116 3174 militem,
1136 3086 1202 3192 qui
1227 3087 1293 3164 ivit
1315 3086 1414 3163 ultra
1437 3113 1541 3162 mare
1566 3103 1605 3162 et
1625 3086 1871 3191 posmodum

456 3241 534 3295 nou
556 3217 685 3303 rediit,
707 3233 746 3292 et
764 3214 957 3321 quondam
977 3210 1094 3292 alium
1113 3215 1293 3303 militem,
1313 3217 1421 3322 cujus
1438 3244 1580 3293 nornen
1602 3232 1642 3291 et
1660 3242 1870 3320 oofflomen

455 3350 618 3454 ignorat,
640 3345 708 3422 sed
727 3344 847 3421 credit
865 3345 969 3450 quod
994 3363 1089 3422 esset
1111 3346 1159 3422 de
1179 3346 1434 3423 Lemoviccnsi
1454 3345 1615 3431 diocesi;
1641 3363 1680 3422 et
1702 3344 1873 3451 llaudoy-

454 3505 548 3553 nnm
573 3491 750 3581 nepotem
783 3474 906 3552 fratris
925 3476 1075 3551 Martini
1101 3477 1329 3582 preceptoris
1349 3477 1398 3553 de
1417 3475 1644 3564 idololorum,
1678 3471 1872 3552 testis'bo-

455 3607 518 3684 die
540 3605 756 3695 examinati,
776 3606 842 3710 qui
866 3605 1038 3682 similiter
1060 3607 1200 3710 recepti
1220 3606 1373 3683 fuerumt
1394 3634 1471 3683 rma
1487 3634 1575 3683 cum
1596 3607 1679 3711 ipso
1696 3621 1811 3691 teste,
1829 3605 1867 3680 in

453 3736 592 3842 capella
619 3736 757 3811 domus
779 3734 929 3839 Templi
957 3734 1005 3811 de
1032 3734 1133 3813 Cuso
1156 3736 1381 3812 Pictarensis
1405 3735 1581 3826 diocesis,
1608 3735 1704 3811 circa
1728 3734 1869 3810 instans

451 3865 590 3942 festum
605 3865 705 3942 beati
726 3861 894 3939 Barnabe
913 3880 1026 3940 erunt
1039 3891 1063 3941 x
1082 3865 1169 3940 anni
1188 3864 1249 3941 rel
1267 3865 1378 3952 circa,
1400 3893 1469 3971 per
1482 3864 1635 3941 fratrem
1650 3866 1802 3940 Petrum
1818 3861 1867 3938 de

453 3994 654 4072 villaribus
676 3992 836 4069 militem
861 3994 1071 4099 quondam,
1091 4012 1351 4101 preceptorem
1374 4011 1467 4072 tnnc
1487 3994 1664 4079 Pictarie,
1684 3991 1870 4096 presenti-

453 4120 526 4199 bus
543 4123 718 4199 fratribus
737 4123 897 4201 blattino
916 4142 955 4202 et
969 4126 1140 4202 lobanne
1159 4125 1344 4214 Durandi,
1364 4124 1525 4202 testibus
1542 4122 1714 4230 proximo
1733 4123 1870 4199 exami-

452 4252 564 4339 natis,
586 4268 627 4328 et
644 4252 849 4360 Baudoyno
869 4254 917 4331 dc
935 4254 1046 4335 Cheli
1069 4255 1207 4342 milite,
1227 4255 1293 4361 qui
1312 4252 1577 4345 transfretavit,
1602 4253 1652 4330 de
1671 4253 1778 4360 cujus
1797 4252 1869 4330 viu

454 4382 510 4460 vel
539 4399 661 4459 morte
690 4410 768 4458 non
792 4384 908 4461 babet
931 4387 1218 4475 certitudinem
1255 4402 1294 4461 et
1318 4382 1539 4462 Audeberto
1565 4401 1787 4490 preceptore
1817 4381 1866 4457 de

452 4511 569 4600 Guso,
590 4513 657 4618 qui
682 4511 885 4598 detinetur,
912 4531 958 4589 nt
979 4515 1115 4603 credit,
1146 4514 1244 4618 apud
1270 4515 1487 4603 Niorcium3
1512 4531 1553 4590 ot
1580 4511 1790 4592 Guillelmo
1819 4509 1866 4585 de

452 4640 581 4733 lllere,
600 4642 667 4748 qui
682 4640 875 4718 detinetm
885 4641 985 4746 apud
998 4641 1232 4748 Caynonem,
1246 4643 1418 4720 lobanne
1428 4642 1480 4719 de
1491 4642 1628 4718 Sancto
1640 4637 1860 4725 Benedicto,

452 4786 548 4846 teste
566 4797 678 4874 snpra
693 4771 918 4860 examinato,
946 4788 985 4847 et
1001 4771 1173 4849 lobanne
1191 4773 1240 4850 da
1256 4774 1383 4849 bnans
1403 4768 1588 4848 amento
1607 4767 1725 4874 ipuus
1742 4765 1863 4856 testis,
