4230 5956
657 471 857 566 rsocns
883 492 978 565 ons
1003 490 1305 566 ratramnus,
1621 496 1693 573 ass

268 636 415 744 porales
433 634 613 712 fratribus
633 631 955 740 delinquentibus,
968 634 1073 740 juxta
1098 651 1232 713 statuta
1252 653 1290 712 et
1316 636 1486 714 ordinata
1505 639 1544 714 in
1559 640 1693 718 ordin‘e
1810 740 1815 746 ‚

267 766 492 874 supradicto.
510 764 741 843 Penitencias
763 793 851 844 vero
878 763 1089 872 spirituales
1118 764 1244 843 nullus
1269 763 1425 844 fratrum
1447 766 1535 846 dicti
1552 770 1695 849 ordinis

266 915 391 1004 potest
405 898 600 1005 injungere
620 925 690 974 nec
709 895 873 1004 aliquem
888 896 1081 974 absolvere
1097 925 1118 974 a
1134 898 1310 1003 peccatis,
1327 897 1397 976 nisi
1411 899 1483 976 soli
1497 900 1706 1007 presbiteri

266 1029 443 1135 capellani
473 1028 617 1107 ordinis
640 1028 728 1107 dicti
753 1027 902 1135 Templi
925 1028 982 1106 vel
1007 1027 1171 1137 religiosi
1193 1028 1255 1105 alii
1279 1029 1477 1136 presbiteri
1496 1031 1693 1123 seculares,

267 1160 409 1266 quibus
427 1159 515 1237 dicti
535 1160 666 1237 fratres
685 1178 833 1265 peccata
853 1188 919 1238 sua
932 1161 1122 1238 verissime
1142 1177 1229 1238 sunt
1243 1160 1414 1238 confessi.
1494 1231 1498 1237 .

323 1290 381 1368 Ad
406 1319 487 1369 xxix
511 1291 711 1369 articulum
733 1291 978 1399 respondenss
1009 1291 1101 1369 dixit
1124 1321 1164 1369 se
1191 1319 1269 1370 non
1290 1293 1443 1371 credere
1465 1311 1636 1372 contenta
1656 1296 1695 1372 in

269 1422 349 1528 ipso
369 1423 543 1511 articulo,
566 1441 603 1500 et
621 1425 659 1500 si'
672 1423 795 1501 dictus
810 1423 985 1530 Magister
1003 1421 1195 1501 confessus
1217 1440 1274 1501 est
1292 1424 1339 1500 de
1359 1452 1399 1501 se
1419 1424 1501 1532 ipso
1522 1444 1634 1532 prout
1654 1427 1695 1504 in

267 1554 368 1630 dicto
391 1554 545 1631 articulo
570 1556 799 1641 continetur,
833 1554 1025 1659 dixitdpse
1051 1554 1116 1661 qui
1137 1555 1305 1661 loquitur
1324 1582 1364 1631 sc
1384 1555 1537 1634 credere
1566 1558 1693 1663 ipsum
1729 1647 1733 1663 Ι

266 1686 483 1791 Magistrum
503 1683 615 1763 fuisse
633 1686 833 1764 mentitum
859 1687 896 1762 in
911 1701 1030 1791 ‘'c'aput
1048 1715 1175 1774 suum,
1198 1704 1236 1762 et
1258 1714 1334 1762 non
1361 1703 1417 1763 est
1436 1686 1628 1765 confessus
1652 1690 1691 1764 in

265 1817 389 1923 aliquo
409 1817 614 1894 veritatem.

324 1949 380 2024 Ad
407 1974 642 2026 xxx—xxxin
677 1948 852 2026 articulos
864 1948 1063 2035 inclusive,
1085 1948 1288 2053 diligenter
1309 1965 1346 2024 et
1368 1946 1558 2053 sigillatim
1578 1951 1694 2028 inter-

264 2095 433 2186 rogatus,
456 2079 687 2185 respondens
707 2081 851 2187 negavit
868 2080 968 2185 ipsos
988 2079 1165 2156 articulos
1185 2096 1222 2156 et
1241 2079 1366 2156 omnia
1386 2096 1424 2156 et
1443 2080 1587 2187 singula
1606 2110 1695 2162 con·

264 2228 366 2288 tenta
380 2211 419 2285 iu
435 2211 506 2297 eis,
529 2210 626 2288 salvo
646 2210 753 2317 quod
771 2209 1038 2288 confessus·est
1051 2210 1155 2317 quod
1169 2209 1233 2287 ille
1253 2211 1318 2316 qui
1338 2209 1491 2287 fratrem
1505 2214 1639 2320 recipit
1655 2215 1693 2290 in

267 2342 366 2419 dicto
391 2341 523 2418 ordine
552 2359 637 2448 post
656 2343 910 2449 receptionem
931 2371 1037 2420 suam
1057 2342 1301 2420 incontinenti
1330 2342 1519 2420 osculatur
1542 2373 1629 2422 eum
1653 2347 1693 2421 in

266 2500 330 2549 ore
352 2491 509 2548 tantum.
531 2472 577 2549 Et
596 2472 676 2579 ipse
694 2489 867 2579 receptus
883 2473 1073 2552 osculatur
1092 2473 1131 2549 in
1153 2501 1217 2550 ore
1237 2489 1383 2550 tantum
1403 2473 1549 2580 aliquos
1572 2476 1620 2553 de
1642 2475 1695 2552 di·

265 2605 331 2680 ctis
347 2604 521 2683 fratribus
538 2605 866 2689 circumstantibus
886 2605 1011 2682 eidem
1032 2605 1070 2680 in
1085 2605 1233 2711 signum
1245 2603 1405 2681 fraterne
1426 2606 1598 2684 caritatis.

320 2735 379 2810 Ad
401 2762 523 2814 xxxnn
538 2753 575 2812 et
591 2763 681 2817 xxxv
702 2738 877 2815 articulos
893 2737 1086 2824 inclusive,
1102 2736 1302 2843 diligenter
1319 2751 1356 2811 et
1370 2732 1558 2842 sigillatim
1579 2739 1693 2814 inter·

264 2882 429 2973 rogatus,
455 2867 547 2944 dixit
566 2886 602 2945 et
629 2867 821 2947 consessus
845 2886 901 2946 est
924 2868 1030 2975 quod
1050 2869 1148 2944 inter
1173 2866 1241 2943 alia
1261 2894 1336 2973 que
1352 2867 1479 2972 jurant
1502 2865 1633 2944 fratres
1652 2869 1691 2943 in

264 3028 329 3073 sua
349 3001 586 3105 recepcione‚
599 3001 729 3108 jurant
748 3019 787 3078 et
801 2999 1026 3108 promittunt
1043 3027 1145 3105 pera
1166 3027 1205 3077 se
1225 2998 1423 3105 prestitum
1433 2997 1692 3103 juramentum

264 3157 340 3204 non
360 3130 570 3238 relinquere
590 3162 659 3209 nec
675 3133 773 3210 exire
790 3133 964 3211 ordinem
985 3131 1073 3207 dicti
1089 3129 1237 3236 Templi
1256 3157 1324 3234 pro
1341 3126 1487 3206 fortiori
1510 3128 1567 3206 vel
1591 3130 1693 3209 debi-

261 3261 344 3337 liori
366 3262 515 3350 ordine,
537 3264 607 3341 nisi
629 3264 677 3340 de
701 3259 854 3343 licencia
875 3264 1077 3369 superioris
1097 3263 1161 3370 qui
1183 3262 1231 3339 de
1256 3261 1355 3339 dicto
1376 3262 1477 3338 exitu
1499 3261 1692 3340 licenciam

261 3393 378 3497 possit
409 3393 515 3482 dare,
542 3396 684 3472 ratione
716 3395 825 3504 cujus
850 3395 1106 3501 promissionis
1128 3394 1270 3501 jurate,
1298 3394 1422 3470 statim
1443 3392 1531 3471 dicti
1550 3395 1689 3501 recepti

261 3522 390 3600 fratres
406 3553 475 3631 pro
495 3525 672 3631 professis
686 3526 875 3605 habentur
890 3528 928 3604 in
948 3528 1080 3605 ordine
1097 3524 1322 3631 supradicto.
1593 3519 1594 3522 ¹

317 3655 375 3731 Ad
394 3683 684 3735 xxxvr--xxxrx
703 3659 879 3736 articulos
898 3656 1088 3745 inclusive,
1107 3655 1305 3761 diligenter
1317 3673 1354 3730 et
1374 3654 1565 3761 sigillatim
1581 3656 1690 3732 inter-

262 3804 426 3893 rogatus,
445 3788 678 3893 respondens
697 3787 788 3864 dixit
811 3788 1020 3894 quodcum
1042 3786 1174 3864 fratres
1194 3786 1372 3892 contingit
1391 3787 1504 3891 recipi
1527 3786 1578 3862 de
1591 3814 1689 3864 novo

263 3915 310 3991 ad
321 3916 495 3994 ordinem
506 3920 771 4024 supradictum,
782 3919 1013 4025 recipiuntur
1027 3920 1066 3995 in
1081 3919 1242 4024 capitulo
1259 3917 1348 3995 dicti
1364 3917 1519 4006 ordinis,
1535 3933 1572 3994 et
1586 3919 1690 4024 quod

262 4049 377 4125 moris
402 4067 459 4127 est
481 4068 523 4128 ut
549 4052 587 4126 in
616 4051 715 4130 dicto
736 4051 898 4160 capitulo
921 4051 1044 4158 aliqua
1064 4051 1238 4128 dicantur
1259 4078 1327 4156 per
1351 4049 1460 4126 illum
1481 4051 1546 4156 qui
1567 4050 1688 4128 dictos

262 4178 391 4256 fratres
410 4181 542 4287 recipit
563 4199 601 4259 et
619 4183 829 4289 specialiter
843 4184 1095 4291 exprimantur
1109 4181 1251 4259 eisdem
1266 4180 1436 4286 receptis,
1458 4181 1505 4258 ad
1525 4210 1691 4289 quorum

263 4311 538 4390 observanciam
563 4332 630 4421 per
650 4317 906 4424 juramentum
933 4315 1073 4393 habent
1099 4331 1137 4392 et
1162 4314 1301 4391 debent
1325 4313 1478 4420 astringi
1506 4343 1593 4391 cum
1619 4313 1693 4390 sint

263 4461 364 4550 grata
385 4446 548 4524 Domino
574 4464 611 4523 et
634 4466 792 4554 accepta.
810 4446 898 4524 ldeo
916 4446 1105 4531 ,dictorum
1127 4445 1284 4523 fratrum
1306 4445 1475 4550 recepcio
1500 4443 1543 4520 fit
1570 4445 1609 4520 in
1636 4472 1694 4523 se-

265 4593 365 4652 creto
387 4577 566 4683 capitula,
590 4581 637 4656 ad
656 4580 762 4686 quod
787 4578 882 4656 nulli
904 4579 967 4656 alii
984 4578 1233 4655 admittuntur
1249 4577 1318 4653 nisi
1340 4575 1471 4653 fratres
1492 4576 1688 4666 duntaxat,

264 4709 351 4813 quia
375 4737 452 4786 non
479 4711 628 4816 expedit
649 4728 691 4788 ut
715 4739 783 4816 per
803 4710 924 4817 laycos
949 4708 1008 4787 vel
1034 4708 1216 4786 seculares
1245 4707 1398 4784 clericos
1422 4707 1585 4784 sciantur
1606 4710 1688 4785 uni-

264 4867 366 4916 versa
383 4856 420 4917 et
433 4841 574 4950 singula
591 4872 663 4951 que
679 4843 812 4949 eisqui
833 4841 1066 4947 recipiuntur
1078 4839 1166 4918 solis
1183 4839 1322 4917 habent
1335 4838 1421 4929 dici,
1439 4812 1707 4944 publicemus-,⁰

1494 4985 1544 5047 58.
