4230 5956
625 495 822 586 procas
849 512 946 584 nas
972 513 1274 586 reuertens.
1525 480 1528 488 ’
1617 521 1662 590 rs

238 658 326 735 odio
355 656 415 732 vel
444 655 644 763 temporali
669 656 831 734 comodo
855 654 986 761 habito
1017 655 1076 732 vel
1105 655 1304 749 habendo,
1335 658 1529 763 respondit
1559 661 1665 766 quod

236 817 335 882 non,
364 790 432 866 sed
457 817 525 896 pro
552 790 707 866 veritate
734 786 915 875 diceuda3
942 787 1003 863 cui
1027 785 1100 865 suit
1129 787 1340 898 injunctum
1368 789 1576 894 quod'non
1604 821 1663 867 re-

236 919 377 998 velaret
390 919 486 998 hanc
506 949 611 999 suam
635 920 915 1027 deposicionem
936 946 1134 1025 quousque
1157 920 1416 999 attestaciones
1435 918 1577 1003 suerint
1594 952 1664 1027 pu-

237 1050 385 1129 blicate.

295 1320 427 1395 Frater
441 1317 672 1398 Guillelmus
691 1319 841 1397 d'Erree
867 1319 1031 1396 serviens
1047 1319 1345 1399 Cenomanensis
1362 1320 1536 1410 diocesis,
1559 1321 1663 1398 testis

239 1478 349 1556 supra
366 1452 527 1559 juratus,
548 1452 808 1561 sexagenarius
833 1468 871 1528 et
889 1450 1006 1541 ultra,
1029 1452 1256 1529 mantellum
1278 1451 1423 1530 ordinis
1448 1469 1486 1528 et
1503 1450 1659 1530 barbam

240 1579 436 1670 defferens,
455 1610 541 1659 cum
562 1605 639 1689 quo
657 1583 883 1689 inquisitum
900 1580 1037 1674 suerat,
1059 1581 1258 1663 absolutus
1272 1602 1309 1662 et
1325 1583 1588 1662 reconciliatus
1597 1611 1664 1689 per

239 1711 440 1789 dominum
461 1702 681 1820 episcopum
695 1716 990 1804 Xautonensem,
1009 1713 1117 1793 lectis
1132 1730 1170 1793 et
1185 1715 1387 1823 diligenter
1402 1715 1578 1821 expositis
1594 1715 1664 1793 sibi

239 1843 418 1923 omnibus
443 1862 481 1922 et
500 1846 659 1953 singulis
684 1845 863 1936 articulis,
890 1846 1088 1953 respondit
1113 1877 1152 1925 se
1177 1847 1323 1926 nescire
1347 1876 1417 1925 uec
1434 1847 1595 1924 ‘credere
1617 1846 1664 1921 de

239 1976 425 2053 contentis
444 1976 484 2051 in
504 1977 570 2069 eis,
592 2005 663 2054 nee
683 1977 869 2055 audivisse
899 1977 984 2066 dici,
1010 1977 1082 2054 nisi
1103 1978 1208 2082 quod
1232 1977 1414 2082 sequitur.
1440 1976 1542 2053 Dixit
1561 1975 1664 2049 enim

239 2134 277 2182 se
304 2106 419 2184 luisse
439 2123 646 2213 receptum,
670 2107 709 2182 in
729 2107 884 2184 instanti
909 2105 1012 2183 sesto·
1030 2105 1131 2184 beati
1151 2104 1321 2183 Barnabe
1347 2123 1460 2183 erunt
1478 2105 1665 2210 quinqua-

239 2236 341 2343 ginta
363 2236 439 2314 duo
460 2237 546 2313 anui
566 2236 624 2315 vel
643 2238 750 2328 circa,
777 2237 818 2311 in
839 2237 979 2343 capella
1000 2237 1137 2313 domus
1157 2235 1308 2341 Templi
1334 2235 1381 2311 de
1400 2235 1522 2343 Ayues
1542 2235 1665 2314 Ceno-

240 2369 428 2445 manensis
447 2368 624 2457 diocesis,
648 2395 715 2473 per
727 2365 881 2445 lratrem
905 2367 1060 2445 Petrum
1079 2367 1281 2461 Armenart
1299 2368 1666 2474 servientemquon-

239 2499 339 2591 dam,
365 2516 628 2607 preceptorem
654 2516 747 2577 tunc
770 2497 869 2576 dicte
897 2499 1052 2589 domus,
1080 2499 1127 2578 de
1154 2499 1333 2578 mandato
1353 2499 1477 2578 lratris
1495 2502 1665 2607 Hugonis

238 2630 387 2710 Gisardi
406 2649 499 2709 tunc
516 2629 683 2739 magistri
703 2629 923 2737 Aquitanie,
947 2631 994 2708 de
1016 2631 1123 2740 cujus
1142 2631 1333 2738 parentela
1352 2648 1430 2709 erat
1442 2632 1522 2739 ipse
1540 2635 1662 2722 testis,

239 2760 477 2869 presentibus
510 2761 688 2839 fratribus
715 2762 887 2839 Johanne
915 2761 1114 2840 Armeuart
1149 2762 1261 2840 fratre
1295 2762 1385 2838 dicti
1415 2764 1662 2867 preceptoris,

238 2893 409 2972 lohanne
423 2893 578 2971 Musseti
594 2892 859 2983 servientibus,
874 2890 1073 2969 deffunctis
1083 2950 1092 2980 ,
1104 2892 1144 2968 in
1154 2891 1259 2968 hune
1273 2890 1432 2968 modum
1447 2923 1455 2966 ι
1473 2919 1561 2968 nam
1575 2923 1663 2971 cum

239 3026 410 3132 periisset
433 3053 574 3132 panem*
596 3041 633 3101 et
653 3052 801 3131 aquam,
821 3040 936 3130 prout
954 3023 1161 3101 instructus
1183 3022 1316 3113 luerat,
1336 3040 1374 3100 et
1402 3021 1601 3121 obtulisset
1624 3055 1663 3104 se

238 3156 333 3235 velle
350 3157 432 3234 lieri
446 3184 595 3235 servum
610 3154 796 3234 esclavum
813 3155 967 3244 ordinis,
986 3172 1025 3233 et
1034 3155 1239 3262 requisitus
1251 3183 1319 3262 per
1333 3183 1397 3232 eos
1409 3157 1666 3263 respondisset

239 3288 344 3396 quod
364 3316 441 3364 non
463 3304 542 3365 erat
561 3287 667 3363 alteri
686 3286 859 3396 religioni
880 3314 951 3364 nec
962 3287 1205 3365 matrimonio
1225 3285 1407 3393 alligatus,
1429 3290 1499 3363 nec
1517 3315 1664 3368 excom-

239 3402 586 3510 municatus,fecit
610 3434 809 3525 preceptor
833 3445 922 3494 eum
946 3444 1077 3497 vovere
1107 3405 1148 3495 et
1166 3417 1294 3525 jurare
1323 3445 1436 3525 super
1459 3420 1664 3527 quemdam

239 3548 381 3627 librum
394 3566 565 3656 apertum
581 3548 798 3636 castitatem,
819 3547 1092 3640 obedienciam,
1104 3548 1225 3625 vivere
1240 3549 1321 3626 sine
1336 3548 1506 3657 proprio,
1522 3580 1664 3629 servare

239 3682 367 3759 bonos
378 3709 470 3758 usus
492 3697 529 3757 et
548 3678 668 3757 bonas
690 3680 983 3758 consuetudines
1003 3679 1160 3769 ordinis,
1185 3696 1222 3759 et
1244 3709 1324 3758 nou
1343 3680 1507 3759 revelare
1525 3700 1666 3759 secreta

241 3812 504 3919 capitulorum.
536 3813 668 3888 Postea
699 3812 882 3918 imposuit
911 3810 984 3889 sibi
1012 3810 1255 3901 mantellum,
1289 3829 1327 3889 et
1358 3812 1438 3918 ipse
1469 3830 1507 3889 et
1535 3813 1665 3889 lratres

240 3961 400 4022 astantes
420 3942 578 4021 osculati
592 3941 749 4020 suerunt
763 3971 853 4022 eum
870 3944 910 4022 iu
931 3971 1008 4036 ore,
1022 3959 1062 4022 et
1073 3941 1248 4022 lecerunt
1264 3972 1353 4021 eum
1373 3942 1532 4019 induere
1548 3958 1666 4018 vestes

240 4074 443 4184 religionis,
469 4093 506 4156 et
523 4076 780 4156 instruxerunt
805 4098 895 4155 eum
922 4093 1017 4185 quot
1037 4078 1150 4158 Pater
1165 4093 1280 4156 noster
1302 4075 1444 4149 diceret
1471 4099 1540 4181 pro
1564 4073 1667 4151 horis

241 4207 329 4292 suis,
354 4188 459 4312 quod
479 4209 622 4314 jaceret
650 4239 737 4285 cum
760 4208 894 4315 pannis
914 4208 1036 4293 lineis,
1064 4207 1208 4282 cinctus
1229 4232 1304 4280 una
1328 4203 1500 4296 cordula,
1523 4207 1590 4282 sed
1619 4207 1665 4282 de

241 4333 505 4442 abnegacione,
523 4337 716 4440 vituperiis
728 4338 860 4428 crucis,
874 4335 1013 4413 osculis
1027 4333 1248 4424 inhonestis,
1267 4334 1423 4412 crimine
1442 4335 1667 4414 sodomitico

241 4465 299 4543 vel
317 4464 446 4572 aliquo
464 4464 538 4544 alio
564 4465 697 4544 illicito
725 4495 804 4544 non
829 4465 902 4544 luit
929 4466 965 4544 ei
992 4465 1218 4545 locutumin
1238 4467 1337 4545 dicta
1358 4466 1577 4574 recepcione
1601 4496 1670 4548 nec

237 4598 336 4705 post,
354 4596 443 4675 licet
462 4596 566 4675 aliud
586 4599 685 4677 dicat
707 4627 749 4676 se
762 4599 1020 4707 recognovisse
1046 4627 1171 4678 coram
1194 4599 1295 4678 dicto
1315 4599 1471 4677 domino
1493 4600 1667 4708 episcopo

126 4794 129 4799 .
240 4730 488 4821 Xantonensi‚
505 4747 612 4810 metu
621 4746 912 4827 tormentorum,
927 4730 1055 4840 quoad
1072 4731 1307 4839 spuicionem
1324 4730 1443 4810 crucis
1458 4749 1495 4809 et
1511 4731 1669 4840 abnega-

243 4860 390 4940 cionem
410 4862 499 4954 Dei3
520 4863 585 4942 sed
604 4864 739 4971 primo,
757 4882 958 4971 antequam
974 4880 1072 4946 esset
1088 4864 1137 4943 ad
1154 4892 1291 4971 panem
1309 4880 1347 4943 et
1361 4864 1666 4972 aquampositus,
1747 4890 1751 4902 ·
