4230 5956
1132 176 1226 249 ς’.

478 477 527 548 aa
863 452 1059 543 rancus
1087 468 1176 540 nas
1203 469 1505 543 venemens.

475 614 708 692 ordinaverat
723 640 769 687 ne
786 611 938 687 daretur
956 609 1026 686 nisi
1042 626 1101 686 ter
1114 610 1152 684 in
1170 607 1397 701 ebdomada,
1415 627 1569 716 propter
1584 612 1737 718 negocia
1751 641 1826 716 que
1842 615 1894 689 eis

476 739 760 833 incumbebant,
788 758 825 816 et
846 740 951 845 quod
977 755 1129 844 propter
1153 739 1435 817 restitucionem
1462 737 1645 815 dictarum
1671 739 1893 818 elemosina-

476 901 558 949 rum
580 869 795 976 paciebatur
812 870 922 955 ordo,
946 885 1073 945 contra
1090 895 1204 973 quem
1228 897 1327 944 nunc
1346 869 1500 974 grandia
1521 868 1709 953 scandala,
1733 871 1893 976 suspicio

476 1019 514 1077 et
533 1000 683 1076 infamia
699 1017 786 1076 sunt
800 1016 941 1086 exorta3
960 1016 997 1073 et
1010 998 1130 1073 credit
1144 997 1250 1102 quod
1265 997 1466 1074 consessata
1483 1025 1549 1102 per
1565 1024 1654 1073 eum
1668 1015 1791 1074 essent
1806 1017 1893 1075 nota

476 1131 653 1208 fratribus
673 1129 834 1219 ordinis,
857 1145 893 1204 et
911 1127 1017 1234 quod
1042 1155 1199 1232 magnus
1224 1127 1399 1233 Magister
1419 1145 1456 1203 et
1475 1126 1536 1202 alii
1560 1126 1693 1204 eadem
1715 1128 1788 1204 sint
1806 1156 1895 1206 con-

477 1262 572 1338 sessi.
596 1264 677 1338 Non
699 1259 887 1338 obtulerat
907 1287 946 1336 se
967 1256 1189 1334 deffensioni
1215 1256 1303 1333 dicti
1323 1257 1478 1333 ordinis.

534 1391 747 1497 Requisitus
771 1391 800 1464 si
828 1390 880 1464 sic
905 1389 1126 1492 deposuerat
1150 1415 1280 1490 prece,
1315 1406 1514 1493 precepto,
1537 1416 1684 1478 amore,
1703 1388 1813 1475 odio,
1835 1390 1892 1465 vel

476 1519 673 1626 temporali
688 1517 850 1597 comodo
865 1516 994 1593 habito
1009 1514 1066 1593 vel
1081 1514 1273 1601 babendo,
1296 1516 1490 1623 respondit
1509 1517 1614 1623 quod
1633 1545 1724 1604 non,
1743 1519 1809 1594 sed
1824 1546 1893 1624 pro

476 1653 627 1727 veritate
649 1651 824 1734 dicenda3
844 1648 902 1723 cui
924 1645 998 1722 luit
1017 1645 1226 1752 injunctum
1249 1645 1355 1750 quod
1375 1673 1451 1722 non
1472 1646 1651 1722 revelaret
1671 1647 1766 1723 banc
1788 1676 1892 1724 suam

477 1781 774 1886 deposicionem,
797 1805 994 1884 quousque
1018 1773 1277 1851 attestaeiones
1298 1774 1439 1852 farerint
1456 1775 1656 1882 publicato.

534 1911 622 1985 Aeta
642 1908 795 1986 fuerunt
812 1908 881 1984 heo
900 1905 1007 1983 dictis
1023 1903 1084 1980 die
1106 1921 1144 1979 et
1163 1902 1262 1990 loeo,
1284 1905 1521 2008 presentibus
1541 1905 1717 2010 magistro
1733 1905 1892 1992 Amisio,

478 2068 538 2116 me
554 2039 808 2117 Floriamonte
824 2035 1041 2120 Dondedei,
1059 2050 1097 2109 et
1111 2033 1193 2109 aliis
1208 2034 1361 2110 notariis
1376 2063 1486 2140 supra
1502 2035 1636 2112 ultimo
1653 2035 1864 2111 nominatis.

535 2300 622 2374 Post
635 2299 720 2381 hec,
738 2296 799 2370 die
813 2297 920 2371 Lune
936 2315 1020 2400 post
1031 2296 1154 2373 Lelore
1165 2299 1371 2384 Jerusalem,
1393 2325 1467 2403 que
1483 2295 1554 2372 luit
1567 2323 1638 2373 xxu
1654 2296 1742 2372 dicti
1757 2298 1896 2375 mensis

481 2427 626 2509 Marcii,
649 2441 904 2501 convenerunt
924 2423 1013 2500 dicti
1036 2423 1180 2500 domini
1202 2424 1431 2501 Mimatensis
1459 2442 1497 2500 et
1520 2427 1792 2502 Lemovicensis
1816 2429 1896 2533 epi-

480 2557 598 2661 scopi,
615 2573 652 2630 et
666 2554 949 2632 archidiaconus
961 2554 1223 2640 Tridentinus,
1237 2554 1320 2631 aliis
1334 2554 1500 2662 legitime
1516 2556 1711 2644 excusatis,
1726 2557 1765 2632 in
1781 2556 1895 2634 domo

481 2686 626 2763 domini
643 2684 741 2760 Petri
770 2686 817 2759 de
843 2684 1028 2761 Sabaudia
1052 2684 1614 2791 archiepiscopi·Lugdunensis,
1636 2701 1722 2761 ante
1741 2685 1896 2762 domum

479 2815 634 2893 fratrum
658 2815 847 2890 Minorum
869 2815 915 2891 de
938 2814 1117 2901 Parisios,
1143 2829 1180 2890 et
1206 2812 1279 2890 fuit
1305 2813 1447 2890 ibidem
1468 2813 1651 2891 adductus
1676 2815 1725 2890 ad
1743 2841 1891 2920 presen-

480 2948 573 3021 ciam
602 2944 821 3021 eorumdem
850 2943 962 3020 frater
997 2945 1046 3020 de
1077 2945 1204 3020 Monte
1236 2943 1433 3020 Trichardi
1462 2943 1640 3031 serviens,
1666 2945 1896 3020 Turonensis

481 3074 656 3157 diocesis,
678 3089 874 3176 preceptor
893 3072 1030 3148 domus
1049 3071 1198 3177 Templi
1222 3072 1269 3148 de
1299 3071 1397 3148 Malo
1421 3074 1546 3148 Leone
1568 3070 1788 3148 Pictavensis
1813 3071 1896 3147 dio-

481 3204 589 3290 cesis,
609 3200 829 3277 mantellum
845 3201 989 3277 ordinis
1004 3219 1040 3277 et
1051 3200 1206 3278 barbam
1223 3200 1427 3291 defferens,
1448 3202 1704 3308 sexagenarius
1713 3202 1771 3278 vel
1784 3203 1894 3291 circa,

482 3358 567 3407 cum
587 3360 663 3436 quo
683 3329 902 3436 inquisitum
919 3329 1054 3420 luerat,
1073 3329 1265 3407 absolutus
1283 3348 1321 3408 et
1335 3332 1597 3409 reconciliatus
1616 3359 1683 3437 per
1698 3330 1895 3408 officialem

481 3462 754 3537 Turonensem.
777 3459 898 3535 Lectis
918 3476 955 3535 et
975 3459 1174 3566 diligenter
1194 3462 1370 3567 expositis
1393 3461 1464 3539 sibi
1487 3460 1664 3539 omnibus
1685 3478 1723 3536 et
1742 3461 1898 3568 singulis

482 3588 661 3674 articulis,
695 3589 889 3693 respondit
909 3616 947 3665 se
974 3589 1132 3674 nescire,
1155 3617 1224 3665 nec
1248 3591 1419 3678 credere,
1449 3620 1519 3667 nec
1545 3591 1727 3667 audivisse
1752 3590 1825 3666 dici
1850 3590 1897 3666 de

482 3719 666 3794 contentis
688 3719 726 3792 in
747 3719 800 3794 eis
820 3717 889 3793 nisi
910 3717 1014 3822 quod
1040 3719 1218 3823 sequitur.
1246 3719 1431 3796 Videlicet
1454 3720 1558 3826 quod
1584 3747 1777 3825 nunquam
1797 3719 1898 3795 vide·

481 3865 556 3930 rat,
578 3874 648 3923 nec
672 3848 848 3932 sciverat,
873 3872 942 3921 nec
971 3847 1161 3924 audiverat
1186 3847 1258 3923 dici
1283 3865 1369 3925 ante
1395 3850 1608 3954 capcionem
1638 3875 1769 3924 eorum
1794 3849 1897 3954 quod

483 3976 617 4052 fierent
643 3976 929 4082 abnegaciones‚
962 3977 1312 4081 dogmatizaciones‚
1337 3978 1519 4084 vituperia
1540 3979 1674 4062 crucis,
1696 3976 1820 4054 oscula
1849 3978 1899 4052 in·

484 4107 656 4195 honesta,
679 4106 821 4182 crimen
839 4106 1123 4193 sodomiticum,
1146 4106 1389 4186 adoraciones
1406 4109 1476 4184 cati
1495 4125 1532 4184 et
1550 4107 1772 4214 ydolorum,
1790 4107 1899 4185 abso-

485 4234 652 4310 luciones
670 4263 737 4339 per
753 4235 865 4313 laicos
888 4237 1126 4326 eorumdem,
1146 4237 1206 4314 vel
1227 4239 1352 4345 aliqua
1365 4237 1494 4315 illicita
1516 4237 1610 4316 circa
1626 4255 1898 4315 sacramentum

485 4363 608 4439 altaris
629 4363 685 4439 vel
709 4363 780 4441 alia
804 4382 1045 4455 sacramenta,
1074 4365 1131 4442 vel
1155 4367 1279 4473 aliqua
1302 4369 1374 4445 alia
1396 4367 1524 4447 illicita
1541 4365 1596 4443 vel
1618 4366 1815 4443 inhonesta
1842 4365 1899 4440 in·

483 4492 698 4569 ervenirent
726 4493 765 4568 in
799 4496 1019 4598 recepcione
1046 4493 1201 4570 fratrum
1231 4497 1376 4573 ordinis
1405 4495 1463 4572 vel
1492 4513 1587 4601 post.
1621 4494 1837 4600 Requisitus
1867 4494 1897 4567 si

487 4621 660 4698 credebat
684 4623 788 4726 quod
809 4624 846 4698 in
873 4620 1060 4726 aliquibus
1083 4621 1252 4726 partibus
1281 4625 1549 4701 intervenirent
1573 4623 1642 4699 alia
1667 4621 1794 4697 illicita
1823 4647 1897 4726 que

488 4747 609 4824 dictus
622 4779 715 4854 papa
734 4752 773 4826 in
789 4750 922 4828 litteris
938 4749 1148 4855 patentibus
1163 4748 1301 4827 latetur
1320 4779 1498 4856 magnum
1518 4752 1734 4854 Magistrum
1751 4765 1787 4824 et
1805 4746 1897 4824 alios
