4230 5956
646 474 841 566 enecas
873 493 969 565 uss
999 492 1300 564 rennuens
1604 498 1673 566 en

267 657 303 714 et
326 638 444 716 credit
465 635 571 741 quod
585 633 649 711 alii
672 632 801 711 fratres
824 635 966 711 ordinis
981 634 1117 711 eodem
1138 631 1253 710 modo
1276 632 1494 719 crederent,
1521 651 1559 709 et
1575 638 1677 740 quod

265 797 396 845 eorum
427 766 640 843 sacerdotes
669 763 796 840 debite
816 764 1068 853 celebrarent,
1095 781 1132 839 et
1160 763 1252 839 dixit
1274 762 1378 868 quod
1397 780 1455 839 ter
1470 768 1682 841 communi-

264 898 396 975 cabant
415 897 455 973 in
469 922 585 983 anno,
603 894 746 972 scilicet
764 895 802 971 in
821 896 1014 984 Paschate,
1034 885 1252 971 Pentecoste
1269 911 1306 969 et
1321 893 1526 970 Nativitate.
1540 896 1682 971 luravit

264 1029 438 1106 ordinem
468 1054 545 1102 non
576 1024 687 1101 exire.
716 1025 955 1103 Clandcstine
985 1024 1275 1129 recipiebantur,
1306 1023 1422 1100 nullis
1441 1024 1680 1128 presentibus

266 1158 336 1236 nisi
360 1157 536 1234 fratribus
559 1155 719 1244 ordinis,
746 1183 789 1231 ex
813 1183 889 1261 quo
918 1169 1142 1259 potestesse
1163 1153 1328 1259 suspicio
1356 1181 1429 1259 quc
1455 1170 1533 1230 erat
1553 1172 1681 1231 contra

267 1315 342 1363 eos.
365 1285 542 1364 Cordulis
561 1284 661 1360 unde
679 1284 855 1362 volebant
869 1284 1068 1389 assumptis
1085 1313 1152 1389 per
1169 1284 1420 1389 penitenciam
1435 1285 1681 1390 cingebantur

266 1445 379 1522 super
395 1414 562 1492 camisias
583 1444 669 1490 cum
692 1415 829 1521 quibus
844 1414 1030 1522 jacebant.
1053 1417 1273 1519 Preceptum
1301 1411 1374 1489 luit
1394 1413 1500 1520 quod
1526 1412 1681 1490 conlite-

266 1563 369 1622 retur
392 1545 569 1621 lratribus
595 1545 851 1622 sacerdotibus
875 1545 1033 1631 ordinis,
1057 1562 1094 1620 et
1119 1545 1237 1621 credit
1261 1545 1365 1651 quod
1387 1543 1530 1650 ubique
1550 1543 1681 1621 lratres

266 1677 523 1781 reciperentur
540 1674 657 1763 licite,
673 1675 770 1752 sicut
784 1676 961 1781 deposuit
977 1704 1016 1752 se
1030 1675 1143 1752 luisse
1165 1692 1369 1779 receptum.
1393 1674 1623 1751 Elemosinas
1642 1691 1680 1749 et

266 1805 555 1913 hospitalitatem
572 1806 664 1882 vidit
686 1807 953 1883 convenienter
973 1807 1055 1882 fieri
1072 1822 1109 1882 et
1123 1805 1258 1882 servari
1278 1806 1318 1880 in
1337 1805 1513 1882 domibus
1535 1804 1680 1880 ordinis

266 1938 304 2012 in
324 1937 463 2043 quibus
483 1937 604 2013 extitit
621 1953 884 2013 commoratus.
909 1936 1042 2013 Credit
1059 1936 1165 2041 quod
1185 1935 1353 2011 ordinata
1378 1963 1446 2039 per
1461 1935 1678 2042 Magistrum

266 2094 352 2142 cum
368 2081 572 2155 conventu,
594 2065 624 2140 si
637 2063 793 2140 luissent
804 2065 904 2140 bona
919 2081 957 2140 et
970 2063 1085 2154 licita,
1107 2080 1284 2141 servasset
1304 2080 1405 2139 totus
1419 2064 1533 2150 ordo,
1552 2081 1680 2139 contra

267 2224 381 2300 quem
395 2223 499 2271 nunc
511 2194 697 2281 indebite,
714 2211 757 2269 ut
772 2194 901 2284 credit,
928 2194 1082 2301 grandia
1097 2194 1283 2283 scandala,
1301 2194 1462 2299 suspicio
1479 2211 1517 2270 et
1529 2193 1679 2269 infamia

231 2378 236 2387 ,
266 2341 353 2400 sunt
373 2341 509 2401 exorta.
532 2323 684 2400 Audivit
707 2340 832 2399 tamen
858 2323 930 2399 dici
954 2325 1057 2428 quod
1084 2324 1206 2401 dictus
1225 2325 1399 2431 Magister
1419 2341 1457 2400 et
1478 2322 1594 2428 aliqui
1617 2324 1679 2399 alii

266 2453 391 2559 aliqua
402 2454 532 2530 illicita
548 2453 702 2530 luerunt
716 2470 843 2529 contra
860 2452 1033 2528 ordinem
1048 2452 1224 2540 confessi,
1242 2470 1280 2530 et
1294 2453 1413 2530 credit
1424 2454 1529 2559 quod
1542 2453 1681 2531 fuerint
1774 2538 1777 2543 ,

267 2583 437 2671 mentiti3
457 2600 495 2659 et
512 2610 587 2660 non
604 2581 793 2659 obtulerat
807 2608 846 2656 se
865 2581 912 2656 ad
928 2580 1200 2658 deffensionem
1222 2582 1381 2670 ordinis,
1407 2600 1444 2659 et
1465 2611 1542 2660 non
1559 2581 1680 2659 luerat

266 2711 361 2787 ultra
376 2740 490 2789 mare.

322 2843 536 2949 Requisitus
551 2843 580 2919 si
594 2843 647 2920 sic
660 2842 884 2946 deposuerat
899 2869 1024 2946 prece,
1046 2859 1239 2947 precepto,
1257 2843 1562 2933 timore,amore,
1576 2845 1676 2929 odio,

267 2972 322 3047 vel
342 2972 539 3077 temporali
557 2971 718 3048 comodo
738 2970 866 3047 habito
883 2971 942 3047 vel
956 2970 1147 3058 babendo,
1164 2972 1359 3076 respondit
1375 2972 1477 3077 quod
1488 3000 1589 3059 non,
1613 2974 1679 3049 sed

266 3101 510 3205 proteritate
536 3101 712 3187 dicenda;
740 3101 798 3177 cui
823 3099 894 3177 luit
916 3100 1126 3206 injunctum
1152 3103 1255 3207 quod
1281 3130 1356 3178 non
1386 3103 1566 3180 revelaret
1585 3104 1681 3178 hanc

266 3257 371 3308 suam
393 3231 691 3337 deposicionem,
714 3258 912 3337 quousque
930 3231 1189 3308 attestacioncs
1203 3230 1343 3307 fuerint
1358 3231 1557 3337 publicate.

321 3495 449 3569 Frater
467 3495 599 3569 Petrus
618 3492 770 3570 Geraldi
792 3494 840 3569 de
861 3495 1006 3571 Mursac
1030 3494 1210 3585 serviens,
1234 3496 1482 3572 Xantonensis
1504 3495 1677 3585 diocesis,

265 3622 368 3699 testis
383 3650 493 3728 supra
508 3622 671 3729 juratus,
693 3649 802 3701 ravin
824 3650 1009 3699 annorum
1029 3623 1086 3700 vel
1107 3624 1220 3712 circa,
1238 3623 1461 3701 mantellum
1483 3626 1626 3701 ordinis
1644 3644 1681 3700 et
1786 3693 1790 3698 .

266 3751 419 3828 barbam
443 3752 645 3843 defferens,
668 3781 754 3828 cum
778 3781 857 3858 quo
879 3752 1099 3858 inquisitum
1121 3753 1258 3840 luerat,
1280 3754 1475 3830 absolutus
1494 3770 1532 3829 et
1550 3781 1681 3829 recon-

267 3881 411 3958 ciliatus
433 3911 502 3988 per
520 3881 719 3958 dominum
736 3882 953 3987 episcopum
977 3884 1274 3969 Xantonensem,
1297 3883 1402 3960 lectis
1425 3900 1463 3958 et
1482 3883 1682 3990 diligenter

268 4012 443 4115 expositis
463 4011 532 4087 sibi
550 4011 728 4088 omnibus
742 4029 780 4088 et
794 4011 950 4119 singulis
964 4011 1144 4101 articulis,
1166 4013 1359 4117 respondit
1379 4040 1418 4089 se
1434 4011 1594 4098 nescire,
1613 4043 1681 4091 nec

269 4138 438 4226 credere,
461 4167 531 4216 nec
553 4139 735 4216 audivisse
761 4140 835 4216 dici
861 4141 909 4216 de
931 4141 1117 4216 contentis
1140 4141 1179 4214 in
1202 4141 1255 4215 eis
1274 4140 1345 4217 nisi
1367 4141 1471 4246 quod
1490 4144 1680 4249 sequitur:

183 4272 189 4283 ‘
268 4266 361 4343 dixit
382 4295 519 4373 nempe
543 4267 656 4345 fuisse
680 4286 891 4374 receptum,
922 4269 962 4344 in
990 4268 1084 4344 leste
1109 4269 1313 4346 Natiuitatis
1335 4272 1487 4348 Domini
1511 4275 1681 4379 proximo

268 4396 447 4502 preterito
470 4396 623 4474 luerunt
647 4425 724 4474 xnu
750 4398 838 4474 anni
863 4397 923 4473 vel
946 4396 1056 4490 circa,
1081 4397 1119 4473 in
1143 4398 1281 4504 capella
1305 4400 1442 4477 domus
1461 4403 1610 4508 Templi
1625 4406 1682 4480 de

268 4527 472 4632 Enspaneis
491 4527 739 4604 Xantonensis
765 4527 939 4614 diocesis,
961 4555 1028 4632 per
1048 4527 1199 4605 fratrem
1215 4529 1497 4625 Theobaldum,
1522 4533 1681 4610 militem

271 4656 484 4762 quondam,
518 4676 776 4764 preceptorem
805 4676 898 4735 tunc
929 4658 1026 4735 dicte
1053 4659 1206 4750 domus,
1240 4662 1477 4766 presentibus
1508 4662 1684 4743 fratribus

272 4785 378 4863 Helia
397 4787 555 4876 Cosmi,
577 4805 671 4865 teste
690 4790 861 4894 proximo
882 4789 1106 4883 examinato,
1129 4806 1172 4868 ut
1190 4791 1261 4868 sibi
1276 4792 1433 4882 videtur,
1450 4811 1488 4871 et
1500 4793 1685 4901 aliquibus

1488 4951 1536 5009 ²7·
