<?xml version="1.0" encoding="UTF-8"?>
<!DOCTYPE html PUBLIC "-//W3C//DTD XHTML 1.0 Transitional//EN"
    "http://www.w3.org/TR/xhtml1/DTD/xhtml1-transitional.dtd">
<html xmlns="http://www.w3.org/1999/xhtml" xml:lang="en" lang="en">
 <head>
  <title>
</title>
<meta http-equiv="Content-Type" content="text/html;charset=utf-8" />
  <meta name='ocr-system' content='tesseract 3.04.00' />
  <meta name='ocr-capabilities' content='ocr_page ocr_carea ocr_par ocr_line ocrx_word'/>
</head>
<body>
  <div class='ocr_page' id='page_1' title='image "./procsdestemplie01defegoog/procsdestemplie01defegoog_0279.png"; bbox 0 0 4230 5956; ppageno 0'>
   <div class='ocr_carea' id='block_1_1' title="bbox 674 492 1703 591">
    <p class='ocr_par' dir='ltr' id='par_1_1' title="bbox 674 492 1703 591">
     <span class='ocr_line' id='line_1_1' title="bbox 674 492 1703 591; baseline 0.006 -6"><span class='ocrx_word' id='word_1_1' title='bbox 674 492 869 586; x_wconf 79' lang='lat' dir='ltr'><strong>rnochs</strong></span> <span class='ocrx_word' id='word_1_2' title='bbox 899 513 995 587; x_wconf 84' lang='lat' dir='ltr'><strong>nas</strong></span> <span class='ocrx_word' id='word_1_3' title='bbox 1025 514 1325 589; x_wconf 82' lang='lat' dir='ltr'><strong>rsurmsns.</strong></span> <span class='ocrx_word' id='word_1_4' title='bbox 1630 512 1703 591; x_wconf 73' lang='lat' dir='ltr'><strong>ets</strong></span> 
     </span>
    </p>
   </div>
   <div class='ocr_carea' id='block_1_2' title="bbox 295 648 1711 3045">
    <p class='ocr_par' dir='ltr' id='par_1_2' title="bbox 295 648 1711 2407">
     <span class='ocr_line' id='line_1_2' title="bbox 296 648 1705 759; baseline 0.005 -31"><span class='ocrx_word' id='word_1_5' title='bbox 296 666 334 728; x_wconf 89' lang='lat' dir='ltr'><strong>et</strong></span> <span class='ocrx_word' id='word_1_6' title='bbox 347 649 469 728; x_wconf 90' lang='lat' dir='ltr'><strong>dictus</strong></span> <span class='ocrx_word' id='word_1_7' title='bbox 486 651 617 727; x_wconf 85' lang='lat' dir='ltr'><strong>Petrus</strong></span> <span class='ocrx_word' id='word_1_8' title='bbox 640 648 837 743; x_wconf 86' lang='lat' dir='ltr'><strong>Moncelli,</strong></span> <span class='ocrx_word' id='word_1_9' title='bbox 851 651 1038 756; x_wconf 81' lang='lat' dir='ltr'><strong>impositis</strong></span> <span class='ocrx_word' id='word_1_10' title='bbox 1055 653 1258 744; x_wconf 89' lang='lat' dir='ltr'><strong>mantellis,</strong></span> <span class='ocrx_word' id='word_1_11' title='bbox 1275 653 1495 759; x_wconf 86' lang='lat' dir='ltr'><strong>juraverunt</strong></span> <span class='ocrx_word' id='word_1_12' title='bbox 1511 678 1587 731; x_wconf 91' lang='lat' dir='ltr'><strong>non</strong></span> <span class='ocrx_word' id='word_1_13' title='bbox 1600 672 1705 735; x_wconf 80' lang='lat' dir='ltr'><strong>re&#39;ve&#39;-</strong></span> 
     </span>
     <span class='ocr_line' id='line_1_3' title="bbox 295 779 1706 887; baseline 0.005 -32"><span class='ocrx_word' id='word_1_14' title='bbox 295 780 386 870; x_wconf 89' lang='lat' dir='ltr'><strong>lare,</strong></span> <span class='ocrx_word' id='word_1_15' title='bbox 419 779 633 857; x_wconf 89' lang='lat' dir='ltr'><strong>incarcerati</strong></span> <span class='ocrx_word' id='word_1_16' title='bbox 657 779 716 856; x_wconf 86' lang='lat' dir='ltr'><strong>vel</strong></span> <span class='ocrx_word' id='word_1_17' title='bbox 742 780 832 858; x_wconf 80' lang='lat' dir='ltr'><strong>alias</strong></span> <span class='ocrx_word' id='word_1_18' title='bbox 862 781 1021 886; x_wconf 84' lang='lat' dir='ltr'><strong>graviter</strong></span> <span class='ocrx_word' id='word_1_19' title='bbox 1050 782 1173 887; x_wconf 90' lang='lat' dir='ltr'><strong>puniti</strong></span> <span class='ocrx_word' id='word_1_20' title='bbox 1195 780 1371 869; x_wconf 87' lang='lat' dir='ltr'><strong>luissent,</strong></span> <span class='ocrx_word' id='word_1_21' title='bbox 1398 799 1442 858; x_wconf 92' lang='lat' dir='ltr'><strong>ut</strong></span> <span class='ocrx_word' id='word_1_22' title='bbox 1462 782 1591 859; x_wconf 89' lang='lat' dir='ltr'><strong>credit.</strong></span> <span class='ocrx_word' id='word_1_23' title='bbox 1612 783 1706 862; x_wconf 68' lang='lat' dir='ltr'><strong>ahs·-</strong></span> 
     </span>
     <span class='ocr_line' id='line_1_4' title="bbox 296 908 1704 1016; baseline 0.003 -31"><span class='ocrx_word' id='word_1_24' title='bbox 296 936 370 1016; x_wconf 93' lang='lat' dir='ltr'><strong>que</strong></span> <span class='ocrx_word' id='word_1_25' title='bbox 385 908 546 985; x_wconf 62' lang='lat' dir='ltr'><strong>licencia⁴</strong></span> <span class='ocrx_word' id='word_1_26' title='bbox 558 936 635 985; x_wconf 92' lang='lat' dir='ltr'><strong>non</strong></span> <span class='ocrx_word' id='word_1_27' title='bbox 651 926 825 1014; x_wconf 87' lang='lat' dir='ltr'><strong>poterant</strong></span> <span class='ocrx_word' id='word_1_28' title='bbox 839 910 921 987; x_wconf 90' lang='lat' dir='ltr'><strong>aliis</strong></span> <span class='ocrx_word' id='word_1_29' title='bbox 935 938 1048 1016; x_wconf 89' lang='lat' dir='ltr'><strong>quam</strong></span> <span class='ocrx_word' id='word_1_30' title='bbox 1069 912 1326 988; x_wconf 90' lang='lat' dir='ltr'><strong>sacerdotibus</strong></span> <span class='ocrx_word' id='word_1_31' title='bbox 1351 911 1496 987; x_wconf 82' lang='lat' dir='ltr'><strong>ordinis</strong></span> <span class='ocrx_word' id='word_1_32' title='bbox 1514 910 1704 1003; x_wconf 67' lang='lat' dir='ltr'><strong>confiteri,</strong></span> 
     </span>
     <span class='ocr_line' id='line_1_5' title="bbox 295 1037 1706 1147; baseline 0.001 -34"><span class='ocrx_word' id='word_1_33' title='bbox 295 1053 409 1142; x_wconf 90' lang='lat' dir='ltr'><strong>prout</strong></span> <span class='ocrx_word' id='word_1_34' title='bbox 423 1037 564 1114; x_wconf 84' lang='lat' dir='ltr'><strong>audivit</strong></span> <span class='ocrx_word' id='word_1_35' title='bbox 582 1037 668 1115; x_wconf 88' lang='lat' dir='ltr'><strong>dici.</strong></span> <span class='ocrx_word' id='word_1_36' title='bbox 687 1040 833 1116; x_wconf 82' lang='lat' dir='ltr'><strong>Fratres</strong></span> <span class='ocrx_word' id='word_1_37' title='bbox 856 1040 1014 1116; x_wconf 91' lang='lat' dir='ltr'><strong>scientes</strong></span> <span class='ocrx_word' id='word_1_38' title='bbox 1036 1040 1157 1117; x_wconf 89' lang='lat' dir='ltr'><strong>dictos</strong></span> <span class='ocrx_word' id='word_1_39' title='bbox 1178 1066 1321 1117; x_wconf 89' lang='lat' dir='ltr'><strong>errores</strong></span> <span class='ocrx_word' id='word_1_40' title='bbox 1343 1038 1498 1116; x_wconf 86' lang='lat' dir='ltr'><strong>suerunt</strong></span> <span class='ocrx_word' id='word_1_41' title='bbox 1514 1040 1706 1147; x_wconf 60' lang='lat' dir='ltr'><strong>negligens</strong></span> 
     </span>
     <span class='ocr_line' id='line_1_6' title="bbox 296 1166 1707 1272; baseline 0.004 -31"><span class='ocrx_word' id='word_1_42' title='bbox 296 1182 369 1256; x_wconf 89' lang='lat' dir='ltr'><strong>tes,</strong></span> <span class='ocrx_word' id='word_1_43' title='bbox 384 1166 563 1272; x_wconf 78' lang='lat' dir='ltr'><strong>quianon</strong></span> <span class='ocrx_word' id='word_1_44' title='bbox 584 1184 824 1244; x_wconf 80' lang='lat' dir='ltr'><strong>correxerunt</strong></span> <span class='ocrx_word' id='word_1_45' title='bbox 837 1196 902 1245; x_wconf 90' lang='lat' dir='ltr'><strong>eos</strong></span> <span class='ocrx_word' id='word_1_46' title='bbox 916 1196 986 1245; x_wconf 92' lang='lat' dir='ltr'><strong>nec</strong></span> <span class='ocrx_word' id='word_1_47' title='bbox 1003 1169 1320 1245; x_wconf 87' lang='lat' dir='ltr'><strong>denunciaverunt</strong></span> <span class='ocrx_word' id='word_1_48' title='bbox 1329 1167 1506 1244; x_wconf 81' lang='lat' dir='ltr'><strong>Ecclesie.</strong></span> <span class='ocrx_word' id='word_1_49' title='bbox 1525 1168 1707 1247; x_wconf 82' lang='lat' dir='ltr'><strong>Elemos&#39;l-</strong></span> 
     </span>
     <span class='ocr_line' id='line_1_7' title="bbox 297 1295 1708 1401; baseline 0.006 -32"><span class='ocrx_word' id='word_1_50' title='bbox 297 1319 384 1370; x_wconf 91' lang='lat' dir='ltr'><strong>nam</strong></span> <span class='ocrx_word' id='word_1_51' title='bbox 399 1311 437 1372; x_wconf 84' lang='lat' dir='ltr'><strong>et</strong></span> <span class='ocrx_word' id='word_1_52' title='bbox 453 1295 744 1401; x_wconf 69' lang='lat' dir='ltr'><strong>hospitalitatem</strong></span> <span class='ocrx_word' id='word_1_53' title='bbox 764 1297 858 1376; x_wconf 87' lang='lat' dir='ltr'><strong>vidit</strong></span> <span class='ocrx_word' id='word_1_54' title='bbox 877 1299 1140 1375; x_wconf 87' lang='lat' dir='ltr'><strong>convenienter</strong></span> <span class='ocrx_word' id='word_1_55' title='bbox 1158 1299 1240 1374; x_wconf 87' lang='lat' dir='ltr'><strong>lieri</strong></span> <span class='ocrx_word' id='word_1_56' title='bbox 1260 1313 1299 1374; x_wconf 89' lang='lat' dir='ltr'><strong>et</strong></span> <span class='ocrx_word' id='word_1_57' title='bbox 1316 1298 1450 1375; x_wconf 86' lang='lat' dir='ltr'><strong>servari</strong></span> <span class='ocrx_word' id='word_1_58' title='bbox 1470 1297 1510 1374; x_wconf 88' lang='lat' dir='ltr'><strong>in</strong></span> <span class='ocrx_word' id='word_1_59' title='bbox 1530 1297 1708 1378; x_wconf 82' lang='lat' dir='ltr'><strong>domibus</strong></span> 
     </span>
     <span class='ocr_line' id='line_1_8' title="bbox 298 1422 1708 1532; baseline 0.005 -34"><span class='ocrx_word' id='word_1_60' title='bbox 298 1422 440 1500; x_wconf 84' lang='lat' dir='ltr'><strong>ordinis</strong></span> <span class='ocrx_word' id='word_1_61' title='bbox 463 1423 502 1499; x_wconf 95' lang='lat' dir='ltr'><strong>in</strong></span> <span class='ocrx_word' id='word_1_62' title='bbox 525 1424 664 1528; x_wconf 89' lang='lat' dir='ltr'><strong>quibus</strong></span> <span class='ocrx_word' id='word_1_63' title='bbox 689 1425 828 1502; x_wconf 83' lang='lat' dir='ltr'><strong>exstitit</strong></span> <span class='ocrx_word' id='word_1_64' title='bbox 851 1442 1113 1503; x_wconf 88' lang='lat' dir='ltr'><strong>commoratus.</strong></span> <span class='ocrx_word' id='word_1_65' title='bbox 1136 1426 1416 1530; x_wconf 88' lang='lat' dir='ltr'><strong>Precipiebatur</strong></span> <span class='ocrx_word' id='word_1_66' title='bbox 1444 1424 1497 1502; x_wconf 91' lang='lat' dir='ltr'><strong>eis</strong></span> <span class='ocrx_word' id='word_1_67' title='bbox 1516 1426 1708 1532; x_wconf 85' lang='lat' dir='ltr'><strong>quodde·</strong></span> 
     </span>
     <span class='ocr_line' id='line_1_9' title="bbox 296 1549 1706 1660; baseline 0.005 -35"><span class='ocrx_word' id='word_1_68' title='bbox 296 1549 375 1626; x_wconf 86' lang='lat' dir='ltr'><strong>bite</strong></span> <span class='ocrx_word' id='word_1_69' title='bbox 398 1551 635 1656; x_wconf 78' lang='lat' dir='ltr'><strong>acquirerent</strong></span> <span class='ocrx_word' id='word_1_70' title='bbox 654 1553 795 1641; x_wconf 89' lang='lat' dir='ltr'><strong>ordini,</strong></span> <span class='ocrx_word' id='word_1_71' title='bbox 817 1569 855 1629; x_wconf 89' lang='lat' dir='ltr'><strong>et</strong></span> <span class='ocrx_word' id='word_1_72' title='bbox 877 1554 1017 1630; x_wconf 84' lang='lat' dir='ltr'><strong>audivit</strong></span> <span class='ocrx_word' id='word_1_73' title='bbox 1037 1554 1109 1630; x_wconf 90' lang='lat' dir='ltr'><strong>dici</strong></span> <span class='ocrx_word' id='word_1_74' title='bbox 1136 1556 1243 1660; x_wconf 90' lang='lat' dir='ltr'><strong>quod</strong></span> <span class='ocrx_word' id='word_1_75' title='bbox 1262 1581 1393 1631; x_wconf 90' lang='lat' dir='ltr'><strong>eorum</strong></span> <span class='ocrx_word' id='word_1_76' title='bbox 1415 1554 1588 1658; x_wconf 81' lang='lat' dir='ltr'><strong>capitulis</strong></span> <span class='ocrx_word' id='word_1_77' title='bbox 1612 1555 1706 1632; x_wconf 71' lang='lat' dir='ltr'><strong>olam</strong></span> 
     </span>
     <span class='ocr_line' id='line_1_10' title="bbox 296 1677 1708 1788; baseline 0.004 -34"><span class='ocrx_word' id='word_1_78' title='bbox 296 1677 534 1766; x_wconf 89' lang='lat' dir='ltr'><strong>tenebantur,</strong></span> <span class='ocrx_word' id='word_1_79' title='bbox 564 1679 680 1757; x_wconf 91' lang='lat' dir='ltr'><strong>nullis</strong></span> <span class='ocrx_word' id='word_1_80' title='bbox 701 1682 938 1786; x_wconf 87' lang='lat' dir='ltr'><strong>presentibus</strong></span> <span class='ocrx_word' id='word_1_81' title='bbox 966 1684 1038 1760; x_wconf 92' lang='lat' dir='ltr'><strong>nisi</strong></span> <span class='ocrx_word' id='word_1_82' title='bbox 1062 1683 1238 1760; x_wconf 87' lang='lat' dir='ltr'><strong>fratribus</strong></span> <span class='ocrx_word' id='word_1_83' title='bbox 1259 1683 1413 1760; x_wconf 89' lang='lat' dir='ltr'><strong>ordinis.</strong></span> <span class='ocrx_word' id='word_1_84' title='bbox 1437 1681 1618 1760; x_wconf 78' lang='lat' dir='ltr'><strong>ordinata</strong></span> <span class='ocrx_word' id='word_1_85' title='bbox 1638 1706 1708 1788; x_wconf 86' lang='lat' dir='ltr'><strong>per</strong></span> 
     </span>
     <span class='ocr_line' id='line_1_11' title="bbox 296 1808 1707 1915; baseline 0.002 -31"><span class='ocrx_word' id='word_1_86' title='bbox 296 1808 515 1914; x_wconf 83' lang='lat' dir='ltr'><strong>Magistrum</strong></span> <span class='ocrx_word' id='word_1_87' title='bbox 540 1834 626 1884; x_wconf 89' lang='lat' dir='ltr'><strong>cum</strong></span> <span class='ocrx_word' id='word_1_88' title='bbox 652 1826 838 1886; x_wconf 81' lang='lat' dir='ltr'><strong>conventu</strong></span> <span class='ocrx_word' id='word_1_89' title='bbox 858 1828 1035 1889; x_wconf 86' lang='lat' dir='ltr'><strong>servasset</strong></span> <span class='ocrx_word' id='word_1_90' title='bbox 1057 1827 1159 1888; x_wconf 90' lang='lat' dir='ltr'><strong>totus</strong></span> <span class='ocrx_word' id='word_1_91' title='bbox 1183 1811 1293 1899; x_wconf 92' lang='lat' dir='ltr'><strong>ordo,</strong></span> <span class='ocrx_word' id='word_1_92' title='bbox 1326 1825 1454 1886; x_wconf 85' lang='lat' dir='ltr'><strong>contra</strong></span> <span class='ocrx_word' id='word_1_93' title='bbox 1479 1836 1596 1914; x_wconf 92' lang='lat' dir='ltr'><strong>quem</strong></span> <span class='ocrx_word' id='word_1_94' title='bbox 1618 1832 1707 1915; x_wconf 61' lang='lat' dir='ltr'><strong>pro*</strong></span> 
     </span>
     <span class='ocr_line' id='line_1_12' title="bbox 297 1936 1705 2042; baseline 0.002 -30"><span class='ocrx_word' id='word_1_95' title='bbox 297 1952 382 2041; x_wconf 89' lang='lat' dir='ltr'><strong>pter</strong></span> <span class='ocrx_word' id='word_1_96' title='bbox 393 1937 559 2040; x_wconf 77' lang='lat' dir='ltr'><strong>predicta</strong></span> <span class='ocrx_word' id='word_1_97' title='bbox 571 1963 675 2013; x_wconf 91' lang='lat' dir='ltr'><strong>nunc</strong></span> <span class='ocrx_word' id='word_1_98' title='bbox 689 1938 841 2042; x_wconf 78' lang='lat' dir='ltr'><strong>grandia</strong></span> <span class='ocrx_word' id='word_1_99' title='bbox 856 1938 1043 2025; x_wconf 80' lang='lat' dir='ltr'><strong>scandala,</strong></span> <span class='ocrx_word' id='word_1_100' title='bbox 1062 1939 1223 2042; x_wconf 91' lang='lat' dir='ltr'><strong>suspicio</strong></span> <span class='ocrx_word' id='word_1_101' title='bbox 1244 1953 1282 2013; x_wconf 93' lang='lat' dir='ltr'><strong>et</strong></span> <span class='ocrx_word' id='word_1_102' title='bbox 1296 1936 1447 2012; x_wconf 74' lang='lat' dir='ltr'><strong>infamia</strong></span> <span class='ocrx_word' id='word_1_103' title='bbox 1463 1951 1552 2012; x_wconf 90' lang='lat' dir='ltr'><strong>sunt</strong></span> <span class='ocrx_word' id='word_1_104' title='bbox 1567 1955 1705 2015; x_wconf 57' lang='lat' dir='ltr'><strong>exortas</strong></span> 
     </span>
     <span class='ocr_line' id='line_1_13' title="bbox 298 2060 1708 2170; baseline 0.002 -31"><span class='ocrx_word' id='word_1_105' title='bbox 298 2060 429 2139; x_wconf 87' lang='lat' dir='ltr'><strong>Credit</strong></span> <span class='ocrx_word' id='word_1_106' title='bbox 447 2064 552 2167; x_wconf 92' lang='lat' dir='ltr'><strong>quod</strong></span> <span class='ocrx_word' id='word_1_107' title='bbox 571 2064 700 2139; x_wconf 86' lang='lat' dir='ltr'><strong>illicita</strong></span> <span class='ocrx_word' id='word_1_108' title='bbox 725 2063 929 2141; x_wconf 83' lang='lat' dir='ltr'><strong>confessata</strong></span> <span class='ocrx_word' id='word_1_109' title='bbox 948 2093 1016 2170; x_wconf 88' lang='lat' dir='ltr'><strong>per</strong></span> <span class='ocrx_word' id='word_1_110' title='bbox 1044 2093 1133 2141; x_wconf 90' lang='lat' dir='ltr'><strong>eum</strong></span> <span class='ocrx_word' id='word_1_111' title='bbox 1165 2082 1289 2141; x_wconf 84' lang='lat' dir='ltr'><strong>essent</strong></span> <span class='ocrx_word' id='word_1_112' title='bbox 1307 2080 1396 2140; x_wconf 86' lang='lat' dir='ltr'><strong>nota</strong></span> <span class='ocrx_word' id='word_1_113' title='bbox 1412 2062 1587 2141; x_wconf 82' lang='lat' dir='ltr'><strong>fratribus</strong></span> <span class='ocrx_word' id='word_1_114' title='bbox 1605 2065 1708 2142; x_wconf 87' lang='lat' dir='ltr'><strong>ordi·</strong></span> 
     </span>
     <span class='ocr_line' id='line_1_14' title="bbox 299 2189 1711 2296; baseline 0.004 -30"><span class='ocrx_word' id='word_1_115' title='bbox 299 2189 375 2277; x_wconf 87' lang='lat' dir='ltr'><strong>nis,</strong></span> <span class='ocrx_word' id='word_1_116' title='bbox 397 2205 436 2265; x_wconf 91' lang='lat' dir='ltr'><strong>et</strong></span> <span class='ocrx_word' id='word_1_117' title='bbox 449 2190 558 2293; x_wconf 50' lang='lat' dir='ltr'><strong>„quod</strong></span> <span class='ocrx_word' id='word_1_118' title='bbox 578 2191 753 2296; x_wconf 85' lang='lat' dir='ltr'><strong>Magister</strong></span> <span class='ocrx_word' id='word_1_119' title='bbox 774 2208 811 2267; x_wconf 90' lang='lat' dir='ltr'><strong>et</strong></span> <span class='ocrx_word' id='word_1_120' title='bbox 835 2190 897 2267; x_wconf 88' lang='lat' dir='ltr'><strong>alii</strong></span> <span class='ocrx_word' id='word_1_121' title='bbox 918 2192 1051 2269; x_wconf 87' lang='lat' dir='ltr'><strong>eadem</strong></span> <span class='ocrx_word' id='word_1_122' title='bbox 1072 2193 1147 2269; x_wconf 89' lang='lat' dir='ltr'><strong>sint</strong></span> <span class='ocrx_word' id='word_1_123' title='bbox 1166 2193 1334 2270; x_wconf 81' lang='lat' dir='ltr'><strong>confessi.</strong></span> <span class='ocrx_word' id='word_1_124' title='bbox 1361 2193 1443 2268; x_wconf 88' lang='lat' dir='ltr'><strong>Non</strong></span> <span class='ocrx_word' id='word_1_125' title='bbox 1463 2190 1652 2270; x_wconf 88' lang='lat' dir='ltr'><strong>obtulerat</strong></span> <span class='ocrx_word' id='word_1_126' title='bbox 1669 2218 1711 2271; x_wconf 83' lang='lat' dir='ltr'><strong>se</strong></span> 
     </span>
     <span class='ocr_line' id='line_1_15' title="bbox 299 2316 1288 2407; baseline 0 -13"><span class='ocrx_word' id='word_1_127' title='bbox 299 2318 346 2394; x_wconf 87' lang='lat' dir='ltr'><strong>ad</strong></span> <span class='ocrx_word' id='word_1_128' title='bbox 367 2317 638 2394; x_wconf 86' lang='lat' dir='ltr'><strong>deffensionem</strong></span> <span class='ocrx_word' id='word_1_129' title='bbox 657 2316 815 2407; x_wconf 88' lang='lat' dir='ltr'><strong>ordinis,</strong></span> <span class='ocrx_word' id='word_1_130' title='bbox 834 2346 903 2395; x_wconf 89' lang='lat' dir='ltr'><strong>nec</strong></span> <span class='ocrx_word' id='word_1_131' title='bbox 916 2319 1037 2396; x_wconf 84' lang='lat' dir='ltr'><strong>suerat</strong></span> <span class='ocrx_word' id='word_1_132' title='bbox 1056 2320 1153 2396; x_wconf 90' lang='lat' dir='ltr'><strong>ultra</strong></span> <span class='ocrx_word' id='word_1_133' title='bbox 1174 2346 1288 2396; x_wconf 86' lang='lat' dir='ltr'><strong>mare.</strong></span> 
     </span>
    </p>

    <p class='ocr_par' dir='ltr' id='par_1_3' title="bbox 299 2444 1710 3045">
     <span class='ocr_line' id='line_1_16' title="bbox 354 2444 1705 2552; baseline 0.003 -29"><span class='ocrx_word' id='word_1_134' title='bbox 354 2446 570 2551; x_wconf 81' lang='lat' dir='ltr'><strong>Requisitus</strong></span> <span class='ocrx_word' id='word_1_135' title='bbox 603 2444 713 2522; x_wconf 92' lang='lat' dir='ltr'><strong>sisic</strong></span> <span class='ocrx_word' id='word_1_136' title='bbox 741 2444 966 2550; x_wconf 87' lang='lat' dir='ltr'><strong>deposuerat</strong></span> <span class='ocrx_word' id='word_1_137' title='bbox 996 2473 1123 2552; x_wconf 89' lang='lat' dir='ltr'><strong>prece,</strong></span> <span class='ocrx_word' id='word_1_138' title='bbox 1157 2463 1350 2552; x_wconf 88' lang='lat' dir='ltr'><strong>precepto,</strong></span> <span class='ocrx_word' id='word_1_139' title='bbox 1378 2445 1531 2535; x_wconf 89' lang='lat' dir='ltr'><strong>timore,</strong></span> <span class='ocrx_word' id='word_1_140' title='bbox 1562 2470 1705 2539; x_wconf 81' lang='lat' dir='ltr'><strong>amoro,</strong></span> 
     </span>
     <span class='ocr_line' id='line_1_17' title="bbox 300 2572 1708 2682; baseline 0.002 -31"><span class='ocrx_word' id='word_1_141' title='bbox 300 2574 408 2663; x_wconf 88' lang='lat' dir='ltr'><strong>odio,</strong></span> <span class='ocrx_word' id='word_1_142' title='bbox 436 2572 494 2652; x_wconf 89' lang='lat' dir='ltr'><strong>vel</strong></span> <span class='ocrx_word' id='word_1_143' title='bbox 519 2572 716 2677; x_wconf 83' lang='lat' dir='ltr'><strong>temporali</strong></span> <span class='ocrx_word' id='word_1_144' title='bbox 739 2574 901 2650; x_wconf 90' lang='lat' dir='ltr'><strong>comodo</strong></span> <span class='ocrx_word' id='word_1_145' title='bbox 927 2574 1056 2652; x_wconf 77' lang='lat' dir='ltr'><strong>habito</strong></span> <span class='ocrx_word' id='word_1_146' title='bbox 1087 2573 1145 2650; x_wconf 91' lang='lat' dir='ltr'><strong>vel</strong></span> <span class='ocrx_word' id='word_1_147' title='bbox 1169 2574 1360 2662; x_wconf 81' lang='lat' dir='ltr'><strong>habendo,</strong></span> <span class='ocrx_word' id='word_1_148' title='bbox 1387 2575 1581 2679; x_wconf 88' lang='lat' dir='ltr'><strong>respondit</strong></span> <span class='ocrx_word' id='word_1_149' title='bbox 1604 2577 1708 2682; x_wconf 91' lang='lat' dir='ltr'><strong>quod</strong></span> 
     </span>
     <span class='ocr_line' id='line_1_18' title="bbox 299 2702 1709 2810; baseline 0.001 -30"><span class='ocrx_word' id='word_1_150' title='bbox 299 2729 397 2792; x_wconf 90' lang='lat' dir='ltr'><strong>non,</strong></span> <span class='ocrx_word' id='word_1_151' title='bbox 423 2702 491 2780; x_wconf 88' lang='lat' dir='ltr'><strong>sed</strong></span> <span class='ocrx_word' id='word_1_152' title='bbox 513 2731 582 2808; x_wconf 94' lang='lat' dir='ltr'><strong>pro</strong></span> <span class='ocrx_word' id='word_1_153' title='bbox 598 2703 752 2779; x_wconf 85' lang='lat' dir='ltr'><strong>veritate</strong></span> <span class='ocrx_word' id='word_1_154' title='bbox 770 2703 946 2794; x_wconf 77' lang='lat' dir='ltr'><strong>dicenda3</strong></span> <span class='ocrx_word' id='word_1_155' title='bbox 973 2704 1033 2780; x_wconf 89' lang='lat' dir='ltr'><strong>cui</strong></span> <span class='ocrx_word' id='word_1_156' title='bbox 1053 2703 1125 2780; x_wconf 86' lang='lat' dir='ltr'><strong>luit</strong></span> <span class='ocrx_word' id='word_1_157' title='bbox 1143 2704 1353 2810; x_wconf 89' lang='lat' dir='ltr'><strong>injunctum</strong></span> <span class='ocrx_word' id='word_1_158' title='bbox 1384 2703 1489 2808; x_wconf 88' lang='lat' dir='ltr'><strong>quod</strong></span> <span class='ocrx_word' id='word_1_159' title='bbox 1506 2731 1584 2780; x_wconf 92' lang='lat' dir='ltr'><strong>non</strong></span> <span class='ocrx_word' id='word_1_160' title='bbox 1607 2730 1709 2782; x_wconf 76' lang='lat' dir='ltr'><strong>rere·</strong></span> 
     </span>
     <span class='ocr_line' id='line_1_19' title="bbox 300 2831 1710 2941; baseline -0.004 -26"><span class='ocrx_word' id='word_1_161' title='bbox 300 2838 393 2915; x_wconf 91' lang='lat' dir='ltr'><strong>laret</strong></span> <span class='ocrx_word' id='word_1_162' title='bbox 410 2841 508 2915; x_wconf 82' lang='lat' dir='ltr'><strong>hanc</strong></span> <span class='ocrx_word' id='word_1_163' title='bbox 537 2862 643 2914; x_wconf 90' lang='lat' dir='ltr'><strong>suam</strong></span> <span class='ocrx_word' id='word_1_164' title='bbox 663 2836 960 2941; x_wconf 71' lang='lat' dir='ltr'><strong>depositionem,</strong></span> <span class='ocrx_word' id='word_1_165' title='bbox 984 2860 1183 2940; x_wconf 88' lang='lat' dir='ltr'><strong>quousque</strong></span> <span class='ocrx_word' id='word_1_166' title='bbox 1205 2833 1462 2911; x_wconf 87' lang='lat' dir='ltr'><strong>attestaciones</strong></span> <span class='ocrx_word' id='word_1_167' title='bbox 1481 2831 1622 2908; x_wconf 71' lang='lat' dir='ltr'><strong>fiterint</strong></span> <span class='ocrx_word' id='word_1_168' title='bbox 1640 2858 1710 2939; x_wconf 89' lang='lat' dir='ltr'><strong>pu·</strong></span> 
     </span>
     <span class='ocr_line' id='line_1_20' title="bbox 299 2967 445 3045; baseline 0.007 -2"><span class='ocrx_word' id='word_1_169' title='bbox 299 2967 445 3045; x_wconf 82' lang='lat' dir='ltr'><strong>hlicste.</strong></span> 
     </span>
    </p>
   </div>
   <div class='ocr_carea' id='block_1_3' title="bbox 298 3220 1714 4753">
    <p class='ocr_par' dir='ltr' id='par_1_4' title="bbox 298 3220 1714 4753">
     <span class='ocr_line' id='line_1_21' title="bbox 354 3220 1708 3334; baseline 0.001 -29"><span class='ocrx_word' id='word_1_170' title='bbox 354 3229 484 3306; x_wconf 86' lang='lat' dir='ltr'><strong>Frater</strong></span> <span class='ocrx_word' id='word_1_171' title='bbox 508 3226 722 3334; x_wconf 83' lang='lat' dir='ltr'><strong>Stephanus</strong></span> <span class='ocrx_word' id='word_1_172' title='bbox 745 3228 793 3306; x_wconf 92' lang='lat' dir='ltr'><strong>de</strong></span> <span class='ocrx_word' id='word_1_173' title='bbox 815 3225 978 3307; x_wconf 88' lang='lat' dir='ltr'><strong>Cellario</strong></span> <span class='ocrx_word' id='word_1_174' title='bbox 997 3226 1177 3317; x_wconf 77' lang='lat' dir='ltr'><strong>seruiens,</strong></span> <span class='ocrx_word' id='word_1_175' title='bbox 1200 3220 1516 3305; x_wconf 75' lang='lat' dir='ltr'><strong>Clsmmontansis</strong></span> <span class='ocrx_word' id='word_1_176' title='bbox 1531 3223 1708 3319; x_wconf 78' lang='lat' dir='ltr'><strong>diocesis,</strong></span> 
     </span>
     <span class='ocr_line' id='line_1_22' title="bbox 298 3355 1712 3464; baseline 0.001 -30"><span class='ocrx_word' id='word_1_177' title='bbox 298 3358 406 3434; x_wconf 84' lang='lat' dir='ltr'><strong>testis</strong></span> <span class='ocrx_word' id='word_1_178' title='bbox 415 3386 527 3463; x_wconf 89' lang='lat' dir='ltr'><strong>supra</strong></span> <span class='ocrx_word' id='word_1_179' title='bbox 542 3357 705 3464; x_wconf 88' lang='lat' dir='ltr'><strong>juratus,</strong></span> <span class='ocrx_word' id='word_1_180' title='bbox 727 3381 796 3436; x_wconf 78' lang='lat' dir='ltr'><strong>xnv</strong></span> <span class='ocrx_word' id='word_1_181' title='bbox 824 3386 1008 3436; x_wconf 88' lang='lat' dir='ltr'><strong>annorum</strong></span> <span class='ocrx_word' id='word_1_182' title='bbox 1029 3358 1088 3434; x_wconf 82' lang='lat' dir='ltr'><strong>vel</strong></span> <span class='ocrx_word' id='word_1_183' title='bbox 1113 3355 1226 3447; x_wconf 81' lang='lat' dir='ltr'><strong>circe,</strong></span> <span class='ocrx_word' id='word_1_184' title='bbox 1248 3358 1314 3463; x_wconf 93' lang='lat' dir='ltr'><strong>qui</strong></span> <span class='ocrx_word' id='word_1_185' title='bbox 1340 3356 1562 3434; x_wconf 86' lang='lat' dir='ltr'><strong>mantellum</strong></span> <span class='ocrx_word' id='word_1_186' title='bbox 1577 3358 1712 3436; x_wconf 62' lang='lat' dir='ltr'><strong>votus</strong></span> 
     </span>
     <span class='ocr_line' id='line_1_23' title="bbox 300 3486 1711 3592; baseline 0.001 -30"><span class='ocrx_word' id='word_1_187' title='bbox 300 3487 394 3563; x_wconf 78' lang='lat' dir='ltr'><strong>taric</strong></span> <span class='ocrx_word' id='word_1_188' title='bbox 429 3486 620 3564; x_wconf 87' lang='lat' dir='ltr'><strong>dimiserat</strong></span> <span class='ocrx_word' id='word_1_189' title='bbox 643 3503 681 3563; x_wconf 89' lang='lat' dir='ltr'><strong>et</strong></span> <span class='ocrx_word' id='word_1_190' title='bbox 704 3487 785 3564; x_wconf 89' lang='lat' dir='ltr'><strong>radi</strong></span> <span class='ocrx_word' id='word_1_191' title='bbox 812 3486 951 3564; x_wconf 86' lang='lat' dir='ltr'><strong>fecerat</strong></span> <span class='ocrx_word' id='word_1_192' title='bbox 975 3486 1044 3564; x_wconf 91' lang='lat' dir='ltr'><strong>sibi</strong></span> <span class='ocrx_word' id='word_1_193' title='bbox 1069 3487 1241 3577; x_wconf 87' lang='lat' dir='ltr'><strong>barbam,</strong></span> <span class='ocrx_word' id='word_1_194' title='bbox 1270 3516 1356 3563; x_wconf 92' lang='lat' dir='ltr'><strong>cum</strong></span> <span class='ocrx_word' id='word_1_195' title='bbox 1384 3514 1470 3592; x_wconf 90' lang='lat' dir='ltr'><strong>quo·</strong></span> <span class='ocrx_word' id='word_1_196' title='bbox 1487 3487 1711 3591; x_wconf 78' lang='lat' dir='ltr'><strong>inquisitum</strong></span> 
     </span>
     <span class='ocr_line' id='line_1_24' title="bbox 302 3614 1713 3721; baseline -0.001 -29"><span class='ocrx_word' id='word_1_197' title='bbox 302 3615 442 3705; x_wconf 87' lang='lat' dir='ltr'><strong>fuerat,</strong></span> <span class='ocrx_word' id='word_1_198' title='bbox 464 3616 658 3694; x_wconf 85' lang='lat' dir='ltr'><strong>absolutus</strong></span> <span class='ocrx_word' id='word_1_199' title='bbox 685 3632 722 3693; x_wconf 88' lang='lat' dir='ltr'><strong>et</strong></span> <span class='ocrx_word' id='word_1_200' title='bbox 742 3616 1004 3694; x_wconf 88' lang='lat' dir='ltr'><strong>reconciliatus</strong></span> <span class='ocrx_word' id='word_1_201' title='bbox 1029 3643 1097 3721; x_wconf 88' lang='lat' dir='ltr'><strong>per</strong></span> <span class='ocrx_word' id='word_1_202' title='bbox 1123 3616 1322 3693; x_wconf 91' lang='lat' dir='ltr'><strong>dominum</strong></span> <span class='ocrx_word' id='word_1_203' title='bbox 1345 3615 1561 3720; x_wconf 89' lang='lat' dir='ltr'><strong>episcopum</strong></span> <span class='ocrx_word' id='word_1_204' title='bbox 1587 3614 1713 3691; x_wconf 67' lang='lat' dir='ltr'><strong>Clare⁴</strong></span> 
     </span>
     <span class='ocr_line' id='line_1_25' title="bbox 302 3740 1711 3851; baseline -0.004 -30"><span class='ocrx_word' id='word_1_205' title='bbox 302 3761 557 3835; x_wconf 88' lang='lat' dir='ltr'><strong>montensem,</strong></span> <span class='ocrx_word' id='word_1_206' title='bbox 585 3745 689 3822; x_wconf 91' lang='lat' dir='ltr'><strong>lectis</strong></span> <span class='ocrx_word' id='word_1_207' title='bbox 714 3761 752 3821; x_wconf 86' lang='lat' dir='ltr'><strong>et</strong></span> <span class='ocrx_word' id='word_1_208' title='bbox 778 3745 978 3851; x_wconf 89' lang='lat' dir='ltr'><strong>diligenter</strong></span> <span class='ocrx_word' id='word_1_209' title='bbox 997 3743 1172 3848; x_wconf 83' lang='lat' dir='ltr'><strong>expositis</strong></span> <span class='ocrx_word' id='word_1_210' title='bbox 1200 3743 1270 3821; x_wconf 91' lang='lat' dir='ltr'><strong>sibi</strong></span> <span class='ocrx_word' id='word_1_211' title='bbox 1296 3743 1474 3819; x_wconf 88' lang='lat' dir='ltr'><strong>omnibus</strong></span> <span class='ocrx_word' id='word_1_212' title='bbox 1498 3760 1535 3818; x_wconf 87' lang='lat' dir='ltr'><strong>et</strong></span> <span class='ocrx_word' id='word_1_213' title='bbox 1554 3740 1711 3848; x_wconf 73' lang='lat' dir='ltr'><strong>singilis</strong></span> 
     </span>
     <span class='ocr_line' id='line_1_26' title="bbox 301 3869 1712 3981; baseline -0.003 -30"><span class='ocrx_word' id='word_1_214' title='bbox 301 3875 484 3964; x_wconf 86' lang='lat' dir='ltr'><strong>articulis,</strong></span> <span class='ocrx_word' id='word_1_215' title='bbox 510 3875 704 3981; x_wconf 88' lang='lat' dir='ltr'><strong>respondit</strong></span> <span class='ocrx_word' id='word_1_216' title='bbox 727 3903 766 3952; x_wconf 87' lang='lat' dir='ltr'><strong>se</strong></span> <span class='ocrx_word' id='word_1_217' title='bbox 790 3875 951 3962; x_wconf 88' lang='lat' dir='ltr'><strong>nescire,</strong></span> <span class='ocrx_word' id='word_1_218' title='bbox 975 3901 1045 3949; x_wconf 90' lang='lat' dir='ltr'><strong>nec</strong></span> <span class='ocrx_word' id='word_1_219' title='bbox 1068 3872 1240 3961; x_wconf 88' lang='lat' dir='ltr'><strong>credere,</strong></span> <span class='ocrx_word' id='word_1_220' title='bbox 1261 3898 1330 3947; x_wconf 89' lang='lat' dir='ltr'><strong>nec</strong></span> <span class='ocrx_word' id='word_1_221' title='bbox 1352 3870 1536 3947; x_wconf 84' lang='lat' dir='ltr'><strong>audivisse</strong></span> <span class='ocrx_word' id='word_1_222' title='bbox 1561 3869 1634 3946; x_wconf 89' lang='lat' dir='ltr'><strong>dici</strong></span> <span class='ocrx_word' id='word_1_223' title='bbox 1648 3870 1712 3947; x_wconf 55' lang='lat' dir='ltr'><strong>“ds</strong></span> 
     </span>
     <span class='ocr_line' id='line_1_27' title="bbox 302 3997 1713 4107; baseline -0.001 -29"><span class='ocrx_word' id='word_1_224' title='bbox 302 4005 487 4080; x_wconf 88' lang='lat' dir='ltr'><strong>contentis</strong></span> <span class='ocrx_word' id='word_1_225' title='bbox 510 4004 549 4079; x_wconf 93' lang='lat' dir='ltr'><strong>in</strong></span> <span class='ocrx_word' id='word_1_226' title='bbox 575 4004 628 4080; x_wconf 90' lang='lat' dir='ltr'><strong>eis</strong></span> <span class='ocrx_word' id='word_1_227' title='bbox 651 4004 721 4080; x_wconf 94' lang='lat' dir='ltr'><strong>nisi</strong></span> <span class='ocrx_word' id='word_1_228' title='bbox 747 4001 852 4107; x_wconf 89' lang='lat' dir='ltr'><strong>quod</strong></span> <span class='ocrx_word' id='word_1_229' title='bbox 874 4003 1045 4107; x_wconf 86' lang='lat' dir='ltr'><strong>sequitur</strong></span> <span class='ocrx_word' id='word_1_230' title='bbox 1065 4030 1075 4075; x_wconf 78' lang='lat' dir='ltr'><strong>t</strong></span> <span class='ocrx_word' id='word_1_231' title='bbox 1099 3999 1273 4076; x_wconf 85' lang='lat' dir='ltr'><strong>videlieet</strong></span> <span class='ocrx_word' id='word_1_232' title='bbox 1296 3998 1401 4104; x_wconf 89' lang='lat' dir='ltr'><strong>quod</strong></span> <span class='ocrx_word' id='word_1_233' title='bbox 1418 3997 1567 4075; x_wconf 84' lang='lat' dir='ltr'><strong>volebat</strong></span> <span class='ocrx_word' id='word_1_234' title='bbox 1590 4024 1629 4075; x_wconf 87' lang='lat' dir='ltr'><strong>se</strong></span> <span class='ocrx_word' id='word_1_235' title='bbox 1652 4015 1713 4076; x_wconf 73' lang='lat' dir='ltr'><strong>te·</strong></span> 
     </span>
     <span class='ocr_line' id='line_1_28' title="bbox 301 4124 1713 4236; baseline 0 -32"><span class='ocrx_word' id='word_1_236' title='bbox 301 4154 393 4206; x_wconf 90' lang='lat' dir='ltr'><strong>nere</strong></span> <span class='ocrx_word' id='word_1_237' title='bbox 415 4131 455 4206; x_wconf 94' lang='lat' dir='ltr'><strong>in</strong></span> <span class='ocrx_word' id='word_1_238' title='bbox 480 4131 714 4208; x_wconf 82' lang='lat' dir='ltr'><strong>consessione</strong></span> <span class='ocrx_word' id='word_1_239' title='bbox 739 4159 808 4236; x_wconf 91' lang='lat' dir='ltr'><strong>per</strong></span> <span class='ocrx_word' id='word_1_240' title='bbox 836 4158 923 4207; x_wconf 91' lang='lat' dir='ltr'><strong>eum</strong></span> <span class='ocrx_word' id='word_1_241' title='bbox 950 4129 1042 4206; x_wconf 84' lang='lat' dir='ltr'><strong>lacta</strong></span> <span class='ocrx_word' id='word_1_242' title='bbox 1072 4156 1196 4204; x_wconf 86' lang='lat' dir='ltr'><strong>coram</strong></span> <span class='ocrx_word' id='word_1_243' title='bbox 1226 4124 1327 4202; x_wconf 88' lang='lat' dir='ltr'><strong>dicto</strong></span> <span class='ocrx_word' id='word_1_244' title='bbox 1354 4124 1510 4204; x_wconf 93' lang='lat' dir='ltr'><strong>domino</strong></span> <span class='ocrx_word' id='word_1_245' title='bbox 1537 4128 1713 4235; x_wconf 88' lang='lat' dir='ltr'><strong>episcopo</strong></span> 
     </span>
     <span class='ocr_line' id='line_1_29' title="bbox 302 4256 1714 4364; baseline -0.001 -28"><span class='ocrx_word' id='word_1_246' title='bbox 302 4258 619 4348; x_wconf 87' lang='lat' dir='ltr'><strong>Claromontensi,</strong></span> <span class='ocrx_word' id='word_1_247' title='bbox 642 4276 680 4336; x_wconf 91' lang='lat' dir='ltr'><strong>et</strong></span> <span class='ocrx_word' id='word_1_248' title='bbox 698 4259 802 4364; x_wconf 92' lang='lat' dir='ltr'><strong>quod</strong></span> <span class='ocrx_word' id='word_1_249' title='bbox 813 4258 900 4363; x_wconf 86' lang='lat' dir='ltr'><strong>ipse</strong></span> <span class='ocrx_word' id='word_1_250' title='bbox 920 4275 958 4334; x_wconf 90' lang='lat' dir='ltr'><strong>et</strong></span> <span class='ocrx_word' id='word_1_251' title='bbox 972 4257 1102 4332; x_wconf 83' lang='lat' dir='ltr'><strong>fratres</strong></span> <span class='ocrx_word' id='word_1_252' title='bbox 1121 4256 1333 4360; x_wconf 84' lang='lat' dir='ltr'><strong>Stephanus</strong></span> <span class='ocrx_word' id='word_1_253' title='bbox 1352 4256 1402 4332; x_wconf 90' lang='lat' dir='ltr'><strong>de</strong></span> <span class='ocrx_word' id='word_1_254' title='bbox 1419 4259 1520 4334; x_wconf 90' lang='lat' dir='ltr'><strong>Boce·</strong></span> <span class='ocrx_word' id='word_1_255' title='bbox 1532 4273 1570 4334; x_wconf 91' lang='lat' dir='ltr'><strong>et</strong></span> <span class='ocrx_word' id='word_1_256' title='bbox 1585 4257 1714 4336; x_wconf 89' lang='lat' dir='ltr'><strong>Guido</strong></span> 
     </span>
     <span class='ocr_line' id='line_1_30' title="bbox 302 4383 1712 4477; baseline -0.002 -11"><span class='ocrx_word' id='word_1_257' title='bbox 302 4386 433 4466; x_wconf 93' lang='lat' dir='ltr'><strong>Moteti</strong></span> <span class='ocrx_word' id='word_1_258' title='bbox 467 4385 608 4463; x_wconf 85' lang='lat' dir='ltr'><strong>milites</strong></span> <span class='ocrx_word' id='word_1_259' title='bbox 637 4388 685 4464; x_wconf 95' lang='lat' dir='ltr'><strong>de</strong></span> <span class='ocrx_word' id='word_1_260' title='bbox 718 4386 912 4474; x_wconf 77' lang='lat' dir='ltr'><strong>Arvernia,</strong></span> <span class='ocrx_word' id='word_1_261' title='bbox 948 4384 1114 4461; x_wconf 84' lang='lat' dir='ltr'><strong>defuncti</strong></span> <span class='ocrx_word' id='word_1_262' title='bbox 1140 4383 1239 4460; x_wconf 84' lang='lat' dir='ltr'><strong>ultra</strong></span> <span class='ocrx_word' id='word_1_263' title='bbox 1265 4412 1386 4477; x_wconf 84' lang='lat' dir='ltr'><strong>mare,</strong></span> <span class='ocrx_word' id='word_1_264' title='bbox 1417 4385 1571 4463; x_wconf 83' lang='lat' dir='ltr'><strong>fuerunt</strong></span> <span class='ocrx_word' id='word_1_265' title='bbox 1596 4384 1712 4463; x_wconf 83' lang='lat' dir='ltr'><strong>simul</strong></span> 
     </span>
     <span class='ocr_line' id='line_1_31' title="bbox 301 4514 1714 4623; baseline -0.004 -27"><span class='ocrx_word' id='word_1_266' title='bbox 301 4516 440 4623; x_wconf 90' lang='lat' dir='ltr'><strong>recepti</strong></span> <span class='ocrx_word' id='word_1_267' title='bbox 463 4516 502 4592; x_wconf 90' lang='lat' dir='ltr'><strong>in</strong></span> <span class='ocrx_word' id='word_1_268' title='bbox 522 4517 682 4622; x_wconf 86' lang='lat' dir='ltr'><strong>quadam</strong></span> <span class='ocrx_word' id='word_1_269' title='bbox 708 4515 830 4592; x_wconf 89' lang='lat' dir='ltr'><strong>insula</strong></span> <span class='ocrx_word' id='word_1_270' title='bbox 855 4542 972 4622; x_wconf 91' lang='lat' dir='ltr'><strong>prope</strong></span> <span class='ocrx_word' id='word_1_271' title='bbox 992 4515 1208 4603; x_wconf 87' lang='lat' dir='ltr'><strong>Massiliam,</strong></span> <span class='ocrx_word' id='word_1_272' title='bbox 1230 4514 1269 4589; x_wconf 89' lang='lat' dir='ltr'><strong>in</strong></span> <span class='ocrx_word' id='word_1_273' title='bbox 1289 4516 1430 4618; x_wconf 84' lang='lat' dir='ltr'><strong>capella</strong></span> <span class='ocrx_word' id='word_1_274' title='bbox 1453 4515 1714 4593; x_wconf 72' lang='lat' dir='ltr'><strong>domus‘l&#39;am-</strong></span> 
     </span>
     <span class='ocr_line' id='line_1_32' title="bbox 300 4644 1711 4753; baseline -0.001 -31"><span class='ocrx_word' id='word_1_275' title='bbox 300 4647 352 4753; x_wconf 92' lang='lat' dir='ltr'><strong>pli</strong></span> <span class='ocrx_word' id='word_1_276' title='bbox 383 4647 482 4724; x_wconf 86' lang='lat' dir='ltr'><strong>dicte</strong></span> <span class='ocrx_word' id='word_1_277' title='bbox 505 4647 645 4738; x_wconf 81' lang='lat' dir='ltr'><strong>insule,</strong></span> <span class='ocrx_word' id='word_1_278' title='bbox 671 4674 739 4751; x_wconf 93' lang='lat' dir='ltr'><strong>per</strong></span> <span class='ocrx_word' id='word_1_279' title='bbox 762 4646 914 4722; x_wconf 81' lang='lat' dir='ltr'><strong>fratrem</strong></span> <span class='ocrx_word' id='word_1_280' title='bbox 935 4644 1167 4723; x_wconf 88' lang='lat' dir='ltr'><strong>Gaulredum</strong></span> <span class='ocrx_word' id='word_1_281' title='bbox 1191 4644 1239 4721; x_wconf 92' lang='lat' dir='ltr'><strong>de</strong></span> <span class='ocrx_word' id='word_1_282' title='bbox 1259 4645 1425 4752; x_wconf 80' lang='lat' dir='ltr'><strong>Vicheyo</strong></span> <span class='ocrx_word' id='word_1_283' title='bbox 1448 4644 1568 4721; x_wconf 93' lang='lat' dir='ltr'><strong>milite</strong></span> <span class='ocrx_word' id='word_1_284' title='bbox 1586 4668 1711 4750; x_wconf 70' lang='lat' dir='ltr'><strong>quom</strong></span> 
     </span>
    </p>
   </div>
   <div class='ocr_carea' id='block_1_4' title="bbox 303 4771 1711 4971">
    <p class='ocr_par' dir='ltr' id='par_1_5' title="bbox 303 4771 1711 4971">
     <span class='ocr_line' id='line_1_33' title="bbox 303 4771 1711 4881; baseline -0.002 -26"><span class='ocrx_word' id='word_1_285' title='bbox 303 4779 409 4866; x_wconf 88' lang='lat' dir='ltr'><strong>dam,</strong></span> <span class='ocrx_word' id='word_1_286' title='bbox 429 4795 517 4856; x_wconf 89' lang='lat' dir='ltr'><strong>sunt</strong></span> <span class='ocrx_word' id='word_1_287' title='bbox 529 4777 677 4855; x_wconf 88' lang='lat' dir='ltr'><strong>circiter</strong></span> <span class='ocrx_word' id='word_1_288' title='bbox 695 4802 782 4854; x_wconf 83' lang='lat' dir='ltr'><strong>xxm</strong></span> <span class='ocrx_word' id='word_1_289' title='bbox 804 4777 909 4864; x_wconf 91' lang='lat' dir='ltr'><strong>anni,</strong></span> <span class='ocrx_word' id='word_1_290' title='bbox 930 4775 1169 4881; x_wconf 85' lang='lat' dir='ltr'><strong>presentibus</strong></span> <span class='ocrx_word' id='word_1_291' title='bbox 1191 4774 1369 4852; x_wconf 79' lang='lat' dir='ltr'><strong>fratribus</strong></span> <span class='ocrx_word' id='word_1_292' title='bbox 1387 4776 1496 4852; x_wconf 86' lang='lat' dir='ltr'><strong>Petro</strong></span> <span class='ocrx_word' id='word_1_293' title='bbox 1521 4774 1569 4851; x_wconf 83' lang='lat' dir='ltr'><strong>de</strong></span> <span class='ocrx_word' id='word_1_294' title='bbox 1583 4771 1711 4852; x_wconf 90' lang='lat' dir='ltr'><strong>Brolio</strong></span> 
     </span>
     <span class='ocr_line' id='line_1_34' title="bbox 1516 4911 1565 4971; baseline 0 0"><span class='ocrx_word' id='word_1_295' title='bbox 1516 4911 1565 4971; x_wconf 74' lang='grc' dir='ltr'><strong>δι.</strong></span> 
     </span>
    </p>
   </div>
   <div class='ocr_carea' id='block_1_5' title="bbox 0 0 2132 5956">
    <p class='ocr_par' dir='ltr' id='par_1_6' title="bbox 0 0 2132 5956">
     <span class='ocr_line' id='line_1_35' title="bbox 0 0 2132 5956; baseline 0 0"><span class='ocrx_word' id='word_1_296' title='bbox 0 0 2132 5956; x_wconf 95' lang='lat' dir='ltr'><strong> </strong></span> 
     </span>
    </p>
   </div>
  </div>
 </body>
</html>
