4230 5956
719 472 915 567 moces
941 492 1037 566 uss
1061 490 1358 567 esurimus.
1675 496 1749 569 sss

335 636 421 712 dam
440 632 552 711 salsus
570 632 771 739 propheta3
793 651 831 713 et
848 634 936 712 fecit
957 662 1045 713 eum
1069 634 1252 744 abnegare
1271 650 1330 711 ter
1349 633 1491 710 dictum
1510 637 1747 740 prophetam,

334 783 371 842 et
391 765 560 870 precepit
584 763 654 841 sibi
676 765 779 872 quod
792 778 943 871 spueret
969 792 1080 872 supra
1098 792 1270 862 erucem,
1291 763 1369 842 Sed
1392 763 1529 853 noluit,
1552 764 1752 872 imo-spuit

327 898 429 1004 juxta
450 923 548 988 earn,
570 894 713 1001 lingens
730 896 836 1003 quod
851 922 961 1004 supra
975 923 1058 973 eam
1074 912 1243 1001 spueret,
1267 912 1305 972 et
1316 894 1409 971 dixit
1422 893 1526 1001 qued
1539 893 1752 1002 abnegatio-

332 1054 418 1104 nem
438 1023 656 1134 hujusmodi
685 1023 772 1103 fecit
790 1053 871 1114 ore,
900 1044 939 1104 et
957 1054 1032 1104 non
1052 1026 1178 1103 corde.
1200 1025 1414 1133 Requisitus
1427 1025 1477 1102 de
1493 1023 1638 1113 osculo,
1659 1026 1753 1104 dixit

333 1185 401 1264 per
419 1158 674 1265 juramentum
703 1183 814 1234 suum
840 1156 944 1263 quod
963 1156 1086 1234 dictus
1108 1156 1291 1262 recipiens
1313 1155 1401 1233 lecit
1419 1183 1509 1233 eum
1528 1156 1695 1261 spoliari,
1715 1174 1753 1235 et

333 1288 519 1366 osculatus
537 1285 609 1363 fuit
627 1287 769 1364 eumin
788 1287 985 1394 posteriori
1004 1304 1108 1394 parte
1128 1288 1233 1393 spine
1251 1286 1372 1374 dorsi,
1395 1288 1435 1362 in
1454 1283 1634 1379 umbilico
1654 1304 1692 1364 at
1712 1287 1751 1365 in

333 1445 410 1495 ore.
433 1418 534 1495 Dixit
547 1418 663 1493 eciam
682 1417 1014 1524 perjuramentum
1035 1446 1146 1494 suum
1166 1418 1270 1526 quod
1291 1417 1412 1493 dictus
1428 1417 1609 1522 recipiens
1624 1445 1751 1522 prece-

331 1548 388 1652 pit
405 1547 477 1625 sibi
501 1545 655 1653 quodsi
675 1546 789 1653 aliqui
816 1547 864 1623 de
887 1546 1060 1625 frutribus
1085 1547 1174 1625 dicti
1199 1546 1342 1625 ordinis
1360 1546 1497 1625 vellent
1519 1549 1750 1625 commisceri

332 1704 416 1753 cum
432 1704 478 1753 eo
499 1676 703 1766 carnaliter,
723 1676 853 1783 quod
842 1705 926 1784 rpse
940 1695 1145 1784 pateretur,
1168 1696 1206 1755 et
1224 1679 1341 1755 eciam
1356 1705 1386 1755 ss
1377 1678 1601 1782 indigeret,
1619 1675 1750 1753 shuts-

330 1826 435 1885 retur
454 1809 523 1895 eis,
545 1809 634 1915 quia
652 1836 727 1886 non
744 1826 822 1886 erat
840 1827 1047 1916 peccatum.

386 1940 632 2043 interrogatus
644 1955 772 2015 utrum
783 1939 835 2027 vi,
847 1938 905 2016 vel
923 1955 1028 2015 metu
1046 1938 1201 2017 carceris
1214 1964 1280 2014 seu
1294 1953 1589 2030 tormentorum,
1603 1952 1667 2012 aut
1678 1935 1748 2013 alia

331 2068 378 2144 de
399 2095 521 2153 eausa,
543 2067 702 2172 aliquam
719 2067 852 2144 dixerit
875 2067 1071 2145 falsitatem
1095 2085 1158 2144 aut
1181 2067 1427 2144 immiscuerit
1450 2067 1489 2143 in
1508 2067 1749 2172 deposicione

330 2227 415 2285 sua,
438 2197 529 2274 dixit
540 2225 609 2303 per
623 2199 880 2303 juramentum
896 2226 1007 2275 suum
1017 2198 1124 2303 quod
1138 2224 1231 2289 ιιοιις
1254 2198 1332 2275 imo
1351 2198 1450 2274 dixit·
1462 2226 1594 2302 punam
1615 2215 1653 2275 et
1665 2226 1750 2278 me·

330 2354 408 2405 ram
431 2345 635 2405 veritatem.

384 2592 478 2666 ltem
493 2587 606 2666 frater
621 2586 861 2694 Raymundus
874 2586 922 2665 de
937 2587 1027 2665 Fara
1046 2586 1157 2666 miles
1174 2587 1264 2664 dicti
1284 2588 1447 2676 ordinis,
1470 2590 1575 2666 etatis
1589 2617 1649 2667 xxi
1661 2593 1747 2669 anni

329 2719 385 2796 vel
407 2718 517 2807 circa,
539 2718 683 2825 juratus
709 2717 844 2796 eodem
863 2717 997 2806 modo,
1017 2717 1115 2795 bona
1135 2715 1325 2794 voluntate
1354 2735 1392 2794 et
1413 2734 1614 2823 spontanea
1638 2718 1747 2795 dese

331 2867 367 2927 et
386 2848 468 2926 aliis
487 2849 526 2924 in
550 2876 656 2926 causa
675 2846 765 2927 fidei
785 2848 913 2925 dicere
931 2847 1141 2936 veritatem,
1170 2864 1208 2924 et
1230 2848 1477 2953 interrogatus
1503 2848 1552 2925 de
1575 2865 1746 2955 tempore

330 2997 365 3056 et
385 2979 501 3058 modo
517 3008 582 3056 sue
603 2979 851 3085 receptionis,
873 2978 967 3056 dixit
984 3006 1053 3084 per
1063 2979 1317 3086 juramentum
1341 3006 1454 3055 suum
1473 2978 1579 3086 quod
1598 2978 1671 3055 fuit
1688 3007 1747 3055 re·

329 3126 457 3216 ceptus
476 3111 514 3186 in
530 3109 644 3187 domo
660 3109 809 3216 Templi
825 3108 873 3187 de
892 3107 1073 3187 Montelio
1089 3108 1281 3197 Ademari,
1298 3136 1367 3214 per
1383 3106 1535 3186 fratrem
1549 3110 1746 3217 Hug'onem

329 3239 377 3316 de
390 3239 577 3330 Pereudo,
594 3240 777 3317 tresanni
797 3255 885 3317 sunt
894 3239 952 3316 vel
968 3240 1080 3326 eirca,
1093 3239 1329 3344 presentibus
1337 3237 1449 3317 fratre
1462 3240 1640 3319 Gnidone
1647 3240 1748 3320 Goe-

328 3371 436 3446 morii
465 3388 503 3447 et
525 3370 752 3476 quibusdam
773 3369 854 3447 aliis
878 3368 925 3446 de
948 3396 1112 3477 quorum
1142 3370 1358 3448 nominihus
1382 3397 1458 3448 non
1480 3370 1624 3448 recolit.
1646 3362 1748 3448 Dixit

328 3501 443 3576 eciam
457 3528 526 3605 per
539 3501 793 3608 juramentum
807 3528 919 3579 suum
933 3499 1056 3607 q'uod,
1075 3517 1161 3606 post
1179 3501 1315 3579 multas
1329 3500 1598 3606 promissiones
1613 3499 1661 3575 de
1677 3499 1747 3576 ob·

327 3630 511 3707 servandis
534 3633 677 3709 statutis
696 3631 783 3708 dicti
800 3630 944 3707 ordinis
967 3630 1014 3707 ab
1034 3656 1081 3706 eo
1099 3628 1227 3718 factas,
1251 3646 1289 3706 et
1306 3628 1483 3708 mantello
1502 3628 1573 3704 sibi
1595 3628 1643 3704 ad
1669 3626 1747 3705 col·

325 3760 405 3837 lum
425 3760 565 3866 posito,
593 3761 717 3838 dictus
742 3761 923 3866 recipiens
948 3777 987 3836 et
1010 3758 1072 3835 alii
1102 3760 1313 3837 assistentes
1336 3774 1568 3836 recesserunt
1591 3757 1639 3834 de
1662 3757 1745 3835 loco

326 3888 568 3995 receptionis,
591 3906 630 3966 et
649 3889 742 3967 dixit
754 3889 857 3966 idem
875 3888 990 3966 frater
1003 3888 1112 3995 Hugo
1132 3888 1283 3967 cuidam
1298 3887 1401 3965 fratri
1418 3887 1591 3969 servienti
1606 3889 1672 3995 qui
1691 3916 1746 3969 re·

327 4019 460 4096 mansit
478 4019 581 4097 solus
596 4044 684 4096 eum
708 4019 772 4100 illo
794 4021 860 4127 qui
882 4018 1061 4127 lomritur,
1087 4018 1192 4125 quod
1211 4020 1413 4097 instrueret
1432 4046 1519 4096 eum
1539 4019 1579 4095 in
1599 4020 1744 4097 statutis

327 4147 416 4224 dicti
429 4148 589 4240 ordinis,
606 4178 683 4256 qno
697 4148 794 4228 facto
808 4149 873 4230 ille
887 4151 1195 4258 quiremanserat
1208 4176 1336 4226 seeum
1354 4148 1517 4227 ostendit
1529 4149 1601 4227 sibi
1614 4178 1746 4257 qmtm·

326 4277 411 4354 dam
437 4307 586 4356 erucem
612 4308 697 4357 cum
719 4281 841 4388 effigie
860 4280 976 4359 Jhesu
1001 4279 1157 4368 Christi,
1180 4271 1324 4357 etfacit
1348 4308 1437 4357 eum
1455 4279 1640 4389 abnegare
1656 4280 1745 4358 Jhe-

325 4436 409 4485 sum
425 4409 617 4489 Christum
631 4427 690 4488 ter
709 4428 747 4488 et
764 4429 822 4489 ter
838 4437 973 4518 spuere
992 4437 1103 4518 supra
1118 4436 1265 4487 crucem
1280 4440 1290 4486 r
1305 4412 1487 4520 quodque
1501 4410 1590 4489 feeit
1608 4422 1692 4500 ore',
1708 4425 1747 4488 et

325 4567 400 4617 non
415 4537 544 4630 corde,
558 4558 602 4618 ut
616 4541 719 4618 dixit.
736 4542 838 4619 Dixit
851 4541 968 4619 eciam
985 4569 1053 4648 per
1058 4539 1316 4650 juramentum
1332 4569 1448 4644 suum
1457 4542 1564 4649 quod
1578 4541 1746 4648 pracepit

326 4670 396 4747 sibi
418 4670 522 4776 quod
542 4672 572 4747 si
592 4671 723 4750 lintres
746 4672 835 4749 dicti
860 4671 1005 4751 ordinis
1023 4671 1159 4750 vellent
1180 4672 1424 4751 commiscere
1447 4671 1643 4751 carnaliter
1656 4698 1743 4751 urm

326 4828 390 4894 eo,
407 4801 512 4908 quod
526 4803 604 4909 ipse
619 4804 867 4909 permitteret,
886 4821 924 4881 et
934 4803 1051 4882 eciam
1066 4804 1324 4883 commisceret
1334 4832 1374 4883 se
1392 4804 1590 4883 carnaliter
1600 4805 1631 4882 si
1643 4803 1745 4882 *indi-
