4230 5956
506 475 699 568 procas
725 496 817 568 nas
844 495 1143 566 renarrans.
1481 499 1524 570 av

117 638 218 715 bunc
230 636 388 712 modum
402 669 410 711 :
425 664 512 711 nam
522 636 724 713 instructus
736 635 783 712 ab
799 634 880 712 aliis
892 634 1067 711 fratribus
1077 634 1180 740 quod
1194 635 1291 711 bene
1306 634 1531 714 deliberaret

117 783 201 844 ante
217 767 436 872 ingressum,
453 767 540 870 quia
556 781 746 870 oporteret
761 794 847 842 eum
863 764 1045 841 voluntati
1060 763 1192 869 subjici
1210 764 1343 855 aliene,
1361 781 1398 841 et
1415 767 1530 842 multa

118 897 212 974 dura
232 912 269 971 et
288 923 415 1000 aspera
437 896 636 986 sustinere,
663 923 749 970 cum
770 895 1022 999 respondisset
1044 893 1148 1000 quod
1169 894 1293 969 omnia
1313 896 1529 984 sustineret,

117 1025 231 1130 peciit
246 1052 381 1132 panem
398 1041 435 1100 et
450 1040 641 1129 aquamet
653 1024 867 1101 societatem
879 1023 1040 1111 ordinis,
1058 1040 1096 1099 et
1110 1021 1272 1098 finaliter
1282 1023 1317 1098 ei
1333 1025 1529 1115 concessis,

117 1154 206 1233 lecit
222 1183 310 1232 eum
329 1182 461 1231 vovere
477 1170 517 1230 et
528 1155 656 1262 jurare
677 1155 898 1244 castitatem,
916 1153 1187 1240 obedienciam,
1207 1154 1326 1230 vivere
1346 1155 1425 1230 sine
1444 1183 1531 1260 pro-

117 1285 213 1390 prio,
222 1302 405 1361 etservare
415 1302 549 1362 ususet
557 1283 1245 1389 consuetudincsordinis;etimposito
1253 1284 1323 1360 sibi
1332 1284 1528 1375 mantello,

118 1430 288 1519 receptor
302 1432 340 1490 et
356 1431 517 1492 astantes
532 1414 687 1506 osculati
703 1413 857 1490 fuerunt
873 1414 1009 1489 eumin
1026 1441 1102 1490 ore.
1121 1414 1298 1519 Postque
1314 1415 1481 1520 precepit
1496 1417 1529 1490 ei

120 1543 240 1621 dictus
256 1560 437 1648 receptor,
456 1545 494 1620 in
513 1545 703 1651 presencia
718 1542 884 1631 illorum,
906 1544 1012 1648 quod
1027 1545 1228 1650 abnegaret
1246 1545 1383 1632 Deum,
1398 1561 1436 1621 et
1452 1545 1528 1650 ipse

117 1673 222 1749 testis
240 1672 435 1780 abnegavit
454 1675 577 1751 Deum
598 1702 664 1752 ore
688 1702 763 1777 non
787 1674 916 1764 corde,
943 1690 986 1749 ut
1006 1673 1108 1749 dixit.
1134 1674 1280 1750 Deinde
1305 1675 1471 1778 precepit
1495 1675 1530 1748 ei

118 1802 221 1908 quod
241 1821 392 1907 spueret
411 1832 525 1910 super
543 1805 744 1910 quamdam
765 1831 927 1895 crucem,
950 1802 1067 1879 nescit
1087 1804 1117 1879 si
1138 1803 1297 1909 ligneam
1318 1803 1376 1880 vel
1396 1802 1529 1879 metal-

116 1929 244 2019 linam,
266 1961 336 2009 nec
348 1932 378 2009 si
395 1950 474 2010 erat
486 1934 525 2009 in
547 1962 589 2010 ca
608 1961 741 2041 ymago
762 1932 949 2021 Crucifixi,
972 1934 1011 2006 in
1027 1949 1124 2008 terra
1139 1933 1309 2037 positam,
1326 1931 1444 2006 nescit
1463 1960 1530 2037 per

117 2087 245 2165 quem,
268 2079 305 2139 et
332 2063 409 2167 ipse
427 2063 534 2140 testis
554 2062 678 2138 noluit
696 2089 831 2166 spuere
851 2088 920 2137 nec
937 2088 1050 2164 super
1069 2088 1138 2136 nec
1156 2061 1273 2166 juxta.
1295 2059 1377 2136 Alia
1400 2059 1528 2138 illicita

118 2216 196 2265 non
221 2190 502 2267 intervenerunt
527 2190 564 2266 in
589 2190 685 2265 dicta
712 2217 778 2266 sua
804 2189 1021 2293 recepcione
1046 2218 1116 2265 nec
1139 2207 1233 2294 post.
1262 2189 1476 2294 Requisitus
1499 2192 1530 2266 si

119 2316 211 2394 dixit
231 2316 302 2394 sibi
322 2319 425 2423 quod
445 2318 609 2423 predicta
621 2317 757 2399 ,illicita
775 2333 898 2394 essent
918 2319 966 2392 de
986 2319 1133 2422 punctis
1153 2319 1315 2410 ordinis,
1337 2321 1530 2425 respondit

117 2445 223 2550 quod
240 2473 329 2522 non.
347 2446 561 2552 Requisitns
576 2446 605 2521 si
626 2444 705 2532 scit,
724 2445 854 2535 credit,
873 2444 931 2521 vel
951 2446 1092 2523 audivit
1112 2446 1184 2522 dici
1204 2448 1308 2552 quod
1327 2447 1528 2556 abnegacio

118 2591 156 2651 et
174 2573 331 2679 spuicio,
352 2573 408 2651 vel
423 2574 547 2679 aliqua
561 2572 632 2649 alia
652 2572 782 2651 illicita
799 2575 1066 2651 intervenirent
1086 2576 1124 2650 in
1144 2578 1530 2681 recepcionibusalio-

118 2731 205 2782 rum
228 2703 383 2782 fratrum
406 2704 464 2781 vel
488 2721 588 2809 post,
612 2703 806 2809 respondit
830 2733 868 2781 se
893 2704 1052 2791 nescire;
1074 2702 1250 2781 credebat
1272 2721 1399 2782 tamen
1424 2709 1529 2813 quod

119 2836 369 2914 communiter
381 2834 443 2912 alii
457 2835 713 2939 reciperentur
722 2834 818 2909 sicut
832 2834 1005 2939 deposuit
1018 2861 1057 2918 se
1072 2833 1185 2912 luisse
1198 2852 1402 2940 receptum.
1420 2837 1526 2923 ltem,

120 2966 212 3042 dixit
235 2966 337 3072 qood
363 2966 401 3040 in
428 2964 560 3041 ordine
586 2961 844 3040 celebrabatur
867 2963 1076 3039 secundum
1100 2962 1258 3040 sormam
1284 2963 1464 3053 Ecclesia,
1492 2983 1529 3042 et

121 3095 225 3201 quod
245 3093 472 3172 contrarium
496 3120 572 3169 non
595 3091 717 3169 fuerat
735 3091 806 3167 sibi
832 3091 995 3182 dictum,
1019 3109 1056 3170 et
1076 3091 1250 3169 credebat
1270 3093 1376 3198 quod
1398 3093 1529 3173 iratres

120 3224 263 3302 ordinis
279 3223 475 3301 crederent
486 3220 742 3299 ecclesiasticis
754 3221 1003 3298 sacramentis.
1020 3222 1062 3297 ln
1080 3220 1161 3327 ejus
1175 3223 1394 3329 recepcione
1410 3223 1530 3302 luerat

120 3354 191 3431 sibi
211 3355 355 3432 dictum
375 3354 480 3460 quod
499 3353 623 3429 statim
643 3379 710 3455 pro
731 3351 898 3457 professo
921 3351 1139 3437 habebatur,
1157 3367 1195 3428 et
1213 3350 1286 3429 fuit
1300 3351 1527 3431 clandestine

120 3500 306 3591 receptus,
334 3482 449 3560 nullia
480 3481 715 3588 presentibus
743 3481 813 3557 nisi
840 3481 1016 3558 fratribus
1041 3481 1195 3559 ordinis.
1225 3481 1402 3560 Cordulis
1426 3484 1527 3562 unde

119 3613 294 3691 volebant
309 3611 507 3718 assumptis
518 3609 763 3717 cingebantur
774 3639 887 3717 super
903 3612 1070 3688 camisias
1087 3640 1173 3687 cum
1190 3612 1329 3717 quibus
1341 3612 1526 3718 jacebant.

120 3742 386 3850 lnjungebatur
402 3743 455 3819 eis
474 3769 521 3817 ne
539 3740 746 3817 revelarent
764 3758 902 3819 secreta
917 3740 1184 3846 capitulorum,
1203 3741 1250 3818 de
1265 3743 1381 3818 modo
1400 3770 1528 3846 recep-

119 3871 238 3948 cionis
252 3871 400 3979 speciali
419 3899 497 3948 non
511 3869 637 3948 habita
652 3871 866 3960 mencione;
877 3872 942 3976 qui
955 3870 1194 3956 revelassent,
1214 3871 1335 3975 puniti
1353 3869 1526 3959 luissent,

119 4001 236 4078 nescit
256 4001 427 4107 qualiter.
447 3999 598 4105 Absque
621 3999 794 4086 licencia,
818 4015 859 4075 ut
881 3999 1023 4076 audivit
1050 3999 1140 4088 dici,
1165 4015 1431 4105 nonpoterant
1448 3997 1529 4075 aliis

118 4154 233 4231 quarn
248 4128 501 4206 sacerdotibus
514 4127 676 4235 ordinis,
693 4129 723 4205 si
739 4155 804 4204 eos
820 4127 958 4204 babere
974 4143 1163 4231 poterant,
1178 4125 1360 4203 confiteri.
1380 4129 1527 4205 Fratres

119 4254 278 4331 scientes
301 4283 445 4332 errores
465 4255 619 4333 fuerunt
637 4255 866 4362 negligentes
888 4255 1074 4359 quianon
1099 4271 1340 4331 correxerunt
1367 4283 1432 4333 eos
1459 4285 1528 4334 nec

52 4466 55 4471 ,
120 4382 437 4460 denunciaverunt
461 4382 636 4460 Ecclesia.
662 4381 893 4458 Elemosinas
917 4398 955 4459 et
966 4380 1265 4488 hospitalitatem
1286 4383 1379 4462 vidit
1398 4412 1530 4463 conve·

121 4511 268 4588 nienter
282 4512 365 4588 fieri
386 4528 425 4588 et
438 4512 573 4589 servari
593 4511 632 4587 in
655 4509 830 4588 domibus
848 4511 992 4588 ordinis
1011 4511 1050 4587 in
1069 4511 1208 4618 quibus
1227 4514 1347 4591 extitit
1365 4541 1532 4593 commo-

121 4658 234 4717 ratus.
256 4641 435 4720 Ordinata
452 4669 520 4747 per
538 4641 755 4749 Magistrum
776 4668 861 4717 cum
890 4658 1094 4730 conventu,
1113 4643 1342 4747 pertinencia
1364 4646 1412 4721 ad
1434 4662 1530 4723 tem·

121 4769 371 4875 paralitatem,
393 4769 549 4847 luissent
572 4787 711 4847 servata
735 4769 941 4863 inordina,
963 4787 1226 4877 contraquam
1251 4801 1352 4853 nunc
1374 4776 1529 4884 grandia

206 4926 310 4986 raonis
331 4945 383 4986 nas
401 4943 572 4986 ravennas.
585 4944 665 4984 -ιι,
1367 4950 1398 4990 ιι
