4230 5956
710 464 906 558 raocts
930 482 1030 558 ons
1056 482 1355 595 pauperans
1671 492 1738 562 ror

325 621 435 713 circa,
456 622 679 700 mantellum
695 641 733 701 et
751 623 907 702 barbam
928 623 1132 713 defferenS,
1151 653 1237 701 cum
1264 651 1341 732 quo
1361 624 1587 731 inquisitum
1602 627 1740 720 luerat,

324 751 518 835 absolutus
539 769 577 830 et
602 752 864 831 reconciliatus
888 782 956 860 per
974 753 1173 831 dominum
1195 753 1411 860 episcopum
1440 754 1740 845 Ruthenensem,

323 881 428 960 lectis
453 901 491 960 et
514 882 715 990 diligenter
735 884 909 989 expositis
933 884 1005 963 sibi
1024 884 1201 962 omnibus
1226 902 1264 961 et
1287 883 1444 993 singulis
1473 882 1655 979 articulis,
1683 914 1744 964 re·

324 1012 477 1119 spondit
493 1041 533 1088 so
545 1012 705 1105 nescire,
733 1042 803 1090 nec
824 1015 993 1104 credere,
1016 1040 1085 1090 nec
1105 1013 1288 1091 audivisse
1319 1013 1393 1090 dici
1419 1013 1466 1090 de
1493 1015 1680 1093 contentis
1704 1016 1743 1093 in

326 1143 378 1219 eis
401 1143 479 1220 nisi
513 1142 616 1249 quod
648 1144 830 1250 sequitur.
865 1144 967 1223 Dixit
997 1172 1159 1252 namque
1188 1174 1227 1222 se
1258 1142 1373 1223 fuisse
1399 1162 1612 1253 receptum,
1648 1146 1744 1224 circa

326 1274 466 1350 instans
495 1273 632 1350 festum
662 1273 801 1352 Pasche
833 1289 945 1351 erunt
977 1273 1123 1350 circiter
1148 1271 1203 1352 nui
1233 1275 1338 1366 anni,
1365 1275 1404 1352 in
1436 1275 1577 1382 capella
1606 1276 1742 1355 domus

326 1402 473 1509 Templi
489 1406 623 1482 Sancte
643 1402 790 1481 Eulalia
809 1403 1062 1481 Ruthenensis
1078 1403 1254 1496 diocesis,
1281 1432 1349 1510 per
1367 1402 1521 1482 fratrem
1541 1404 1741 1513 Hugonem

326 1535 373 1610 de
404 1534 542 1611 Sances
557 1523 565 1534 ’
579 1532 739 1611 militem
778 1533 987 1641 quondam,
1031 1553 1290 1640 preceptorem
1326 1553 1413 1612 tunc
1450 1535 1549 1612 dicte
1586 1536 1739 1624 domus,

324 1662 562 1768 presentibus
576 1661 753 1740 tratribus
778 1663 1000 1769 Raymundo
1021 1663 1219 1770 Peyroneti
1239 1665 1460 1754 camerario,
1482 1667 1674 1742 Bemardo
1694 1665 1742 1741 de
1831 1762 1833 1766 .

326 1795 461 1872 Sancto
478 1795 645 1886 Verano,
672 1810 711 1871 et
729 1794 900 1875 Deodato
921 1793 1032 1872 Corvi
1055 1794 1320 1885 servientibus,
1348 1793 1565 1882 deffunctis,
1585 1795 1624 1870 in
1639 1795 1742 1872 hunc

326 1924 484 2002 modum
504 1955 513 1999 ε
534 1952 622 2000 narn
640 1953 727 2001 cum
752 1923 1005 2029 requisivisset
1018 1921 1287 2000 fraternitatem
1306 1922 1469 2013 ordinis,
1488 1940 1525 1998 et
1544 1921 1741 2002 obtulisset

325 2081 364 2130 se
388 2051 483 2129 velle
508 2051 589 2129 lieri
604 2079 753 2129 servum
774 2050 958 2128 esclavum
982 2051 1170 2157 ejusdem,
1194 2068 1231 2127 et
1260 2050 1536 2128 deliberacione
1556 2051 1683 2129 habita
1707 2053 1741 2129 ei
1828 2059 1829 2062 ’

327 2208 498 2259 concessa
538 2180 684 2267 luisset,
720 2196 759 2256 et
788 2179 1044 2255 demandato
1079 2180 1283 2285 receptoris
1317 2197 1355 2257 et
1392 2178 1552 2257 aliorum
1579 2200 1744 2291 rogasset

326 2313 451 2391 Deum
471 2326 516 2386 ut
530 2309 711 2414 dirigeret
729 2336 837 2396 eum,
855 2306 944 2385 lecit
959 2337 1046 2385 eum
1067 2335 1197 2385 vovere
1219 2324 1257 2386 et
1266 2311 1393 2417 jurare
1412 2337 1525 2417 super
1539 2310 1741 2416 quemdam

326 2443 467 2520 librum
491 2447 714 2527 castitatem,
738 2436 1016 2526 obedienciam,
1041 2454 1079 2515 et
1100 2438 1219 2515 vivere
1239 2441 1319 2516 sine
1341 2439 1512 2547 proprio,
1536 2457 1575 2516 et
1597 2468 1742 2519 servare

324 2574 447 2651 bonos
464 2600 554 2648 usus
576 2588 614 2647 et
632 2570 750 2647 bonas
770 2568 1064 2646 consuetudines
1086 2567 1247 2659 ordinis,
1271 2588 1308 2648 et
1337 2570 1513 2676 imposito
1540 2570 1610 2649 sibi
1638 2599 1756 2649 man·-

326 2702 437 2790 tello,
470 2701 508 2776 in
536 2699 691 2777 nomine
720 2698 836 2776 Patris
857 2714 896 2775 et
916 2697 1001 2774 Filii
1033 2715 1070 2775 et
1096 2699 1256 2803 Spiritus
1276 2700 1418 2791 Sancti,
1441 2716 1479 2776 et
1505 2699 1606 2777 dicto
1630 2702 1743 2779 versi·

327 2830 414 2907 culo
448 2831 544 2906 Ecce
579 2855 681 2931 quom
711 2828 852 2915 bonum,
886 2843 925 2904 et
957 2853 1054 2932 aqua
1083 2827 1282 2905 benedicta
1311 2856 1457 2934 aspersa
1487 2856 1602 2935 super
1632 2858 1738 2919 eum,

327 2961 448 3037 dictus
476 2974 648 3063 receptor
679 2974 718 3035 et
748 2973 907 3034 astantes
933 2956 1090 3035 luerunt
1108 2984 1197 3034 eum
1231 2956 1386 3035 osculati
1415 2958 1455 3034 in
1484 2985 1561 3036 ore.
1592 2960 1741 3039 Deinde

327 3091 456 3178 allata,
484 3089 604 3167 nescit
627 3114 847 3195 perquem,
870 3086 1032 3193 quadam
1056 3115 1164 3164 cruce
1189 3086 1384 3165 metallina
1405 3087 1445 3163 in
1466 3116 1540 3195 qua
1561 3117 1639 3166 nou
1662 3108 1742 3168 erat

326 3248 460 3330 ymago
488 3217 664 3298 Crucifixi
697 3234 735 3295 et
765 3218 805 3294 in
826 3234 963 3294 terram
991 3215 1127 3322 posita,
1159 3217 1327 3325 precepit
1360 3217 1393 3295 ei
1423 3217 1545 3323 dictus
1570 3236 1742 3326 receptor

328 3350 433 3459 quod
466 3365 619 3457 spueret
648 3375 762 3454 super
797 3375 901 3436 eam;
931 3363 969 3423 et
1003 3346 1082 3453 ipse
1110 3348 1232 3437 testis,
1263 3346 1423 3423 nimium
1457 3351 1677 3453 perterritus
1704 3366 1741 3427 et

328 3479 571 3587 stupefactus,
598 3478 700 3585 spuit
727 3505 804 3556 nou
836 3506 951 3583 super
975 3477 1042 3554 sed
1061 3477 1168 3583 juxta
1192 3505 1291 3567 eam3
1320 3476 1425 3554 etde
1445 3478 1621 3557 mandato
1642 3480 1741 3587 ejus·

330 3614 416 3690 dem
430 3610 664 3717 -receptoris‚
686 3609 759 3687 luit
786 3638 874 3685 eum
899 3606 1086 3686 osculatus
1117 3636 1231 3714 super
1255 3636 1404 3684 carnem
1436 3610 1576 3685 nudam
1596 3609 1636 3684 in
1656 3637 1742 3685 um-

327 3741 440 3820 bilico
460 3760 498 3819 et
522 3741 561 3818 in
593 3741 720 3817 ancha.
750 3741 838 3816 Post
859 3766 935 3845 que
957 3737 1051 3813 dixit
1067 3738 1101 3814 ei
1129 3738 1233 3814 idem
1260 3755 1431 3844 receptor
1459 3737 1564 3844 quod
1593 3752 1741 3843 poterat

328 3872 410 3951 aliis
436 3870 624 3949 fratribus
638 3870 781 3949 ordinis
810 3868 1005 3945 carnaliter
1033 3868 1267 3945 commisceri
1292 3885 1330 3945 et
1357 3868 1427 3972 ipsi
1455 3896 1542 3944 cum
1569 3892 1636 3954 θος
1666 3867 1739 3944 hoc

327 4021 453 4081 tamen
473 4029 550 4079 non
571 4001 673 4090 lecit,
698 4028 768 4077 nec
787 3999 908 4077 credit
925 3997 1030 4104 quod
1049 3999 1088 4074 in
1108 3997 1240 4074 ordine
1261 3999 1383 4084 lieren
1404 3995 1472 4072 sod
1489 3994 1608 4071 credit
1634 3994 1740 4102 quod

329 4131 426 4205 dicta
451 4130 577 4206 illicita
603 4129 871 4207 intervenirent
889 4127 1140 4204 communiter
1164 4142 1203 4201 et
1229 4124 1372 4230 ubique
1397 4125 1436 4198 in
1458 4123 1738 4230 recepcionibus

329 4257 489 4333 aliorum
508 4256 665 4334 fratrum
686 4258 827 4335 ordinis
855 4256 913 4333 vel
944 4273 1044 4362 post,
1065 4255 1153 4362 quia
1179 4254 1270 4332 vidit
1296 4284 1363 4363 per
1383 4257 1563 4336 eumdem
1582 4260 1743 4338 modum

328 4386 443 4493 recipi
461 4384 612 4463 fratrem
634 4372 881 4465 Guillelmurn
908 4385 1076 4462 Alamani
1103 4384 1150 4460 de
1178 4384 1318 4489 Spelho
1343 4386 1583 4479 servientem,
1615 4389 1743 4466 deten-

327 4535 410 4594 tum
424 4517 464 4592 in
483 4515 715 4608 Ruthicinio,
737 4543 806 4622 per
831 4513 984 4592 fratrem
1008 4513 1220 4621 Guigonem
1240 4512 1414 4592 Adetnari
1438 4516 1599 4594 militem
1619 4544 1744 4624 quon-

329 4647 436 4736 dam,
453 4645 606 4724 indicta
626 4645 782 4752 capella,
801 4645 894 4721 circa
910 4644 1049 4721 instans
1062 4643 1199 4721 festum
1214 4646 1452 4724 Pentecostes
1470 4664 1581 4725 erunt
1600 4647 1745 4725 circiter

329 4777 497 4884 quinque
528 4776 635 4867 anni,
671 4773 908 4881 presentibus
938 4772 1114 4852 fracibus
1155 4773 1328 4881 Guigone
1357 4777 1405 4855 de
1435 4778 1542 4884 Rupe
1578 4778 1745 4857 Talhada

415 4911 519 4975 esocis
541 4932 593 4975 nrs
614 4931 784 4975 renarrans.
797 4947 839 4967 -ν-
852 4932 885 4973 ιι.
1577 4937 1612 4977 21
