4230 5956
1386 242 1417 293 ’ᾖ

451 472 525 548 aas
830 449 1025 545 raocts
1054 468 1151 541 uns
1181 468 1485 544 runrmnns.

452 631 605 720 spueret
618 639 730 719 supra
749 636 851 699 eam3
867 624 905 684 et
921 636 1009 685 cum
1029 607 1108 712 ipse
1123 602 1228 683 testis
1240 608 1495 713 respondisset
1513 611 1619 716 quod
1633 609 1709 691 hoc
1719 614 1863 697 malum

451 759 547 831 erat,
566 742 688 818 dictus
707 756 878 845 receptor
895 736 1027 822 tacuit,
1053 752 1091 812 et
1113 735 1192 841 ipse
1205 734 1312 814 testis
1331 735 1433 842 spuit
1448 766 1527 817 non
1542 766 1653 847 supra
1678 744 1746 822 sed
1755 746 1861 853 juxta

451 870 589 949 dictam
609 897 769 947 crucem.
798 869 886 944 Post
912 893 985 972 que
1007 864 1099 942 dixit
1128 863 1304 971 siquod,
1326 866 1543 957 secundum,
1565 867 1664 947 dicta
1688 895 1861 982 precepta

450 1001 610 1089 ordinis,
631 1015 777 1106 potomt
791 995 986 1075 carnaliter
1010 994 1243 1072 commisceri
1257 992 1435 1074 fratribus
1449 996 1611 1088 ordinis,
1629 1018 1667 1079 et
1685 1000 1755 1109 ipsi
1774 1035 1860 1084 cum

450 1157 516 1221 θος
539 1131 612 1206 hoc
630 1144 756 1204 tamen
770 1153 846 1201 non
863 1123 965 1211 lecit,
987 1152 1057 1199 nec
1075 1122 1147 1198 suit
1160 1123 1380 1228 requisitus,
1397 1152 1468 1203 nec
1491 1126 1612 1205 credit
1627 1132 1733 1234 quod
1750 1132 1790 1213 in
1805 1152 1861 1212 or

450 1258 539 1336 diue
552 1259 670 1334 fieret.
690 1254 820 1333 Credit
839 1270 966 1329 tamen
984 1252 1089 1358 quod
1112 1252 1210 1327 dicta
1229 1250 1375 1338 illicita,
1396 1271 1477 1329 acta
1493 1270 1531 1331 et
1546 1254 1643 1333 dicta
1657 1258 1698 1334 in
1713 1289 1861 1365 presan.

449 1388 505 1464 cia
528 1387 687 1464 aliomm
711 1383 777 1489 qui
800 1381 1000 1471 adherant,
1026 1397 1065 1457 et
1088 1409 1164 1458 non
1181 1379 1252 1455 alia
1270 1379 1539 1461 intervenirent
1553 1389 1806 1468 communiter
1825 1411 1863 1469 et

448 1514 592 1622 ubique
611 1514 652 1591 in
674 1511 958 1617 receptionibus
972 1508 1134 1587 aliorum
1157 1507 1316 1585 fratrum
1336 1508 1480 1587 ordinis
1498 1510 1670 1619 vel-post,
1686 1517 1776 1621 quia
1793 1548 1861 1623 per

447 1643 613 1721 eundem
629 1640 787 1720 modum
806 1639 900 1715 vidit
922 1637 1053 1743 recipi,
1075 1636 1114 1713 in
1134 1636 1296 1743 quadam
1324 1664 1469 1717 camera
1483 1639 1786 1751 domus‘lempli
1810 1647 1858 1725 de

446 1767 484 1849 la
497 1770 658 1849 Folhosa
677 1769 775 1846 dicte
792 1765 1111 1845 claromontensis
1132 1765 1309 1857 diocesis,
1326 1792 1395 1871 per
1414 1746 1605 1872 prefatum·
1624 1790 1856 1878 receptorem

444 1898 597 1977 frauem
611 1899 764 1977 Petrum
778 1893 954 1975 Moncelli
976 1895 1217 1985 servientem,
1231 1894 1331 1971 dicte
1344 1894 1519 1990 diocesis,
1541 1898 1738 1979 detemum
1756 1906 1857 2010 apud

443 2029 637 2119 lliomum,
655 2027 750 2105 circa
769 2026 909 2103 instans
923 2021 1060 2100 festum
1076 2024 1315 2102 Pentecostes
1337 2040 1450 2102 erunt
1461 2050 1499 2103 vr
1512 2025 1572 2103 vel
1586 2052 1635 2105 vn
1654 2030 1762 2120 anni,
1779 2061 1858 2139 pre-

443 2157 611 2237 sentibus
627 2156 727 2233 dicto
751 2153 862 2229 fratre
885 2151 1056 2229 lohanne
1071 2150 1259 2243 Senandi,
1279 2151 1328 2228 ad
1343 2153 1452 2260 cujus
1465 2154 1683 2233 instanciam
1699 2160 1856 2266 recipie-

441 2284 563 2376 batur,
591 2301 629 2361 et
649 2282 825 2361 iratribus
861 2278 1068 2359 Guillelmo
1098 2280 1271 2386 Vivayrol
1293 2279 1342 2359 de
1366 2279 1562 2377 Arvernia,
1591 2313 1709 2391 quam
1735 2291 1854 2369 credit

441 2412 577 2504 vivere,
602 2427 641 2487 et
665 2407 892 2517 quibusdam
917 2406 999 2485 aliis
1029 2407 1078 2483 de
1106 2407 1245 2512 quibus
1270 2436 1348 2486 non
1373 2410 1518 2489 recolit.
1548 2413 1665 2506 Item,
1693 2415 1784 2495 dixit
1811 2449 1851 2498 se

440 2540 622 2618 audivisse
642 2537 716 2616 dici
744 2566 764 2614 a
789 2537 889 2614 dicto
913 2535 1025 2612 fratre
1046 2536 1226 2615 Durando
1253 2536 1468 2626 Charnerii,
1495 2541 1680 2621 avunculo
1708 2572 1794 2637 suo,
1810 2547 1849 2624 in

438 2671 603 2776 predicta
630 2697 775 2747 camera
803 2670 849 2745 de
866 2667 999 2756 Cellis,
1019 2666 1153 2772 elapsis
1172 2667 1325 2745 duobus
1349 2669 1547 2750 mansibus
1572 2672 1630 2751 vel
1655 2674 1750 2753 circa
1768 2697 1850 2782 post
1953 2698 1956 2705 '

437 2800 697 2906 recepcionem
723 2797 840 2903 ipsius
862 2797 983 2886 testis,
1009 2796 1125 2874 nullis
1150 2796 1237 2873 aliis
1255 2797 1516 2902 presentibus,
1541 2829 1628 2880 cum
1644 2802 1724 2908 ipse
1746 2807 1849 2885 testis

436 2946 582 3033 peteret
606 2930 655 3007 ab
682 2956 728 3006 eo
760 2927 866 3033 quod
889 2925 1108 3004 informaret
1134 2954 1222 3004 eum
1261 2926 1309 3003 de
1334 2928 1485 3032 punctis
1510 2929 1722 3037 religionis,
1740 2937 1847 3041 quod

434 3057 569 3135 Jbesus
587 3085 665 3134 non
678 3057 799 3134 fuerat
817 3084 946 3160 passus
971 3084 1040 3133 nec
1055 3054 1253 3132 crucifixus
1268 3082 1337 3160 pro
1355 3057 1515 3161 peccatis
1529 3059 1759 3151 natumsed
1776 3092 1845 3168 pro

434 3183 530 3271 suis;
559 3183 699 3289 dequo
724 3184 826 3261 idem
857 3184 962 3261 testis
990 3182 1063 3261 fuit
1089 3183 1331 3261 vehementer
1350 3183 1525 3264 turbatus
1548 3204 1674 3265 oontm
1702 3188 1844 3269 dictum

432 3312 659 3390 avunculum
683 3341 811 3401 suum,
828 3330 871 3388 ut
892 3312 995 3390 dixit.
1028 3312 1077 3388 Et
1095 3313 1218 3391 dictus
1237 3311 1442 3391 avunculus
1461 3314 1557 3393 dixit
1578 3315 1633 3405 ei,
1661 3319 1845 3424 cumipse

431 3441 537 3519 testis
556 3441 850 3546 reprehenderet
877 3469 982 3531 eum,
1011 3468 1125 3545 quare
1148 3457 1325 3546 posuerat
1349 3440 1473 3546 ipsum
1500 3442 1540 3518 in
1554 3443 1620 3521 tali
1644 3444 1841 3552 religione,

430 3571 535 3677 quod
550 3588 688 3649 taceret
707 3572 795 3677 quia
818 3570 904 3646 satis
928 3568 1084 3648 haberet
1108 3571 1154 3646 de
1171 3569 1394 3660 infortunio,
1412 3587 1451 3647 et
1469 3570 1549 3677 ipse
1569 3573 1674 3651 testis
1692 3602 1843 3680 respon-

429 3698 484 3775 dit
507 3700 613 3808 quod
634 3699 852 3805 tempestive
880 3699 1101 3804 inceperunt
1125 3698 1196 3774 sibi
1217 3697 1314 3776 dicta
1332 3698 1534 3778 infortunia
1550 3701 1710 3779 evenire.
1726 3704 1839 3794 Item,

427 3826 520 3906 dixit
540 3829 644 3936 quod
667 3829 745 3933 ipse
775 3827 872 3904 bene
899 3827 1076 3905 credebat
1097 3826 1355 3905 ecclesiasticis
1374 3829 1630 3920 sacramentis,
1661 3847 1700 3907 et
1721 3833 1840 3909 credit

424 3958 527 4062 quod
546 3958 609 4035 alii
633 3958 764 4037 fratres
779 3958 922 4035 ordinis
939 3957 1074 4034 eodem
1089 3957 1205 4033 modo
1221 3957 1434 4050 crederent,
1458 3974 1498 4035 et
1512 3957 1617 4065 quod
1632 3985 1764 4039 eorum
1779 3990 1838 4039 sa-

423 4087 594 4165 cerdotes
622 4089 748 4166 debite
777 4087 1021 4165 celebrarent.
1052 4087 1232 4163 Jurabant
1261 4088 1434 4165 ordinem
1463 4116 1541 4167 nou
1561 4087 1677 4177 exire;
1712 4091 1837 4170 statim

422 4242 492 4319 pro
508 4217 683 4321 professis
704 4218 952 4295 habebantur.
974 4217 1215 4295 Clandestine
1239 4216 1528 4323 recipiebantur,
1555 4217 1671 4296 nullis
1685 4247 1837 4324 presen-

420 4343 523 4423 tibus
551 4345 622 4422 nisi
640 4344 816 4422 fratribus
836 4347 998 4436 ordinis,
1023 4374 1067 4422 ex
1090 4373 1167 4453 quo
1185 4345 1305 4423 credit
1330 4347 1435 4452 quod
1461 4363 1559 4425 esset
1570 4347 1735 4453 suspicio
1752 4377 1835 4427 con

420 4490 478 4551 tra
502 4502 580 4553 eos.
606 4474 784 4553 Cordulis
808 4473 910 4551 unde
927 4473 1103 4551 volebant
1118 4474 1315 4581 assumptis
1337 4474 1583 4580 cingebantur
1594 4503 1707 4581 super
1726 4479 1833 4555 cami-

418 4602 489 4678 sias
513 4632 600 4681 cum
631 4602 770 4708 quibus
793 4601 979 4708 jacebant.
1012 4603 1089 4694 Qui
1118 4603 1327 4683 noluissent
1361 4603 1481 4681 facere
1510 4604 1678 4709 predicta
1701 4605 1830 4685 illicita

416 4730 618 4809 confessam
640 4760 706 4836 per
727 4759 835 4821 eum,
860 4730 918 4808 sel
944 4730 1170 4809 revelassent
1192 4751 1332 4813 secreta
1356 4732 1637 4840 capitoliorum,
1657 4763 1731 4841 que
1749 4735 1828 4841 ipse
