4230 5956
465 436 538 515 sas
846 414 1041 508 anochs
1066 434 1162 506 nas
1186 433 1487 510 raurmnas.

460 576 618 657 testibus
633 592 671 653 et
689 574 871 682 magistris
884 574 1042 663 Amisia,
1062 572 1243 652 Gaufrido
1257 591 1295 653 et
1306 576 1432 655 Eveno
1445 579 1598 657 notariis
1610 579 1775 686 publicis
1784 609 1871 687 pre·

461 734 546 785 sens
570 703 737 793 interlui,
760 720 813 792 ct,
830 705 878 781 de
900 705 1075 782 mandato
1098 703 1187 779 dicti
1208 705 1463 795 commissarii,
1491 706 1553 785 hic
1577 736 1638 785 me
1659 709 1870 816 subscripsi

460 839 501 914 in
527 835 785 913 testimonium
809 835 1093 937 premissorum,
1123 833 1345 941 signumque
1376 864 1503 915 meum
1535 837 1687 916 solitum
1713 842 1868 946 apposui

461 981 620 1074 rogatus.

516 1228 563 1303 Et
586 1252 655 1330 ego
674 1223 874 1303 Gausridus
894 1222 1082 1329 Enguelor
1097 1220 1217 1300 dictus
1238 1223 1401 1330 Chalop,
1422 1225 1577 1319 clericus
1599 1225 1772 1305 Dolensis
1792 1228 1872 1305 dio-

462 1356 572 1443 cesis,
589 1354 787 1460 apostoliea
800 1353 1017 1431 auctoritate
1031 1353 1197 1430 notarius
1212 1353 1402 1459 publicus,
1422 1356 1602 1462 premissa
1618 1356 1715 1435 dicta
1732 1357 1794 1434 die
1809 1385 1874 1435 no-

461 1485 620 1563 vembris
639 1500 735 1573 acta,
756 1510 907 1589 presens
926 1511 1000 1560 una
1020 1512 1105 1561 cum
1134 1476 1242 1561 dic'tis
1265 1485 1418 1564 notariis
1443 1485 1505 1562 hic
1525 1456 1739 1591 subscriptis
1761 1504 1799 1563 et
1817 1504 1872 1564 te·

461 1613 580 1691 stibus
596 1612 764 1701 interfui,
783 1641 840 1689 me
861 1611 1077 1718 subscripsi,
1100 1629 1138 1689 et
1155 1612 1301 1718 signum
1323 1641 1447 1691 meum
1469 1614 1623 1720 apposui
1649 1635 1868 1693 consuetum

460 1761 618 1851 rogatus.

514 2006 561 2082 Et
576 2032 660 2111 cgo
686 2005 831 2080 Euenus
863 2001 958 2079 Phili
986 2002 1033 2079 de
1060 2003 1195 2079 Sancto
1227 2001 1371 2080 Nicasio
1403 2002 1558 2081 clericus
1585 2003 1870 2109 Corisopitensis

460 2134 632 2222 diocesis,
655 2132 853 2239 apostolica
866 2131 1040 2236 publicus
1055 2130 1270 2208 auctoritate
1290 2131 1472 2220 notarius,
1494 2131 1682 2238 premissis
1696 2133 1871 2210 omnibus

460 2265 497 2338 in
511 2261 673 2367 presenti
694 2279 731 2336 et
749 2260 962 2366 precedenti
979 2261 1088 2336 cartis
1105 2260 1287 2336 contentis
1305 2258 1475 2349 interfui,
1498 2258 1560 2338 bic
1576 2288 1638 2337 me
1652 2259 1866 2366 subscripsi,

460 2408 498 2466 et
517 2417 592 2466 una
612 2417 696 2466 cum
719 2388 872 2494 singulis
887 2389 1041 2466 notariis
1056 2387 1311 2493 suprascriptis
1324 2388 1470 2493 signum
1490 2417 1620 2465 meum
1636 2391 1788 2496 apposui
1808 2419 1868 2468 ro-

317 2500 323 2511 ’
456 2536 574 2624 gatus.

513 2785 554 2860 ln
569 2782 706 2861 Christi
716 2779 866 2858 nomine
889 2808 1008 2858 amen.
1025 2782 1151 2857 Pateat
1165 2775 1343 2857 universis
1359 2777 1463 2886 quod
1478 2807 1575 2858 anno
1585 2778 1737 2859 Domini
1754 2781 1869 2860 mille·

457 2914 552 2990 simo
568 2912 829 2990 trecentesimo
848 2912 1025 3016 septimo,
1042 2909 1244 2987 indictione
1261 2926 1375 2998 sexta,
1391 2909 1628 3016 pontificatus
1643 2913 1867 2990 sanctissimi

457 3043 570 3146 patris
592 3061 627 3118 et
651 3042 793 3118 domini
818 3041 959 3119 domini
979 3041 1183 3119 Clementis
1206 3039 1329 3116 divina
1352 3038 1587 3146 providencia
1609 3070 1729 3148 pappe
1748 3043 1867 3149 quinti

455 3198 553 3247 anno
569 3170 747 3256 secundo,
772 3169 833 3245 die
854 3170 981 3247 Martis
1004 3188 1090 3275 post
1114 3169 1249 3246 festum
1267 3169 1446 3248 Omnium
1472 3170 1707 3260 Sanctorum,
1732 3171 1869 3250 scilicet

455 3299 610 3405 septima
631 3300 691 3375 die
708 3297 939 3385 novembris,
961 3298 1178 3405 inreligiosi
1207 3315 1244 3374 et
1261 3298 1407 3376 honesti
1429 3299 1496 3374 viri
1521 3297 1643 3376 fratris
1661 3300 1799 3379 Nicolai
1820 3302 1867 3377 de
1942 3284 1946 3309 ⁴

454 3428 649 3506 Anessiaco
670 3428 812 3505 ordinis
827 3425 982 3503 fratrum
997 3428 1293 3515 Predicatorum,
1307 3429 1550 3506 commissarii
1564 3430 1641 3506 dati
1660 3459 1679 3506 a
1694 3430 1866 3538 religioso

456 3557 750 3637 ethonesto.viro
765 3556 876 3634 fratrc
892 3557 1095 3636 Guillelmo
1110 3558 1157 3634 de
1170 3557 1331 3635 Parisius
1351 3559 1522 3665 ejusdem
1534 3559 1693 3648 ordinis,
1711 3561 1866 3666 inquisi-

452 3707 532 3766 tore
545 3660 718 3764 heretice·
729 3688 914 3793 pravitatis
934 3688 971 3763 in
990 3698 1105 3794 regno
1121 3688 1276 3765 Francia
1296 3690 1513 3765 auctoritate
1533 3688 1730 3794 apostolica
1748 3691 1864 3795 depu-

451 3835 545 3907 tato,
569 3835 738 3896 nostrum
768 3817 995 3894 notariorum
1022 3817 1260 3922 publicorum
1293 3836 1330 3895 et
1362 3818 1511 3895 testium
1545 3814 1861 3921 infrascriptorum

450 3950 639 4054 presencia
654 3947 893 4054 personaliter
907 3948 1128 4023 constitutus
1144 3945 1256 4023 frater
1274 3948 1404 4025 Petrus
1428 3948 1475 4022 de
1489 3947 1654 4024 Bononia
1672 3947 1864 4052 presbyter

452 4095 489 4157 et
511 4079 691 4186 generalis
712 4096 929 4184 procurator
946 4079 1062 4154 totius
1079 4077 1219 4154 ordinis
1238 4076 1376 4154 milicie
1396 4076 1562 4182 Templi,
1585 4076 1690 4155 etatis
1708 4079 1864 4184 quadra-

448 4210 548 4317 ginta
567 4227 727 4315 quatuor
746 4236 928 4286 annorum
943 4209 1000 4285 vel
1016 4209 1127 4296 circa,
1144 4207 1288 4313 juratus
1302 4207 1351 4284 ad
1369 4224 1490 4285 sancta
1503 4208 1573 4284 Dei
1589 4208 1805 4314 Evangelia,
1828 4228 1865 4286 et

448 4340 648 4447 requisitus
668 4340 715 4415 de
736 4367 774 4415 se
796 4354 834 4415 ct
853 4339 934 4415 aliis
953 4338 1039 4416 dicti
1061 4336 1203 4415 ordinis
1221 4336 1360 4413 milicie
1380 4337 1528 4442 Templi
1549 4338 1773 4442 superdicto
1795 4341 1865 4414 cri-

450 4469 550 4546 mine
572 4469 701 4546 delatis
718 4468 839 4545 dicere
854 4468 1060 4555 veritatem,
1075 4467 1165 4544 dixit
1176 4496 1245 4572 per
1254 4467 1505 4575 juramentum
1523 4495 1633 4543 suum
1649 4467 1755 4572 quod
1765 4468 1862 4546 bene

447 4616 534 4674 sunt
545 4625 611 4675 xxv
626 4599 712 4675 anni
726 4597 783 4675 vel
798 4597 892 4673 eirca
913 4597 1016 4701 qnod
1034 4596 1105 4675 luit
1119 4615 1292 4704 receptus
1305 4598 1488 4686 bononie,
1509 4624 1577 4702 per
1592 4595 1740 4674 fratrem
1758 4596 1862 4675 Guil-

447 4723 604 4802 lelmum
626 4727 673 4803 de
691 4727 799 4804 Novis
822 4743 1077 4831 preceptorem
1096 4744 1185 4802 tunc
1209 4728 1247 4803 in
1273 4726 1514 4815 Lombardia,
1534 4726 1768 4832 presentibus
1783 4724 1859 4800 sra-
