4230 5956
555 509 598 575 10
946 478 1141 572 raocts
1167 497 1261 570 nas
1286 496 1583 568 rnurnruas.

551 663 668 737 retur,
688 643 756 721 sed
771 671 840 749 per
852 641 999 749 aliquos
1019 643 1059 718 in
1079 641 1270 748 aliquibus
1289 639 1393 717 locis.
1411 641 1506 716 ltem
1526 637 1638 728 dixit,
1656 638 1762 745 quod
1780 639 1859 745 ipse
1879 639 1979 717 bene

490 788 497 797 '
552 775 732 854 credebat
760 774 1020 853 ecclesiasticis
1047 771 1305 863 sacramentis,
1333 789 1370 848 et
1394 771 1514 848 credit
1537 771 1643 878 quod
1672 769 1734 848 alii
1760 771 1892 849 fratres
1917 802 1979 848 or-

553 907 652 986 dinis
666 907 764 984 bene
785 907 997 993 crederent,
1016 922 1054 983 et
1072 906 1179 1012 quod
1197 933 1331 982 eorum
1351 903 1563 982 sacerdotes
1583 903 1711 982 debite
1732 903 1976 981 celebrarent.

552 1040 653 1117 Laici
677 1056 848 1116 tenentes
870 1036 1034 1144 capitula
1053 1037 1093 1112 in
1118 1066 1253 1115 corum
1278 1036 1548 1114 terminacione
1575 1034 1751 1112 dicebant
1773 1035 1813 1111 in
1841 1034 1979 1113 ellectu

552 1170 639 1247 talia
669 1169 809 1247 verba:
838 1170 895 1248 De
923 1169 997 1247 biis
1025 1197 1099 1275 que
1129 1168 1340 1246 obmittetis
1371 1166 1511 1256 dicere,
1539 1183 1691 1274 propter
1711 1167 1978 1245 verecundiam
2053 1185 2056 1189 ’

553 1303 673 1397 carnis
700 1300 760 1380 vel
780 1318 934 1410 propter
961 1301 1140 1378 timorem
1170 1298 1367 1407 discipline
1396 1299 1558 1388 ordinis,
1590 1327 1661 1375 nos
1684 1297 1842 1376 facimus
1872 1299 1979 1376 vobis

552 1432 667 1511 talem
693 1434 973 1542 indulgenciam
993 1433 1146 1541 qualem
1169 1460 1387 1539 possumus,
1414 1429 1480 1506 sed
1504 1428 1717 1537 loquamini
1743 1429 1791 1506 de
1813 1430 1887 1507 hoc
1907 1428 1978 1506 lra-

551 1562 673 1641 tribus
687 1563 956 1643 sacerdotibus.
978 1564 1192 1671 Requisitus
1213 1564 1244 1639 si
1263 1591 1330 1669 per
1347 1561 1446 1639 dicta
1466 1560 1577 1638 verba
1597 1560 1741 1668 prelata
1761 1560 1876 1666 aliqui
1901 1588 1980 1638 cre-

553 1693 693 1774 debant
717 1721 797 1773 esse
820 1695 1021 1774 absolutis
1038 1695 1198 1802 peccatis
1215 1691 1424 1770 venialibus
1443 1691 1502 1770 vel
1520 1692 1761 1783 mortalibus,
1783 1694 1979 1801 respondit

552 1829 656 1934 quod
669 1830 749 1936 ipse
765 1859 843 1908 non
859 1831 994 1920 credit,
1014 1857 1085 1906 nec
1101 1829 1221 1907 credit
1232 1829 1337 1935 quod
1354 1827 1417 1904 alii
1435 1829 1649 1920 crederent,
1666 1828 1733 1905 sed
1752 1856 1797 1904 ex
1816 1828 1978 1935 quadam

551 1959 826 2038 consuetudine
841 1961 1019 2037 dicebant
1026 1960 1197 2066 predicta
1207 1960 1329 2038 verba.
1342 1959 1558 2065 Requisitus
1571 1959 1602 2037 si
1615 1958 1655 2034 in
1671 1958 1845 2067 capitulis
1859 1960 1980 2035 mani·

550 2088 733 2169 festabant
752 2107 900 2197 peccata
916 2118 1050 2167 eorum
1070 2089 1248 2178 carnalia,
1272 2090 1472 2197 respondit
1490 2090 1596 2196 quod
1616 2092 1690 2168 hoc
1711 2119 1908 2197 nunquam
1928 2091 1979 2166 vi-

552 2219 660 2297 derat
688 2248 759 2296 nec
782 2220 975 2296 audiverat
1002 2217 1099 2295 fieri.
1127 2221 1245 2306 Item,
1273 2219 1365 2295 dixit
1389 2220 1496 2326 quod
1519 2249 1563 2296 ex
1582 2221 1787 2327 privilegiis
1810 2222 1976 2311 ordinis,

551 2349 677 2430 statim
699 2378 768 2457 pro
786 2349 961 2457 professis
984 2350 1233 2441 habebantur,
1260 2368 1304 2428 ut
1324 2370 1479 2458 possent
1497 2351 1601 2427 micti
1628 2350 1726 2427 ultra
1754 2379 1857 2427 mare
1884 2381 1980 2458 quo-

553 2509 715 2587 cumque
734 2481 995 2589 injungeretur
1016 2481 1082 2558 eis.
1106 2481 1311 2560 Dicebatur
1331 2482 1385 2561 eis
1400 2481 1507 2590 quod
1527 2481 1669 2587 absque
1694 2480 1849 2557 licencia
1869 2484 1979 2588 supe'-

551 2612 696 2690 riorum
718 2640 796 2690 non
817 2630 990 2720 poterant
1009 2613 1108 2690 exire
1131 2613 1318 2691 ordinem.
1340 2611 1517 2691 Cordulis
1533 2612 1734 2721 assumptis
1753 2612 1858 2689 unde
1880 2614 1979 2692 vole-

552 2742 642 2824 bant
662 2744 908 2854 cingebantur
927 2773 1041 2850 supcr
1060 2745 1229 2822 camisias
1250 2776 1337 2823 cum
1362 2747 1501 2853 quibus
1518 2746 1713 2853 jacebant,
1736 2762 1806 2821 nec
1823 2745 1892 2823 scit
1910 2772 1979 2823 nec

550 2877 671 2955 credit
696 2877 802 2984 quod
829 2894 1028 2985 tangerent
1057 2878 1176 2985 capita
1204 2878 1424 2985 ydolorum,
1458 2907 1528 2956 nec
1556 2878 1663 2986 quod
1693 2876 1877 2956 baberent
1908 2907 1978 2955 nec

551 3009 751 3086 adorarent
767 3007 890 3115 ydola.
911 3009 987 3103 Qui
1007 3009 1234 3088 revelassent
1253 3028 1394 3087 secreta
1415 3011 1669 3118 capitulorum
1696 3010 1754 3086 vel
1775 3039 1912 3117 eaque
1938 3010 1977 3086 in

549 3137 640 3243 ipsis
663 3137 834 3246 capitulis
853 3139 1059 3248 agebantur
1078 3141 1174 3218 circa
1196 3142 1438 3248 recepciones
1456 3142 1515 3218 vel
1539 3141 1627 3229 alia,
1656 3142 1774 3217 eciam
1799 3141 1978 3221 fratribus

434 3368 437 3373 ¹
550 3269 616 3376 qui
643 3298 722 3348 non
745 3270 960 3364 adfuerant,
987 3272 1144 3351 fuissent
1167 3273 1384 3350 incarcerati
1411 3291 1449 3350 et
1470 3273 1607 3382 puniti.
1639 3271 1791 3380 Absque
1822 3273 1977 3350 licencia

551 3428 629 3480 non
646 3420 820 3509 poterant
839 3404 910 3482 nisi
930 3404 1189 3483 sacerdotibus
1210 3405 1354 3483 ordinis
1373 3406 1556 3484 confiteri.
1578 3409 1726 3484 Fratres
1742 3406 1900 3484 scientes
1919 3435 1976 3482 er·

550 3560 654 3613 rores
665 3532 822 3613 luerunt
835 3537 1079 3646 negligentes,
1101 3539 1190 3646 quia
1208 3566 1286 3615 non
1300 3555 1542 3616 correxerunt
1558 3566 1621 3615 eos
1639 3567 1710 3615 nec
1729 3538 1978 3615 denunciave-

550 3681 640 3743 runt
656 3664 832 3745 Ecclesie.
852 3669 1123 3778 Injuugebatur
1143 3670 1183 3746 in
1202 3669 1337 3748 ordine
1353 3670 1459 3778 quod
1478 3669 1703 3748 elemosinas
1724 3687 1762 3747 et
1782 3669 1976 3776 hospitali-

548 3811 666 3874 tatem
686 3796 813 3876 debite
835 3801 1096 3890 observarent,
1120 3818 1159 3879 et
1177 3830 1238 3881 eas
1258 3801 1353 3880 vidit
1373 3804 1642 3881 convenienter
1660 3803 1700 3879 in
1722 3803 1821 3879 dicto
1843 3801 1976 3878 ordine

551 3926 632 4005 fieri
652 3948 691 4006 et
709 3932 862 4022 servari;
884 3950 923 4010 et
936 3933 1181 4013 inhibebatur
1199 3935 1304 4041 quod
1329 3935 1465 4043 injuste
1486 3962 1564 4012 non
1584 3934 1822 4040 acquirerent
1837 3932 1973 4008 ordini.

549 4058 678 4136 Januis
694 4059 847 4153 clausis,
866 4064 982 4144 nullis
996 4066 1237 4174 presentibus
1253 4065 1325 4144 nisi
1340 4065 1519 4145 fratribus
1538 4065 1700 4155 ordinis,
1724 4091 1856 4139 eorum
1880 4063 1978 4166 capi-

550 4187 644 4267 tulia
669 4192 906 4274 tenebantur.
934 4198 1048 4293 Quod
1068 4227 1228 4308 magnus
1257 4199 1434 4308 Magister
1458 4225 1546 4274 cum
1573 4214 1760 4273 conventu
1789 4192 1977 4271 statuisset

543 4341 730 4409 ¹servasset
750 4341 854 4405 totus
874 4330 989 4420 ordo,
1015 4349 1144 4409 contra
1165 4360 1281 4437 quem
1303 4361 1405 4410 nunc
1424 4329 1581 4439 grandia
1601 4326 1792 4417 scandala,
1814 4325 1976 4432 suspicio

550 4469 587 4530 et
599 4453 751 4536 infamia
769 4476 858 4535 sunt
879 4477 1017 4537 exorta.
1040 4460 1258 4538 Confessata
1276 4491 1345 4567 per
1365 4491 1453 4539 eum
1479 4461 1599 4538 credit
1619 4460 1723 4566 quod
1746 4473 1870 4534 essent
1888 4473 1975 4533 nota

550 4583 681 4661 multis
693 4616 736 4664 ex
748 4586 927 4667 fratribus
940 4589 1103 4681 ordinis,
1125 4590 1173 4666 ad
1189 4592 1296 4696 cujus
1312 4620 1350 4668 se
1366 4591 1642 4669 deffensionem
1656 4616 1733 4665 non
1746 4587 1946 4664 obtulerat.

607 4714 822 4821 Requisitus
836 4719 866 4795 si
882 4719 935 4797 sic
950 4719 1176 4826 deposuerat
1190 4750 1316 4829 prece,
1339 4738 1534 4828 precepto,
1553 4721 1706 4808 timore,
1726 4746 1869 4806 amore,
1888 4716 1976 4793 odio

549 4841 608 4921 vel
628 4849 789 4927 comodo
806 4851 1004 4956 temporali
1024 4852 1153 4930 habito
1168 4853 1228 4931 vel
1244 4852 1440 4940 habendo,
1463 4851 1658 4960 respondit
1677 4850 1781 4957 quod
1798 4879 1892 4941 non,
1910 4848 1976 4928 sed
