4230 5956
496 469 563 536 ιη
880 441 1072 533 auocbs
1097 459 1193 530 nus
1219 456 1499 530 vvurtum.

488 602 679 710 protestati
707 601 811 708 quod
838 627 915 676 non
942 599 1145 674 intendunt
1171 596 1347 673 recedere
1372 626 1392 673 a
1420 597 1721 705 deposiciouibus
1741 603 1819 678 suis
1838 632 1906 708 per

489 764 552 812 eos
568 733 671 810 factis
691 759 816 808 coram
837 730 992 806 domino
1008 729 1182 833 episcopo
1202 726 1510 804 Claramontensi.
1593 782 1596 787 n

544 995 629 1087 Quo
639 993 747 1080 facto,
760 992 881 1067 dictus
897 989 1011 1065 frater
1021 988 1253 1064 Bertrandus
1267 987 1542 1077 deVillaribus,
1560 989 1607 1065 de
1621 990 1759 1067 diocesi
1775 995 1904 1071 Lemo-

486 1123 622 1200 vicensi
648 1122 853 1209 oriundus,
875 1136 1071 1224 preceptor
1090 1118 1137 1208 dc
1163 1121 1267 1222 Rupe
1294 1119 1418 1195 Sancti
1438 1117 1566 1206 Pauli,
1587 1119 1903 1227 quadragenarius

484 1253 542 1327 vel
562 1253 674 1338 circa,
696 1249 890 1327 absolutus
910 1266 947 1324 et
966 1247 1226 1324 reconciliatus
1245 1275 1312 1352 per
1336 1248 1532 1324 dominum
1553 1247 1901 1328 Claramontensem

486 1385 719 1489 episcopum,
741 1383 806 1486 qui
828 1380 1068 1486 inquisiverat
1087 1407 1172 1455 cum
1199 1405 1260 1466 eo,
1287 1377 1509 1455 mantellum
1530 1378 1675 1456 ordinis
1694 1379 1898 1469 defferens,

484 1513 589 1588 lectis
614 1525 652 1587 et
678 1510 879 1616 diligenter
898 1509 1074 1613 expositis
1098 1506 1168 1584 sibi
1194 1507 1371 1583 omnibus
1391 1524 1430 1583 et
1455 1507 1612 1614 singulis
1636 1509 1818 1599 articulis,
1844 1539 1903 1587 re·

484 1642 636 1746 spondit
650 1667 689 1716 se
713 1639 877 1723 nescire,
898 1665 967 1714 nec
993 1639 1164 1726 credere,
1186 1664 1256 1713 nec
1273 1637 1456 1714 audivisse
1477 1637 1525 1713 de
1546 1639 1731 1716 contentis
1750 1641 1789 1716 in
1809 1641 1900 1746 ipsis

484 1771 649 1846 articulis
672 1770 741 1846 nisi
770 1769 874 1874 quod
898 1768 1079 1874 sequitur.
1108 1766 1210 1844 Dixit
1231 1767 1336 1844 enim
1363 1794 1403 1844 se
1428 1765 1543 1845 {uisse
1569 1786 1759 1873 receptum
1782 1770 1821 1844 in
1840 1799 1900 1846 ca·

484 1899 582 2004 pella
608 1900 744 1976 domus
764 1898 910 2002 Templi
937 1897 984 1972 de
1010 1896 1195 1973 Paulbeoo
1219 1896 1493 2001 Lemovicensis
1522 1895 1695 1984 diocesis,
1724 1898 1817 1973 circa
1844 1899 1899 1973 i'n-

484 2050 582 2109 stans
609 2032 747 2108 festum
776 2028 974 2105 nativitatis
992 2026 1091 2104 beati
1111 2026 1291 2103 lobannis
1313 2027 1475 2130 Baptista
1493 2044 1607 2105 erunt
1626 2054 1710 2105 xvru
1734 2029 1820 2104 anni
1840 2029 1897 2104 vel

484 2163 596 2246 circa,
624 2188 691 2263 per
718 2159 870 2235 fratrem
896 2158 1108 2255 Gerardum
1133 2157 1181 2232 de
1208 2157 1365 2234 Sanzeto
1391 2156 1552 2233 militem
1576 2158 1787 2263 quondam,
1808 2175 1899 2234 tuuc

483 2297 740 2395 preceptorem
760 2286 951 2372 Alvernie,
971 2284 1209 2389 presentibus
1227 2284 1405 2361 fratribus
1424 2285 1594 2361 lobanne
1614 2285 1662 2361 de
1682 2287 1818 2363 Sancto
1833 2287 1899 2362 Hi-

483 2417 576 2493 lario
609 2433 700 2492 tunc
730 2430 947 2520 preceptore
978 2413 1075 2490 dicte
1108 2415 1262 2501 domus,
1293 2409 1537 2492 Garatom
1562 2415 1667 2491 Briva
1697 2433 1787 2492 tunc
1815 2445 1898 2521 pre·

483 2565 631 2652 ceptore
656 2545 704 2621 de
720 2542 928 2631 Montibus,
946 2542 1113 2621 Gerardo
1134 2543 1182 2619 dc
1198 2543 1333 2620 Sancto
1349 2544 1560 2631 Martineto,
1579 2546 1689 2623 Petro
1703 2547 1896 2652 Reyuaudi

481 2695 572 2752 tunc
584 2691 801 2781 preceptore
814 2674 949 2749 domus
967 2672 1014 2749 de
1029 2673 1185 2749 Buxeria
1202 2673 1614 2778 RaspitLemovicensis
1629 2674 1805 2763 diocesis,
1823 2676 1898 2752 del-

481 2806 632 2894 functis,
651 2807 688 2881 in
705 2806 806 2881 hunc
821 2803 978 2880 modum
996 2835 1004 2879 :
1021 2830 1108 2878 nam
1124 2819 1207 2878 ante
1223 2803 1349 2880 omnia
1364 2803 1533 2879 lecerunt
1547 2831 1635 2880 eum
1647 2805 1777 2909 jurare
1791 2809 1898 2912 quod

481 2964 558 3013 non
577 2935 758 3012 revelaret
776 2949 914 3010 secreta
938 2932 1206 3036 capimlorum,
1229 2949 1267 3008 ct
1291 2932 1533 3038 postmodum
1556 2960 1687 3011 vovere
1712 2952 1750 3009 et
1767 2936 1895 3040 jurare

481 3064 702 3151 castitatem,
720 3061 1000 3149 obedienciam,
1020 3079 1057 3136 et
1073 3062 1194 3138 vivere
1208 3061 1290 3137 sine
1309 3061 1475 3167 proprio.
1488 3062 1635 3139 Deinde
1653 3061 1764 3139 allata
1778 3066 1896 3140 nescit

480 3219 688 3297 perquem
715 3191 877 3296 quadam
905 3217 1013 3266 cruce
1041 3190 1249 3278 metallina,
1279 3191 1318 3266 in
1341 3165 1416 3296 (pra
1441 3207 1521 3290 erat
1540 3218 1674 3299 ymago
1700 3192 1893 3282 Crucifiri,

480 3349 593 3424 quam
612 3320 763 3396 tenebat
777 3318 878 3395 idem
895 3336 1065 3425 receptor
1079 3319 1117 3394 in
1132 3348 1247 3396 manu
1261 3347 1347 3407 sua,
1367 3319 1536 3424 precepit
1550 3319 1675 3397 eidem
1690 3321 1777 3398 testi
1792 3324 1895 3428 quod

480 3449 678 3555 abnegaret
704 3450 861 3525 lbesum
887 3449 1078 3526 Christum
1103 3468 1141 3526 et
1163 3450 1267 3555 quod
1293 3464 1444 3556 spueret
1462 3477 1577 3555 super
1596 3449 1733 3527 dictam
1757 3455 1896 3558 ymagi-

480 3605 587 3663 nem,
610 3594 648 3653 et
670 3579 749 3683 ipse
763 3577 868 3654 testis
883 3577 1125 3683 stupefactus,
1147 3578 1234 3684 quia
1250 3577 1398 3684 juvenis
1413 3594 1508 3665 erat,
1528 3576 1723 3684 abnegavit
1740 3582 1893 3658 lbesum

479 3710 672 3787 Christum
692 3737 756 3785 ore
778 3736 854 3785 non
875 3708 1007 3796 corde,
1029 3726 1066 3785 et
1085 3710 1187 3813 spuit
1201 3710 1306 3816 juxta
1326 3707 1464 3783 dictam
1479 3736 1648 3797 crucem,
1669 3737 1745 3786 non
1762 3740 1891 3816 supra,

479 3859 522 3916 ut
540 3840 642 3922 dixit.
665 3841 777 3927 Item,
797 3839 888 3915 dixit
909 3839 1031 3915 eidem
1052 3840 1137 3916 testi
1157 3840 1260 3946 quod
1279 3837 1475 3915 carnaliter
1495 3855 1642 3942 poterat
1660 3843 1891 3916 commisceri

478 3970 652 4047 tratribus
672 3969 814 4046 ordinis
834 3987 871 4045 et
891 3967 960 4075 ipsi
981 3998 1067 4045 cum
1088 3997 1152 4058 eo,
1175 3987 1214 4046 et
1232 3968 1338 4045 dedit
1362 3967 1396 4044 ei
1419 3965 1611 4043 licenciam
1636 3968 1740 4071 quod
1764 3969 1804 4042 in
1831 3998 1892 4045 or-

479 4099 566 4173 dine
596 4118 718 4203 posset
743 4102 952 4207 promoveri
981 4100 1027 4177 ad
1052 4099 1327 4186 sacerdocium,
1350 4116 1388 4173 et
1405 4097 1578 4202 precepit⁴
1593 4097 1716 4200 quod,
1739 4100 1892 4203 quando

480 4229 628 4303 missam
648 4229 873 4322 celebraret,
894 4231 1110 4309 obmitteret
1129 4230 1192 4307 illa
1211 4228 1322 4306 verba
1342 4227 1519 4304 canonis:
1538 4228 1616 4329 Hoc
1636 4245 1688 4304 est
1706 4236 1795 4304 enim
1817 4260 1892 4307 cor·

474 4387 539 4461 pur
559 4387 680 4434 meam.
710 4360 857 4436 Deinde
884 4361 957 4437 suit
981 4359 1167 4438 osculatus
1192 4360 1296 4436 idem
1321 4373 1493 4464 receptor
1518 4356 1729 4462 predictum
1757 4376 1891 4436 testem

477 4488 516 4563 in
531 4487 711 4566 umbilico
729 4488 770 4564 in
784 4516 892 4564 carne
908 4490 1026 4575 nuda,
1044 4507 1083 4565 et
1097 4490 1190 4566 dixit
1207 4490 1241 4565 ei
1257 4490 1296 4564 in
1312 4488 1502 4595 presencia
1516 4487 1770 4593 predictorum
1785 4489 1889 4592 quod

477 4617 684 4719 supradicta
711 4618 842 4694 omnia
866 4615 993 4692 illicita
1020 4634 1122 4692 erant
1150 4619 1189 4693 in
1211 4618 1347 4695 ordine
1368 4617 1449 4694 lieri
1480 4633 1674 4704 consueta,
1703 4631 1743 4691 et
1768 4615 1889 4720 impo-

476 4744 552 4820 suit
566 4745 600 4818 ei
616 4745 856 4835 mantellum3
874 4762 913 4821 et
927 4745 1046 4821 credit
1060 4748 1164 4851 quod
1179 4748 1346 4853 predicta
1361 4746 1489 4827 illicita
1506 4745 1774 4824 intervenirent
1788 4772 1888 4819 com·
