<?xml version="1.0" encoding="UTF-8"?>
<!DOCTYPE html PUBLIC "-//W3C//DTD XHTML 1.0 Transitional//EN"
    "http://www.w3.org/TR/xhtml1/DTD/xhtml1-transitional.dtd">
<html xmlns="http://www.w3.org/1999/xhtml" xml:lang="en" lang="en">
 <head>
  <title>
</title>
<meta http-equiv="Content-Type" content="text/html;charset=utf-8" />
  <meta name='ocr-system' content='tesseract 3.04.00' />
  <meta name='ocr-capabilities' content='ocr_page ocr_carea ocr_par ocr_line ocrx_word'/>
</head>
<body>
  <div class='ocr_page' id='page_1' title='image "./procsdestemplie01defegoog/procsdestemplie01defegoog_0413.png"; bbox 0 0 4230 5956; ppageno 0'>
   <div class='ocr_carea' id='block_1_1' title="bbox 717 481 1739 577">
    <p class='ocr_par' dir='ltr' id='par_1_1' title="bbox 717 481 1739 577">
     <span class='ocr_line' id='line_1_1' title="bbox 717 481 1739 577; baseline 0.005 -7"><span class='ocrx_word' id='word_1_1' title='bbox 717 481 909 573; x_wconf 77' lang='lat' dir='ltr'><strong>raoets</strong></span> <span class='ocrx_word' id='word_1_2' title='bbox 935 501 1030 572; x_wconf 81' lang='lat' dir='ltr'><strong>uas</strong></span> <span class='ocrx_word' id='word_1_3' title='bbox 1056 498 1353 572; x_wconf 70' lang='lat' dir='ltr'><strong>reuertens.</strong></span> <span class='ocrx_word' id='word_1_4' title='bbox 1667 504 1739 577; x_wconf 76' lang='lat' dir='ltr'><strong>sar</strong></span> 
     </span>
    </p>
   </div>
   <div class='ocr_carea' id='block_1_2' title="bbox 326 639 1741 975">
    <p class='ocr_par' dir='ltr' id='par_1_2' title="bbox 326 639 1741 975">
     <span class='ocr_line' id='line_1_2' title="bbox 326 639 1741 746; baseline 0.006 -33"><span class='ocrx_word' id='word_1_5' title='bbox 326 639 396 715; x_wconf 89' lang='lat' dir='ltr'><strong>bus</strong></span> <span class='ocrx_word' id='word_1_6' title='bbox 417 656 453 713; x_wconf 92' lang='lat' dir='ltr'><strong>et</strong></span> <span class='ocrx_word' id='word_1_7' title='bbox 468 639 619 714; x_wconf 89' lang='lat' dir='ltr'><strong>notariis</strong></span> <span class='ocrx_word' id='word_1_8' title='bbox 637 642 906 746; x_wconf 81' lang='lat' dir='ltr'><strong>suprascriptis,</strong></span> <span class='ocrx_word' id='word_1_9' title='bbox 933 658 971 718; x_wconf 91' lang='lat' dir='ltr'><strong>et</strong></span> <span class='ocrx_word' id='word_1_10' title='bbox 987 671 1059 717; x_wconf 86' lang='lat' dir='ltr'><strong>una</strong></span> <span class='ocrx_word' id='word_1_11' title='bbox 1075 669 1159 717; x_wconf 90' lang='lat' dir='ltr'><strong>cum</strong></span> <span class='ocrx_word' id='word_1_12' title='bbox 1177 640 1292 745; x_wconf 84' lang='lat' dir='ltr'><strong>signis</strong></span> <span class='ocrx_word' id='word_1_13' title='bbox 1311 657 1348 716; x_wconf 89' lang='lat' dir='ltr'><strong>et</strong></span> <span class='ocrx_word' id='word_1_14' title='bbox 1363 641 1614 746; x_wconf 91' lang='lat' dir='ltr'><strong>subscriptum</strong></span> <span class='ocrx_word' id='word_1_15' title='bbox 1633 662 1741 724; x_wconf 75' lang='lat' dir='ltr'><strong>nota-</strong></span> 
     </span>
     <span class='ocr_line' id='line_1_3' title="bbox 326 768 1739 877; baseline 0.006 -35"><span class='ocrx_word' id='word_1_16' title='bbox 326 769 466 845; x_wconf 83' lang='lat' dir='ltr'>riorum</span> <span class='ocrx_word' id='word_1_17' title='bbox 492 768 656 872; x_wconf 87' lang='lat' dir='ltr'><strong>ipsorum</strong></span> <span class='ocrx_word' id='word_1_18' title='bbox 677 770 824 877; x_wconf 79' lang='lat' dir='ltr'><strong>signum</strong></span> <span class='ocrx_word' id='word_1_19' title='bbox 839 798 966 847; x_wconf 90' lang='lat' dir='ltr'><strong>meum</strong></span> <span class='ocrx_word' id='word_1_20' title='bbox 993 786 1211 848; x_wconf 89' lang='lat' dir='ltr'><strong>consuetum</strong></span> <span class='ocrx_word' id='word_1_21' title='bbox 1235 778 1384 875; x_wconf 83' lang='lat' dir='ltr'><strong>rogatus</strong></span> <span class='ocrx_word' id='word_1_22' title='bbox 1404 772 1577 875; x_wconf 90' lang='lat' dir='ltr'><strong>apposui,</strong></span> <span class='ocrx_word' id='word_1_23' title='bbox 1599 773 1661 849; x_wconf 90' lang='lat' dir='ltr'><strong>bic</strong></span> <span class='ocrx_word' id='word_1_24' title='bbox 1679 802 1739 850; x_wconf 90' lang='lat' dir='ltr'><strong>me</strong></span> 
     </span>
     <span class='ocr_line' id='line_1_4' title="bbox 326 898 574 975; baseline 0.004 -2"><span class='ocrx_word' id='word_1_25' title='bbox 326 898 574 975; x_wconf 83' lang='lat' dir='ltr'><strong>subscribens.</strong></span> 
     </span>
    </p>
   </div>
   <div class='ocr_carea' id='block_1_3' title="bbox 323 1158 1740 4903">
    <p class='ocr_par' dir='ltr' id='par_1_3' title="bbox 323 1158 1740 4903">
     <span class='ocr_line' id='line_1_5' title="bbox 383 1158 1737 1267; baseline 0.005 -34"><span class='ocrx_word' id='word_1_26' title='bbox 383 1160 421 1233; x_wconf 90' lang='lat' dir='ltr'><strong>ln</strong></span> <span class='ocrx_word' id='word_1_27' title='bbox 441 1160 592 1235; x_wconf 89' lang='lat' dir='ltr'><strong>nomine</strong></span> <span class='ocrx_word' id='word_1_28' title='bbox 607 1158 758 1236; x_wconf 86' lang='lat' dir='ltr'><strong>Domini</strong></span> <span class='ocrx_word' id='word_1_29' title='bbox 784 1187 905 1236; x_wconf 89' lang='lat' dir='ltr'><strong>amen.</strong></span> <span class='ocrx_word' id='word_1_30' title='bbox 929 1161 1036 1235; x_wconf 84' lang='lat' dir='ltr'><strong>Anno</strong></span> <span class='ocrx_word' id='word_1_31' title='bbox 1059 1160 1226 1265; x_wconf 87' lang='lat' dir='ltr'><strong>ejusdem</strong></span> <span class='ocrx_word' id='word_1_32' title='bbox 1247 1160 1446 1237; x_wconf 89' lang='lat' dir='ltr'><strong>millesimo</strong></span> <span class='ocrx_word' id='word_1_33' title='bbox 1467 1175 1547 1239; x_wconf 83' lang='lat' dir='ltr'><strong>ccc⁰</strong></span> <span class='ocrx_word' id='word_1_34' title='bbox 1561 1161 1737 1267; x_wconf 89' lang='lat' dir='ltr'><strong>septimo,</strong></span> 
     </span>
     <span class='ocr_line' id='line_1_6' title="bbox 325 1286 1740 1395; baseline 0.004 -33"><span class='ocrx_word' id='word_1_35' title='bbox 325 1288 512 1364; x_wconf 90' lang='lat' dir='ltr'><strong>indicione</strong></span> <span class='ocrx_word' id='word_1_36' title='bbox 529 1305 643 1378; x_wconf 87' lang='lat' dir='ltr'><strong>sexta,</strong></span> <span class='ocrx_word' id='word_1_37' title='bbox 667 1317 793 1366; x_wconf 91' lang='lat' dir='ltr'><strong>mense</strong></span> <span class='ocrx_word' id='word_1_38' title='bbox 809 1289 1036 1375; x_wconf 82' lang='lat' dir='ltr'><strong>novembris,</strong></span> <span class='ocrx_word' id='word_1_39' title='bbox 1058 1286 1228 1394; x_wconf 89' lang='lat' dir='ltr'><strong>ejusdem</strong></span> <span class='ocrx_word' id='word_1_40' title='bbox 1249 1291 1385 1365; x_wconf 88' lang='lat' dir='ltr'><strong>mensis</strong></span> <span class='ocrx_word' id='word_1_41' title='bbox 1404 1290 1465 1366; x_wconf 92' lang='lat' dir='ltr'><strong>die</strong></span> <span class='ocrx_word' id='word_1_42' title='bbox 1480 1316 1573 1378; x_wconf 81' lang='lat' dir='ltr'><strong>xxm,</strong></span> <span class='ocrx_word' id='word_1_43' title='bbox 1590 1290 1740 1395; x_wconf 85' lang='lat' dir='ltr'><strong>pontifi-</strong></span> 
     </span>
     <span class='ocr_line' id='line_1_7' title="bbox 326 1417 1739 1525; baseline 0.004 -33"><span class='ocrx_word' id='word_1_44' title='bbox 326 1434 428 1494; x_wconf 88' lang='lat' dir='ltr'><strong>catus</strong></span> <span class='ocrx_word' id='word_1_45' title='bbox 438 1418 655 1494; x_wconf 82' lang='lat' dir='ltr'><strong>sanctissimi</strong></span> <span class='ocrx_word' id='word_1_46' title='bbox 669 1420 781 1524; x_wconf 86' lang='lat' dir='ltr'><strong>patris</strong></span> <span class='ocrx_word' id='word_1_47' title='bbox 796 1435 833 1494; x_wconf 90' lang='lat' dir='ltr'><strong>et</strong></span> <span class='ocrx_word' id='word_1_48' title='bbox 846 1419 989 1496; x_wconf 90' lang='lat' dir='ltr'><strong>domini</strong></span> <span class='ocrx_word' id='word_1_49' title='bbox 1002 1418 1145 1494; x_wconf 90' lang='lat' dir='ltr'><strong>domini</strong></span> <span class='ocrx_word' id='word_1_50' title='bbox 1156 1417 1359 1495; x_wconf 89' lang='lat' dir='ltr'><strong>Clementis</strong></span> <span class='ocrx_word' id='word_1_51' title='bbox 1371 1419 1492 1495; x_wconf 90' lang='lat' dir='ltr'><strong>divina</strong></span> <span class='ocrx_word' id='word_1_52' title='bbox 1503 1420 1739 1525; x_wconf 77' lang='lat' dir='ltr'><strong>providencia</strong></span> 
     </span>
     <span class='ocr_line' id='line_1_8' title="bbox 324 1547 1739 1653; baseline 0.004 -31"><span class='ocrx_word' id='word_1_53' title='bbox 324 1575 417 1653; x_wconf 89' lang='lat' dir='ltr'><strong>pape</strong></span> <span class='ocrx_word' id='word_1_54' title='bbox 439 1548 557 1652; x_wconf 86' lang='lat' dir='ltr'><strong>quinti</strong></span> <span class='ocrx_word' id='word_1_55' title='bbox 574 1575 671 1624; x_wconf 90' lang='lat' dir='ltr'><strong>anno</strong></span> <span class='ocrx_word' id='word_1_56' title='bbox 687 1548 868 1637; x_wconf 86' lang='lat' dir='ltr'><strong>secundo,</strong></span> <span class='ocrx_word' id='word_1_57' title='bbox 886 1550 924 1623; x_wconf 92' lang='lat' dir='ltr'><strong>in</strong></span> <span class='ocrx_word' id='word_1_58' title='bbox 942 1548 1131 1653; x_wconf 83' lang='lat' dir='ltr'><strong>presencia</strong></span> <span class='ocrx_word' id='word_1_59' title='bbox 1146 1547 1310 1653; x_wconf 83' lang='lat' dir='ltr'><strong>religiosi</strong></span> <span class='ocrx_word' id='word_1_60' title='bbox 1326 1566 1363 1624; x_wconf 91' lang='lat' dir='ltr'><strong>et</strong></span> <span class='ocrx_word' id='word_1_61' title='bbox 1376 1549 1521 1626; x_wconf 88' lang='lat' dir='ltr'><strong>honesti</strong></span> <span class='ocrx_word' id='word_1_62' title='bbox 1537 1550 1603 1625; x_wconf 89' lang='lat' dir='ltr'><strong>viri</strong></span> <span class='ocrx_word' id='word_1_63' title='bbox 1619 1549 1739 1627; x_wconf 80' lang='lat' dir='ltr'><strong>fratris</strong></span> 
     </span>
     <span class='ocr_line' id='line_1_9' title="bbox 324 1677 1737 1766; baseline 0.001 -13"><span class='ocrx_word' id='word_1_64' title='bbox 324 1677 463 1754; x_wconf 90' lang='lat' dir='ltr'><strong>Nicolai</strong></span> <span class='ocrx_word' id='word_1_65' title='bbox 493 1679 539 1754; x_wconf 91' lang='lat' dir='ltr'><strong>de</strong></span> <span class='ocrx_word' id='word_1_66' title='bbox 566 1679 762 1755; x_wconf 87' lang='lat' dir='ltr'><strong>Anessiaco</strong></span> <span class='ocrx_word' id='word_1_67' title='bbox 805 1678 947 1755; x_wconf 89' lang='lat' dir='ltr'><strong>ordinis</strong></span> <span class='ocrx_word' id='word_1_68' title='bbox 980 1677 1137 1754; x_wconf 84' lang='lat' dir='ltr'><strong>fratrum</strong></span> <span class='ocrx_word' id='word_1_69' title='bbox 1167 1680 1463 1766; x_wconf 84' lang='lat' dir='ltr'><strong>Prodicatorum,</strong></span> <span class='ocrx_word' id='word_1_70' title='bbox 1498 1679 1737 1756; x_wconf 86' lang='lat' dir='ltr'><strong>commissarii</strong></span> 
     </span>
     <span class='ocr_line' id='line_1_10' title="bbox 325 1807 1737 1914; baseline 0.001 -31"><span class='ocrx_word' id='word_1_71' title='bbox 325 1808 398 1884; x_wconf 90' lang='lat' dir='ltr'><strong>dati</strong></span> <span class='ocrx_word' id='word_1_72' title='bbox 420 1838 439 1884; x_wconf 90' lang='lat' dir='ltr'><strong>a</strong></span> <span class='ocrx_word' id='word_1_73' title='bbox 459 1808 633 1914; x_wconf 90' lang='lat' dir='ltr'><strong>religioso</strong></span> <span class='ocrx_word' id='word_1_74' title='bbox 658 1826 696 1885; x_wconf 89' lang='lat' dir='ltr'><strong>et</strong></span> <span class='ocrx_word' id='word_1_75' title='bbox 723 1810 881 1886; x_wconf 89' lang='lat' dir='ltr'><strong>honesto</strong></span> <span class='ocrx_word' id='word_1_76' title='bbox 910 1810 989 1885; x_wconf 90' lang='lat' dir='ltr'><strong>viro</strong></span> <span class='ocrx_word' id='word_1_77' title='bbox 1018 1808 1128 1884; x_wconf 83' lang='lat' dir='ltr'><strong>fratre</strong></span> <span class='ocrx_word' id='word_1_78' title='bbox 1157 1807 1362 1885; x_wconf 90' lang='lat' dir='ltr'><strong>Guillelmo</strong></span> <span class='ocrx_word' id='word_1_79' title='bbox 1387 1808 1434 1883; x_wconf 86' lang='lat' dir='ltr'><strong>de</strong></span> <span class='ocrx_word' id='word_1_80' title='bbox 1456 1808 1616 1884; x_wconf 85' lang='lat' dir='ltr'><strong>Parisios</strong></span> <span class='ocrx_word' id='word_1_81' title='bbox 1649 1808 1737 1885; x_wconf 90' lang='lat' dir='ltr'><strong>dicti</strong></span> 
     </span>
     <span class='ocr_line' id='line_1_11' title="bbox 327 1938 1738 2043; baseline 0.001 -29"><span class='ocrx_word' id='word_1_82' title='bbox 327 1939 484 2024; x_wconf 90' lang='lat' dir='ltr'><strong>ordinis,</strong></span> <span class='ocrx_word' id='word_1_83' title='bbox 513 1939 742 2043; x_wconf 77' lang='lat' dir='ltr'><strong>inquisitoris</strong></span> <span class='ocrx_word' id='word_1_84' title='bbox 765 1938 929 2015; x_wconf 88' lang='lat' dir='ltr'><strong>heretice</strong></span> <span class='ocrx_word' id='word_1_85' title='bbox 953 1939 1139 2042; x_wconf 88' lang='lat' dir='ltr'><strong>pravitatis</strong></span> <span class='ocrx_word' id='word_1_86' title='bbox 1158 1938 1195 2011; x_wconf 92' lang='lat' dir='ltr'><strong>in</strong></span> <span class='ocrx_word' id='word_1_87' title='bbox 1216 1964 1331 2043; x_wconf 84' lang='lat' dir='ltr'><strong>regno</strong></span> <span class='ocrx_word' id='word_1_88' title='bbox 1351 1938 1502 2012; x_wconf 78' lang='lat' dir='ltr'><strong>Francis</strong></span> <span class='ocrx_word' id='word_1_89' title='bbox 1523 1939 1738 2015; x_wconf 85' lang='lat' dir='ltr'><strong>auctoritate</strong></span> 
     </span>
     <span class='ocr_line' id='line_1_12' title="bbox 324 2058 1738 2172; baseline 0.001 -31"><span class='ocrx_word' id='word_1_90' title='bbox 324 2066 526 2172; x_wconf 84' lang='lat' dir='ltr'><strong>apostolica</strong></span> <span class='ocrx_word' id='word_1_91' title='bbox 542 2068 735 2170; x_wconf 88' lang='lat' dir='ltr'><strong>deputato,</strong></span> <span class='ocrx_word' id='word_1_92' title='bbox 752 2066 941 2142; x_wconf 88' lang='lat' dir='ltr'><strong>existentis</strong></span> <span class='ocrx_word' id='word_1_93' title='bbox 954 2067 993 2143; x_wconf 90' lang='lat' dir='ltr'><strong>in</strong></span> <span class='ocrx_word' id='word_1_94' title='bbox 1010 2058 1183 2142; x_wconf 89' lang='lat' dir='ltr'><strong>domibus</strong></span> <span class='ocrx_word' id='word_1_95' title='bbox 1193 2064 1339 2170; x_wconf 87' lang='lat' dir='ltr'><strong>Templi</strong></span> <span class='ocrx_word' id='word_1_96' title='bbox 1354 2066 1584 2154; x_wconf 86' lang='lat' dir='ltr'><strong>Parisieasis,</strong></span> <span class='ocrx_word' id='word_1_97' title='bbox 1595 2092 1664 2170; x_wconf 89' lang='lat' dir='ltr'><strong>pro</strong></span> <span class='ocrx_word' id='word_1_98' title='bbox 1678 2066 1738 2142; x_wconf 91' lang='lat' dir='ltr'><strong>in—</strong></span> 
     </span>
     <span class='ocr_line' id='line_1_13' title="bbox 323 2194 1739 2301; baseline 0 -29"><span class='ocrx_word' id='word_1_99' title='bbox 323 2197 509 2301; x_wconf 89' lang='lat' dir='ltr'><strong>quirendo</strong></span> <span class='ocrx_word' id='word_1_100' title='bbox 539 2212 665 2272; x_wconf 87' lang='lat' dir='ltr'><strong>contra</strong></span> <span class='ocrx_word' id='word_1_101' title='bbox 691 2195 869 2300; x_wconf 90' lang='lat' dir='ltr'><strong>quasdam</strong></span> <span class='ocrx_word' id='word_1_102' title='bbox 900 2222 1076 2300; x_wconf 86' lang='lat' dir='ltr'><strong>personas</strong></span> <span class='ocrx_word' id='word_1_103' title='bbox 1106 2195 1248 2270; x_wconf 89' lang='lat' dir='ltr'><strong>ordinis</strong></span> <span class='ocrx_word' id='word_1_104' title='bbox 1276 2194 1414 2270; x_wconf 92' lang='lat' dir='ltr'><strong>milicie</strong></span> <span class='ocrx_word' id='word_1_105' title='bbox 1438 2194 1586 2300; x_wconf 88' lang='lat' dir='ltr'><strong>Templi</strong></span> <span class='ocrx_word' id='word_1_106' title='bbox 1614 2194 1739 2272; x_wconf 88' lang='lat' dir='ltr'><strong>eidem</strong></span> 
     </span>
     <span class='ocr_line' id='line_1_14' title="bbox 324 2324 1740 2428; baseline 0.001 -29"><span class='ocrx_word' id='word_1_107' title='bbox 324 2353 433 2428; x_wconf 87' lang='lat' dir='ltr'><strong>supra</strong></span> <span class='ocrx_word' id='word_1_108' title='bbox 449 2324 548 2401; x_wconf 89' lang='lat' dir='ltr'><strong>dicto</strong></span> <span class='ocrx_word' id='word_1_109' title='bbox 563 2326 716 2400; x_wconf 90' lang='lat' dir='ltr'><strong>crimine</strong></span> <span class='ocrx_word' id='word_1_110' title='bbox 734 2324 889 2411; x_wconf 86' lang='lat' dir='ltr'><strong>delatas,</strong></span> <span class='ocrx_word' id='word_1_111' title='bbox 911 2342 1080 2400; x_wconf 87' lang='lat' dir='ltr'><strong>nostrum</strong></span> <span class='ocrx_word' id='word_1_112' title='bbox 1096 2325 1327 2400; x_wconf 85' lang='lat' dir='ltr'><strong>notariorum</strong></span> <span class='ocrx_word' id='word_1_113' title='bbox 1341 2341 1377 2400; x_wconf 91' lang='lat' dir='ltr'><strong>et</strong></span> <span class='ocrx_word' id='word_1_114' title='bbox 1389 2325 1541 2400; x_wconf 90' lang='lat' dir='ltr'><strong>testium</strong></span> <span class='ocrx_word' id='word_1_115' title='bbox 1558 2324 1740 2401; x_wconf 79' lang='lat' dir='ltr'><strong>infrascri-</strong></span> 
     </span>
     <span class='ocr_line' id='line_1_15' title="bbox 323 2450 1738 2560; baseline 0.001 -31"><span class='ocrx_word' id='word_1_116' title='bbox 323 2469 489 2558; x_wconf 89' lang='lat' dir='ltr'><strong>ptorum,</strong></span> <span class='ocrx_word' id='word_1_117' title='bbox 512 2453 753 2558; x_wconf 87' lang='lat' dir='ltr'><strong>personaliter</strong></span> <span class='ocrx_word' id='word_1_118' title='bbox 775 2455 997 2531; x_wconf 90' lang='lat' dir='ltr'><strong>constitutus</strong></span> <span class='ocrx_word' id='word_1_119' title='bbox 1020 2453 1130 2529; x_wconf 79' lang='lat' dir='ltr'><strong>frater</strong></span> <span class='ocrx_word' id='word_1_120' title='bbox 1149 2450 1303 2560; x_wconf 83' lang='lat' dir='ltr'><strong>Egidius</strong></span> <span class='ocrx_word' id='word_1_121' title='bbox 1328 2454 1375 2528; x_wconf 90' lang='lat' dir='ltr'><strong>de</strong></span> <span class='ocrx_word' id='word_1_122' title='bbox 1395 2453 1589 2531; x_wconf 89' lang='lat' dir='ltr'><strong>Cbeuruto</strong></span> <span class='ocrx_word' id='word_1_123' title='bbox 1613 2454 1738 2531; x_wconf 92' lang='lat' dir='ltr'><strong>locum</strong></span> 
     </span>
     <span class='ocr_line' id='line_1_16' title="bbox 323 2582 1737 2692; baseline 0.002 -35"><span class='ocrx_word' id='word_1_124' title='bbox 323 2598 454 2659; x_wconf 89' lang='lat' dir='ltr'><strong>teneas</strong></span> <span class='ocrx_word' id='word_1_125' title='bbox 473 2584 700 2689; x_wconf 88' lang='lat' dir='ltr'><strong>preceptoris</strong></span> <span class='ocrx_word' id='word_1_126' title='bbox 720 2584 766 2660; x_wconf 89' lang='lat' dir='ltr'><strong>de</strong></span> <span class='ocrx_word' id='word_1_127' title='bbox 786 2586 971 2692; x_wconf 83' lang='lat' dir='ltr'><strong>Fresnayo</strong></span> <span class='ocrx_word' id='word_1_128' title='bbox 986 2584 1089 2690; x_wconf 85' lang='lat' dir='ltr'><strong>juxta</strong></span> <span class='ocrx_word' id='word_1_129' title='bbox 1112 2585 1331 2670; x_wconf 86' lang='lat' dir='ltr'><strong>vainum,</strong></span> <span class='ocrx_word' id='word_1_130' title='bbox 1354 2582 1666 2691; x_wconf 83' lang='lat' dir='ltr'><strong>quadragenarius</strong></span> <span class='ocrx_word' id='word_1_131' title='bbox 1681 2584 1737 2660; x_wconf 83' lang='lat' dir='ltr'><strong>rel</strong></span> 
     </span>
     <span class='ocr_line' id='line_1_17' title="bbox 327 2711 1738 2819; baseline 0.002 -34"><span class='ocrx_word' id='word_1_132' title='bbox 327 2713 436 2799; x_wconf 89' lang='lat' dir='ltr'><strong>circa,</strong></span> <span class='ocrx_word' id='word_1_133' title='bbox 448 2712 593 2819; x_wconf 86' lang='lat' dir='ltr'><strong>juratus</strong></span> <span class='ocrx_word' id='word_1_134' title='bbox 612 2714 658 2790; x_wconf 92' lang='lat' dir='ltr'><strong>ad</strong></span> <span class='ocrx_word' id='word_1_135' title='bbox 679 2731 800 2790; x_wconf 90' lang='lat' dir='ltr'><strong>sancta</strong></span> <span class='ocrx_word' id='word_1_136' title='bbox 819 2714 889 2817; x_wconf 92' lang='lat' dir='ltr'><strong>Dei</strong></span> <span class='ocrx_word' id='word_1_137' title='bbox 905 2714 1098 2819; x_wconf 84' lang='lat' dir='ltr'><strong>Evangelia</strong></span> <span class='ocrx_word' id='word_1_138' title='bbox 1119 2714 1166 2790; x_wconf 90' lang='lat' dir='ltr'><strong>ab</strong></span> <span class='ocrx_word' id='word_1_139' title='bbox 1181 2738 1227 2788; x_wconf 91' lang='lat' dir='ltr'><strong>eo</strong></span> <span class='ocrx_word' id='word_1_140' title='bbox 1242 2728 1337 2787; x_wconf 89' lang='lat' dir='ltr'><strong>tacta</strong></span> <span class='ocrx_word' id='word_1_141' title='bbox 1354 2711 1476 2788; x_wconf 90' lang='lat' dir='ltr'><strong>dicere</strong></span> <span class='ocrx_word' id='word_1_142' title='bbox 1491 2713 1538 2788; x_wconf 93' lang='lat' dir='ltr'><strong>de</strong></span> <span class='ocrx_word' id='word_1_143' title='bbox 1552 2740 1590 2788; x_wconf 88' lang='lat' dir='ltr'><strong>se</strong></span> <span class='ocrx_word' id='word_1_144' title='bbox 1606 2729 1644 2788; x_wconf 92' lang='lat' dir='ltr'><strong>et</strong></span> <span class='ocrx_word' id='word_1_145' title='bbox 1657 2713 1738 2790; x_wconf 83' lang='lat' dir='ltr'><strong>aliis</strong></span> 
     </span>
     <span class='ocr_line' id='line_1_18' title="bbox 326 2842 1738 2949; baseline 0.002 -35"><span class='ocrx_word' id='word_1_146' title='bbox 326 2842 365 2916; x_wconf 92' lang='lat' dir='ltr'><strong>in</strong></span> <span class='ocrx_word' id='word_1_147' title='bbox 380 2870 486 2919; x_wconf 90' lang='lat' dir='ltr'><strong>causa</strong></span> <span class='ocrx_word' id='word_1_148' title='bbox 504 2842 591 2919; x_wconf 85' lang='lat' dir='ltr'><strong>[idei</strong></span> <span class='ocrx_word' id='word_1_149' title='bbox 607 2843 773 2949; x_wconf 89' lang='lat' dir='ltr'><strong>plenam,</strong></span> <span class='ocrx_word' id='word_1_150' title='bbox 790 2871 921 2948; x_wconf 88' lang='lat' dir='ltr'><strong>puram</strong></span> <span class='ocrx_word' id='word_1_151' title='bbox 941 2859 979 2918; x_wconf 89' lang='lat' dir='ltr'><strong>et</strong></span> <span class='ocrx_word' id='word_1_152' title='bbox 999 2844 1179 2947; x_wconf 87' lang='lat' dir='ltr'><strong>integram</strong></span> <span class='ocrx_word' id='word_1_153' title='bbox 1197 2844 1404 2930; x_wconf 78' lang='lat' dir='ltr'><strong>veritatem3</strong></span> <span class='ocrx_word' id='word_1_154' title='bbox 1434 2859 1471 2917; x_wconf 88' lang='lat' dir='ltr'><strong>et</strong></span> <span class='ocrx_word' id='word_1_155' title='bbox 1492 2842 1738 2948; x_wconf 78' lang='lat' dir='ltr'><strong>interrogatus</strong></span> 
     </span>
     <span class='ocr_line' id='line_1_19' title="bbox 327 2971 1736 3078; baseline 0.001 -32"><span class='ocrx_word' id='word_1_156' title='bbox 327 2971 374 3048; x_wconf 93' lang='lat' dir='ltr'><strong>de</strong></span> <span class='ocrx_word' id='word_1_157' title='bbox 399 2991 567 3078; x_wconf 88' lang='lat' dir='ltr'><strong>tempore</strong></span> <span class='ocrx_word' id='word_1_158' title='bbox 593 2991 629 3049; x_wconf 89' lang='lat' dir='ltr'><strong>et</strong></span> <span class='ocrx_word' id='word_1_159' title='bbox 652 2973 767 3050; x_wconf 89' lang='lat' dir='ltr'><strong>modo</strong></span> <span class='ocrx_word' id='word_1_160' title='bbox 787 2998 852 3049; x_wconf 89' lang='lat' dir='ltr'><strong>sue</strong></span> <span class='ocrx_word' id='word_1_161' title='bbox 873 2973 1117 3078; x_wconf 87' lang='lat' dir='ltr'><strong>recepcionis,</strong></span> <span class='ocrx_word' id='word_1_162' title='bbox 1146 2971 1237 3047; x_wconf 82' lang='lat' dir='ltr'><strong>dixit</strong></span> <span class='ocrx_word' id='word_1_163' title='bbox 1255 2996 1322 3076; x_wconf 85' lang='lat' dir='ltr'><strong>per</strong></span> <span class='ocrx_word' id='word_1_164' title='bbox 1342 2972 1599 3077; x_wconf 86' lang='lat' dir='ltr'><strong>juramentum</strong></span> <span class='ocrx_word' id='word_1_165' title='bbox 1624 2998 1736 3049; x_wconf 87' lang='lat' dir='ltr'><strong>suum</strong></span> 
     </span>
     <span class='ocr_line' id='line_1_20' title="bbox 326 3099 1738 3209; baseline 0.001 -33"><span class='ocrx_word' id='word_1_166' title='bbox 326 3102 430 3205; x_wconf 91' lang='lat' dir='ltr'><strong>quod</strong></span> <span class='ocrx_word' id='word_1_167' title='bbox 449 3102 519 3179; x_wconf 85' lang='lat' dir='ltr'><strong>suit</strong></span> <span class='ocrx_word' id='word_1_168' title='bbox 538 3121 710 3209; x_wconf 88' lang='lat' dir='ltr'><strong>receptus</strong></span> <span class='ocrx_word' id='word_1_169' title='bbox 729 3104 827 3208; x_wconf 88' lang='lat' dir='ltr'><strong>apud</strong></span> <span class='ocrx_word' id='word_1_170' title='bbox 845 3102 1099 3189; x_wconf 85' lang='lat' dir='ltr'><strong>Cbeurutum,</strong></span> <span class='ocrx_word' id='word_1_171' title='bbox 1125 3128 1174 3178; x_wconf 88' lang='lat' dir='ltr'><strong>xu</strong></span> <span class='ocrx_word' id='word_1_172' title='bbox 1193 3101 1279 3176; x_wconf 90' lang='lat' dir='ltr'><strong>anni</strong></span> <span class='ocrx_word' id='word_1_173' title='bbox 1301 3099 1452 3177; x_wconf 81' lang='lat' dir='ltr'><strong>bierunt</strong></span> <span class='ocrx_word' id='word_1_174' title='bbox 1473 3101 1512 3176; x_wconf 88' lang='lat' dir='ltr'><strong>in</strong></span> <span class='ocrx_word' id='word_1_175' title='bbox 1532 3100 1625 3178; x_wconf 82' lang='lat' dir='ltr'><strong>festo</strong></span> <span class='ocrx_word' id='word_1_176' title='bbox 1645 3100 1738 3179; x_wconf 89' lang='lat' dir='ltr'><strong>Om-</strong></span> 
     </span>
     <span class='ocr_line' id='line_1_21' title="bbox 325 3229 1737 3338; baseline 0.001 -33"><span class='ocrx_word' id='word_1_177' title='bbox 325 3232 431 3307; x_wconf 89' lang='lat' dir='ltr'><strong>nium</strong></span> <span class='ocrx_word' id='word_1_178' title='bbox 456 3234 675 3310; x_wconf 87' lang='lat' dir='ltr'><strong>Sanctorum</strong></span> <span class='ocrx_word' id='word_1_179' title='bbox 700 3260 822 3337; x_wconf 91' lang='lat' dir='ltr'><strong>nuper</strong></span> <span class='ocrx_word' id='word_1_180' title='bbox 842 3231 1038 3338; x_wconf 87' lang='lat' dir='ltr'><strong>preterito,</strong></span> <span class='ocrx_word' id='word_1_181' title='bbox 1064 3260 1131 3337; x_wconf 91' lang='lat' dir='ltr'><strong>per</strong></span> <span class='ocrx_word' id='word_1_182' title='bbox 1154 3231 1303 3308; x_wconf 79' lang='lat' dir='ltr'><strong>fratrem</strong></span> <span class='ocrx_word' id='word_1_183' title='bbox 1327 3229 1566 3335; x_wconf 86' lang='lat' dir='ltr'><strong>Radulpbum</strong></span> <span class='ocrx_word' id='word_1_184' title='bbox 1590 3231 1638 3306; x_wconf 89' lang='lat' dir='ltr'><strong>de</strong></span> <span class='ocrx_word' id='word_1_185' title='bbox 1657 3231 1737 3309; x_wconf 87' lang='lat' dir='ltr'><strong>Gisi</strong></span> 
     </span>
     <span class='ocr_line' id='line_1_22' title="bbox 326 3358 1737 3470; baseline 0.003 -33"><span class='ocrx_word' id='word_1_186' title='bbox 326 3378 556 3468; x_wconf 90' lang='lat' dir='ltr'><strong>receptorem</strong></span> <span class='ocrx_word' id='word_1_187' title='bbox 566 3364 782 3470; x_wconf 88' lang='lat' dir='ltr'><strong>Campanie,</strong></span> <span class='ocrx_word' id='word_1_188' title='bbox 799 3362 1034 3467; x_wconf 81' lang='lat' dir='ltr'><strong>presentibus</strong></span> <span class='ocrx_word' id='word_1_189' title='bbox 1042 3361 1216 3440; x_wconf 87' lang='lat' dir='ltr'><strong>fratribus</strong></span> <span class='ocrx_word' id='word_1_190' title='bbox 1233 3363 1393 3438; x_wconf 68' lang='lat' dir='ltr'><strong>Hem-ico</strong></span> <span class='ocrx_word' id='word_1_191' title='bbox 1406 3359 1453 3437; x_wconf 92' lang='lat' dir='ltr'><strong>de</strong></span> <span class='ocrx_word' id='word_1_192' title='bbox 1466 3361 1613 3467; x_wconf 92' lang='lat' dir='ltr'><strong>Soupir,</strong></span> <span class='ocrx_word' id='word_1_193' title='bbox 1627 3358 1737 3441; x_wconf 87' lang='lat' dir='ltr'><strong>Petro</strong></span> 
     </span>
     <span class='ocr_line' id='line_1_23' title="bbox 327 3492 1739 3601; baseline -0.001 -32"><span class='ocrx_word' id='word_1_194' title='bbox 327 3493 373 3569; x_wconf 88' lang='lat' dir='ltr'><strong>de</strong></span> <span class='ocrx_word' id='word_1_195' title='bbox 388 3494 542 3571; x_wconf 89' lang='lat' dir='ltr'><strong>Cheuru</strong></span> <span class='ocrx_word' id='word_1_196' title='bbox 556 3512 592 3570; x_wconf 89' lang='lat' dir='ltr'><strong>et</strong></span> <span class='ocrx_word' id='word_1_197' title='bbox 607 3494 830 3601; x_wconf 91' lang='lat' dir='ltr'><strong>quibusdam</strong></span> <span class='ocrx_word' id='word_1_198' title='bbox 844 3493 925 3569; x_wconf 86' lang='lat' dir='ltr'><strong>aliis</strong></span> <span class='ocrx_word' id='word_1_199' title='bbox 940 3492 987 3570; x_wconf 91' lang='lat' dir='ltr'><strong>de</strong></span> <span class='ocrx_word' id='word_1_200' title='bbox 1002 3520 1165 3600; x_wconf 88' lang='lat' dir='ltr'><strong>quorum</strong></span> <span class='ocrx_word' id='word_1_201' title='bbox 1180 3493 1392 3570; x_wconf 88' lang='lat' dir='ltr'><strong>nominibus</strong></span> <span class='ocrx_word' id='word_1_202' title='bbox 1403 3518 1478 3569; x_wconf 90' lang='lat' dir='ltr'><strong>non</strong></span> <span class='ocrx_word' id='word_1_203' title='bbox 1489 3493 1628 3569; x_wconf 89' lang='lat' dir='ltr'><strong>recolit.</strong></span> <span class='ocrx_word' id='word_1_204' title='bbox 1640 3494 1739 3569; x_wconf 83' lang='lat' dir='ltr'><strong>Dixit</strong></span> 
     </span>
     <span class='ocr_line' id='line_1_24' title="bbox 326 3617 1736 3731; baseline -0.001 -31"><span class='ocrx_word' id='word_1_205' title='bbox 326 3625 441 3701; x_wconf 92' lang='lat' dir='ltr'><strong>eciam</strong></span> <span class='ocrx_word' id='word_1_206' title='bbox 470 3653 537 3729; x_wconf 88' lang='lat' dir='ltr'><strong>per</strong></span> <span class='ocrx_word' id='word_1_207' title='bbox 556 3627 814 3731; x_wconf 88' lang='lat' dir='ltr'><strong>juramentum</strong></span> <span class='ocrx_word' id='word_1_208' title='bbox 834 3617 945 3701; x_wconf 88' lang='lat' dir='ltr'><strong>suurn</strong></span> <span class='ocrx_word' id='word_1_209' title='bbox 975 3624 1093 3729; x_wconf 91' lang='lat' dir='ltr'><strong>quod,</strong></span> <span class='ocrx_word' id='word_1_210' title='bbox 1124 3637 1208 3728; x_wconf 84' lang='lat' dir='ltr'><strong>post</strong></span> <span class='ocrx_word' id='word_1_211' title='bbox 1236 3623 1371 3698; x_wconf 88' lang='lat' dir='ltr'><strong>multas</strong></span> <span class='ocrx_word' id='word_1_212' title='bbox 1397 3618 1662 3726; x_wconf 90' lang='lat' dir='ltr'><strong>promissiones</strong></span> <span class='ocrx_word' id='word_1_213' title='bbox 1690 3622 1736 3698; x_wconf 89' lang='lat' dir='ltr'><strong>de</strong></span> 
     </span>
     <span class='ocr_line' id='line_1_25' title="bbox 326 3748 1737 3835; baseline -0.003 -4"><span class='ocrx_word' id='word_1_214' title='bbox 326 3757 469 3832; x_wconf 89' lang='lat' dir='ltr'><strong>statutis</strong></span> <span class='ocrx_word' id='word_1_215' title='bbox 483 3772 521 3831; x_wconf 91' lang='lat' dir='ltr'><strong>et</strong></span> <span class='ocrx_word' id='word_1_216' title='bbox 539 3755 688 3831; x_wconf 90' lang='lat' dir='ltr'><strong>secretis</strong></span> <span class='ocrx_word' id='word_1_217' title='bbox 708 3753 796 3829; x_wconf 92' lang='lat' dir='ltr'><strong>dicti</strong></span> <span class='ocrx_word' id='word_1_218' title='bbox 816 3753 957 3829; x_wconf 88' lang='lat' dir='ltr'><strong>ordinis</strong></span> <span class='ocrx_word' id='word_1_219' title='bbox 969 3751 1205 3828; x_wconf 86' lang='lat' dir='ltr'><strong>observandis</strong></span> <span class='ocrx_word' id='word_1_220' title='bbox 1224 3750 1270 3826; x_wconf 94' lang='lat' dir='ltr'><strong>ab</strong></span> <span class='ocrx_word' id='word_1_221' title='bbox 1291 3778 1335 3826; x_wconf 95' lang='lat' dir='ltr'><strong>eo</strong></span> <span class='ocrx_word' id='word_1_222' title='bbox 1356 3748 1481 3835; x_wconf 85' lang='lat' dir='ltr'><strong>lactas,</strong></span> <span class='ocrx_word' id='word_1_223' title='bbox 1504 3767 1541 3825; x_wconf 88' lang='lat' dir='ltr'><strong>et</strong></span> <span class='ocrx_word' id='word_1_224' title='bbox 1561 3749 1737 3827; x_wconf 89' lang='lat' dir='ltr'><strong>mantello</strong></span> 
     </span>
     <span class='ocr_line' id='line_1_26' title="bbox 326 3879 1737 3989; baseline -0.004 -28"><span class='ocrx_word' id='word_1_225' title='bbox 326 3884 397 3961; x_wconf 87' lang='lat' dir='ltr'><strong>sibi</strong></span> <span class='ocrx_word' id='word_1_226' title='bbox 416 3885 462 3959; x_wconf 87' lang='lat' dir='ltr'><strong>ad</strong></span> <span class='ocrx_word' id='word_1_227' title='bbox 476 3884 614 3961; x_wconf 89' lang='lat' dir='ltr'><strong>collum</strong></span> <span class='ocrx_word' id='word_1_228' title='bbox 630 3882 767 3989; x_wconf 90' lang='lat' dir='ltr'><strong>posito,</strong></span> <span class='ocrx_word' id='word_1_229' title='bbox 788 3881 910 3959; x_wconf 85' lang='lat' dir='ltr'><strong>dictus</strong></span> <span class='ocrx_word' id='word_1_230' title='bbox 919 3881 1101 3986; x_wconf 87' lang='lat' dir='ltr'><strong>recipiens</strong></span> <span class='ocrx_word' id='word_1_231' title='bbox 1113 3880 1275 3958; x_wconf 87' lang='lat' dir='ltr'><strong>ostendit</strong></span> <span class='ocrx_word' id='word_1_232' title='bbox 1288 3880 1358 3957; x_wconf 91' lang='lat' dir='ltr'><strong>sibi</strong></span> <span class='ocrx_word' id='word_1_233' title='bbox 1372 3879 1571 3986; x_wconf 88' lang='lat' dir='ltr'><strong>quamdam</strong></span> <span class='ocrx_word' id='word_1_234' title='bbox 1588 3906 1737 3955; x_wconf 88' lang='lat' dir='ltr'><strong>crucem</strong></span> 
     </span>
     <span class='ocr_line' id='line_1_27' title="bbox 327 4010 1737 4119; baseline -0.002 -30"><span class='ocrx_word' id='word_1_235' title='bbox 327 4042 399 4119; x_wconf 88' lang='lat' dir='ltr'><strong>que</strong></span> <span class='ocrx_word' id='word_1_236' title='bbox 412 4013 509 4091; x_wconf 91' lang='lat' dir='ltr'><strong>solet</strong></span> <span class='ocrx_word' id='word_1_237' title='bbox 522 4014 660 4118; x_wconf 86' lang='lat' dir='ltr'><strong>portari</strong></span> <span class='ocrx_word' id='word_1_238' title='bbox 677 4011 724 4088; x_wconf 92' lang='lat' dir='ltr'><strong>ad</strong></span> <span class='ocrx_word' id='word_1_239' title='bbox 737 4010 882 4100; x_wconf 80' lang='lat' dir='ltr'><strong>bruera,</strong></span> <span class='ocrx_word' id='word_1_240' title='bbox 900 4029 938 4088; x_wconf 88' lang='lat' dir='ltr'><strong>et</strong></span> <span class='ocrx_word' id='word_1_241' title='bbox 950 4011 1064 4119; x_wconf 90' lang='lat' dir='ltr'><strong>peciit</strong></span> <span class='ocrx_word' id='word_1_242' title='bbox 1077 4012 1124 4086; x_wconf 85' lang='lat' dir='ltr'><strong>ab</strong></span> <span class='ocrx_word' id='word_1_243' title='bbox 1140 4038 1186 4087; x_wconf 89' lang='lat' dir='ltr'><strong>eo</strong></span> <span class='ocrx_word' id='word_1_244' title='bbox 1196 4028 1325 4087; x_wconf 88' lang='lat' dir='ltr'><strong>utrum</strong></span> <span class='ocrx_word' id='word_1_245' title='bbox 1337 4010 1505 4086; x_wconf 88' lang='lat' dir='ltr'><strong>crederet</strong></span> <span class='ocrx_word' id='word_1_246' title='bbox 1519 4010 1557 4084; x_wconf 91' lang='lat' dir='ltr'><strong>in</strong></span> <span class='ocrx_word' id='word_1_247' title='bbox 1571 4037 1659 4086; x_wconf 90' lang='lat' dir='ltr'><strong>eum</strong></span> <span class='ocrx_word' id='word_1_248' title='bbox 1673 4013 1737 4117; x_wconf 89' lang='lat' dir='ltr'><strong>qui</strong></span> 
     </span>
     <span class='ocr_line' id='line_1_28' title="bbox 326 4139 1738 4249; baseline -0.002 -30"><span class='ocrx_word' id='word_1_249' title='bbox 326 4171 453 4249; x_wconf 88' lang='lat' dir='ltr'><strong>passus</strong></span> <span class='ocrx_word' id='word_1_250' title='bbox 468 4142 635 4219; x_wconf 87' lang='lat' dir='ltr'><strong>sueratin</strong></span> <span class='ocrx_word' id='word_1_251' title='bbox 647 4171 707 4232; x_wconf 90' lang='lat' dir='ltr'><strong>ea,</strong></span> <span class='ocrx_word' id='word_1_252' title='bbox 722 4158 758 4219; x_wconf 89' lang='lat' dir='ltr'><strong>et</strong></span> <span class='ocrx_word' id='word_1_253' title='bbox 772 4142 850 4249; x_wconf 89' lang='lat' dir='ltr'><strong>ipse</strong></span> <span class='ocrx_word' id='word_1_254' title='bbox 867 4141 958 4218; x_wconf 84' lang='lat' dir='ltr'><strong>dixit</strong></span> <span class='ocrx_word' id='word_1_255' title='bbox 971 4156 1008 4218; x_wconf 90' lang='lat' dir='ltr'><strong>et</strong></span> <span class='ocrx_word' id='word_1_256' title='bbox 1022 4139 1216 4248; x_wconf 90' lang='lat' dir='ltr'><strong>respondit</strong></span> <span class='ocrx_word' id='word_1_257' title='bbox 1226 4139 1328 4245; x_wconf 88' lang='lat' dir='ltr'><strong>quod</strong></span> <span class='ocrx_word' id='word_1_258' title='bbox 1339 4139 1406 4225; x_wconf 88' lang='lat' dir='ltr'><strong>sic;</strong></span> <span class='ocrx_word' id='word_1_259' title='bbox 1427 4156 1463 4215; x_wconf 90' lang='lat' dir='ltr'><strong>et</strong></span> <span class='ocrx_word' id='word_1_260' title='bbox 1476 4155 1604 4244; x_wconf 88' lang='lat' dir='ltr'><strong>postea</strong></span> <span class='ocrx_word' id='word_1_261' title='bbox 1617 4141 1738 4218; x_wconf 87' lang='lat' dir='ltr'><strong>dictus</strong></span> 
     </span>
     <span class='ocr_line' id='line_1_29' title="bbox 327 4267 1740 4379; baseline -0.002 -31"><span class='ocrx_word' id='word_1_262' title='bbox 327 4275 508 4379; x_wconf 89' lang='lat' dir='ltr'><strong>recipiens</strong></span> <span class='ocrx_word' id='word_1_263' title='bbox 525 4273 691 4379; x_wconf 88' lang='lat' dir='ltr'><strong>precepit</strong></span> <span class='ocrx_word' id='word_1_264' title='bbox 710 4273 780 4350; x_wconf 90' lang='lat' dir='ltr'><strong>sibi</strong></span> <span class='ocrx_word' id='word_1_265' title='bbox 801 4272 903 4379; x_wconf 92' lang='lat' dir='ltr'><strong>quod</strong></span> <span class='ocrx_word' id='word_1_266' title='bbox 919 4287 1070 4377; x_wconf 90' lang='lat' dir='ltr'><strong>spueret</strong></span> <span class='ocrx_word' id='word_1_267' title='bbox 1086 4298 1196 4375; x_wconf 90' lang='lat' dir='ltr'><strong>supra</strong></span> <span class='ocrx_word' id='word_1_268' title='bbox 1216 4296 1381 4359; x_wconf 72' lang='lat' dir='ltr'><strong>crucem,</strong></span> <span class='ocrx_word' id='word_1_269' title='bbox 1408 4267 1513 4374; x_wconf 89' lang='lat' dir='ltr'><strong>quod</strong></span> <span class='ocrx_word' id='word_1_270' title='bbox 1531 4269 1610 4374; x_wconf 90' lang='lat' dir='ltr'><strong>ipse</strong></span> <span class='ocrx_word' id='word_1_271' title='bbox 1634 4271 1740 4346; x_wconf 87' lang='lat' dir='ltr'><strong>linxit</strong></span> 
     </span>
     <span class='ocr_line' id='line_1_30' title="bbox 327 4399 1739 4510; baseline -0.001 -32"><span class='ocrx_word' id='word_1_272' title='bbox 327 4404 462 4494; x_wconf 80' lang='lat' dir='ltr'><strong>facere3</strong></span> <span class='ocrx_word' id='word_1_273' title='bbox 474 4404 537 4481; x_wconf 88' lang='lat' dir='ltr'><strong>sed</strong></span> <span class='ocrx_word' id='word_1_274' title='bbox 547 4423 669 4482; x_wconf 89' lang='lat' dir='ltr'><strong>tamen</strong></span> <span class='ocrx_word' id='word_1_275' title='bbox 688 4404 830 4510; x_wconf 91' lang='lat' dir='ltr'><strong>aliquid</strong></span> <span class='ocrx_word' id='word_1_276' title='bbox 843 4403 890 4478; x_wconf 90' lang='lat' dir='ltr'><strong>de</strong></span> <span class='ocrx_word' id='word_1_277' title='bbox 896 4402 1104 4507; x_wconf 88' lang='lat' dir='ltr'><strong>sputamine</strong></span> <span class='ocrx_word' id='word_1_278' title='bbox 1118 4429 1195 4477; x_wconf 91' lang='lat' dir='ltr'><strong>non</strong></span> <span class='ocrx_word' id='word_1_279' title='bbox 1204 4399 1339 4476; x_wconf 90' lang='lat' dir='ltr'><strong>cecidit</strong></span> <span class='ocrx_word' id='word_1_280' title='bbox 1353 4424 1463 4505; x_wconf 87' lang='lat' dir='ltr'><strong>supra</strong></span> <span class='ocrx_word' id='word_1_281' title='bbox 1471 4428 1621 4477; x_wconf 85' lang='lat' dir='ltr'><strong>crucem</strong></span> <span class='ocrx_word' id='word_1_282' title='bbox 1635 4401 1739 4507; x_wconf 91' lang='lat' dir='ltr'><strong>quod</strong></span> 
     </span>
     <span class='ocr_line' id='line_1_31' title="bbox 329 4530 1740 4640; baseline -0.003 -29"><span class='ocrx_word' id='word_1_283' title='bbox 329 4553 464 4638; x_wconf 91' lang='lat' dir='ltr'><strong>posset.</strong></span> <span class='ocrx_word' id='word_1_284' title='bbox 491 4536 741 4640; x_wconf 86' lang='lat' dir='ltr'><strong>Interrogatus</strong></span> <span class='ocrx_word' id='word_1_285' title='bbox 769 4532 815 4609; x_wconf 93' lang='lat' dir='ltr'><strong>de</strong></span> <span class='ocrx_word' id='word_1_286' title='bbox 841 4532 983 4620; x_wconf 88' lang='lat' dir='ltr'><strong>osculo,</strong></span> <span class='ocrx_word' id='word_1_287' title='bbox 1013 4530 1111 4607; x_wconf 81' lang='lat' dir='ltr'><strong>dixit.</strong></span> <span class='ocrx_word' id='word_1_288' title='bbox 1127 4559 1195 4636; x_wconf 91' lang='lat' dir='ltr'><strong>per</strong></span> <span class='ocrx_word' id='word_1_289' title='bbox 1218 4532 1472 4639; x_wconf 87' lang='lat' dir='ltr'><strong>juramentum</strong></span> <span class='ocrx_word' id='word_1_290' title='bbox 1498 4557 1608 4607; x_wconf 90' lang='lat' dir='ltr'><strong>suum</strong></span> <span class='ocrx_word' id='word_1_291' title='bbox 1636 4531 1740 4636; x_wconf 87' lang='lat' dir='ltr'><strong>quod</strong></span> 
     </span>
     <span class='ocr_line' id='line_1_32' title="bbox 330 4660 1738 4771; baseline -0.003 -31"><span class='ocrx_word' id='word_1_292' title='bbox 330 4665 450 4743; x_wconf 89' lang='lat' dir='ltr'><strong>dictus</strong></span> <span class='ocrx_word' id='word_1_293' title='bbox 465 4666 648 4771; x_wconf 90' lang='lat' dir='ltr'><strong>recipiens</strong></span> <span class='ocrx_word' id='word_1_294' title='bbox 665 4664 773 4740; x_wconf 82' lang='lat' dir='ltr'><strong>traxit</strong></span> <span class='ocrx_word' id='word_1_295' title='bbox 793 4692 880 4740; x_wconf 89' lang='lat' dir='ltr'><strong>eum</strong></span> <span class='ocrx_word' id='word_1_296' title='bbox 906 4664 955 4741; x_wconf 93' lang='lat' dir='ltr'><strong>ad</strong></span> <span class='ocrx_word' id='word_1_297' title='bbox 972 4679 1132 4768; x_wconf 87' lang='lat' dir='ltr'><strong>partem,</strong></span> <span class='ocrx_word' id='word_1_298' title='bbox 1155 4678 1193 4739; x_wconf 90' lang='lat' dir='ltr'><strong>et</strong></span> <span class='ocrx_word' id='word_1_299' title='bbox 1216 4661 1303 4770; x_wconf 80' lang='lat' dir='ltr'><strong>lecit</strong></span> <span class='ocrx_word' id='word_1_300' title='bbox 1324 4688 1363 4738; x_wconf 91' lang='lat' dir='ltr'><strong>se</strong></span> <span class='ocrx_word' id='word_1_301' title='bbox 1383 4661 1540 4739; x_wconf 87' lang='lat' dir='ltr'><strong>osculari</strong></span> <span class='ocrx_word' id='word_1_302' title='bbox 1559 4660 1615 4737; x_wconf 79' lang='lat' dir='ltr'><strong>&#39;ab</strong></span> <span class='ocrx_word' id='word_1_303' title='bbox 1636 4688 1681 4738; x_wconf 87' lang='lat' dir='ltr'><strong>eo</strong></span> <span class='ocrx_word' id='word_1_304' title='bbox 1702 4661 1738 4736; x_wconf 88' lang='lat' dir='ltr'><strong>in</strong></span> 
     </span>
     <span class='ocr_line' id='line_1_33' title="bbox 328 4792 1738 4903; baseline -0.004 -31"><span class='ocrx_word' id='word_1_305' title='bbox 328 4824 411 4884; x_wconf 91' lang='lat' dir='ltr'><strong>ore,</strong></span> <span class='ocrx_word' id='word_1_306' title='bbox 433 4797 471 4872; x_wconf 93' lang='lat' dir='ltr'><strong>in</strong></span> <span class='ocrx_word' id='word_1_307' title='bbox 490 4793 670 4872; x_wconf 92' lang='lat' dir='ltr'><strong>umbilico</strong></span> <span class='ocrx_word' id='word_1_308' title='bbox 692 4812 728 4871; x_wconf 91' lang='lat' dir='ltr'><strong>et</strong></span> <span class='ocrx_word' id='word_1_309' title='bbox 748 4794 787 4870; x_wconf 89' lang='lat' dir='ltr'><strong>in</strong></span> <span class='ocrx_word' id='word_1_310' title='bbox 801 4794 876 4870; x_wconf 84' lang='lat' dir='ltr'><strong>line</strong></span> <span class='ocrx_word' id='word_1_311' title='bbox 893 4794 998 4903; x_wconf 89' lang='lat' dir='ltr'><strong>spine</strong></span> <span class='ocrx_word' id='word_1_312' title='bbox 1014 4793 1128 4870; x_wconf 89' lang='lat' dir='ltr'><strong>dorsi.</strong></span> <span class='ocrx_word' id='word_1_313' title='bbox 1150 4793 1249 4869; x_wconf 83' lang='lat' dir='ltr'><strong>Dixit</strong></span> <span class='ocrx_word' id='word_1_314' title='bbox 1265 4792 1381 4869; x_wconf 90' lang='lat' dir='ltr'><strong>eciam</strong></span> <span class='ocrx_word' id='word_1_315' title='bbox 1401 4820 1470 4898; x_wconf 92' lang='lat' dir='ltr'><strong>per</strong></span> <span class='ocrx_word' id='word_1_316' title='bbox 1481 4792 1738 4900; x_wconf 78' lang='lat' dir='ltr'><strong>juramentum</strong></span> 
     </span>
    </p>
   </div>
   <div class='ocr_carea' id='block_1_4' title="bbox 1543 4941 1592 5020">
    <p class='ocr_par' dir='ltr' id='par_1_4' title="bbox 1543 4941 1592 5020">
     <span class='ocr_line' id='line_1_34' title="bbox 1543 4941 1592 5020; baseline -0.184 -15"><span class='ocrx_word' id='word_1_317' title='bbox 1543 4941 1592 5020; x_wconf 81' lang='lat' dir='ltr'><strong>lt9.</strong></span> 
     </span>
    </p>
   </div>
   <div class='ocr_carea' id='block_1_5' title="bbox 0 0 2122 5956">
    <p class='ocr_par' dir='ltr' id='par_1_5' title="bbox 0 0 2122 5956">
     <span class='ocr_line' id='line_1_35' title="bbox 0 0 2122 5956; baseline 0 0"><span class='ocrx_word' id='word_1_318' title='bbox 0 0 2122 5956; x_wconf 95' lang='lat' dir='ltr'><strong> </strong></span> 
     </span>
    </p>
   </div>
  </div>
 </body>
</html>
