4230 5956
712 456 905 547 moces
930 476 1026 547 uns
1051 476 1351 549 rnurtmns.
1663 486 1735 555 ars

267 662 271 667 -
326 611 469 690 Bellum
485 612 532 688 de
547 612 614 718 Ely
629 613 789 689 militem
802 615 889 690 dicti
906 615 1062 703 ordinis,
1078 616 1182 721 quod
1196 616 1352 693 haberet
1367 615 1560 693 licenciam
1577 623 1736 699 exeundi

328 744 374 818 de
386 743 484 819 dicto
495 742 644 831 ordine3
658 760 695 819 et
705 743 796 820 dixit
806 773 874 848 per
877 745 1134 851 juramentum
1146 774 1257 822 suum
1265 746 1370 851 quod
1378 746 1498 823 dictus
1508 746 1619 825 frater
1627 752 1738 857 Hugo

326 874 372 951 de
390 872 573 959 Paraudo,
596 874 774 949 accedens
792 875 837 949 ad
851 876 1054 950 Romanam
1067 875 1208 952 curiam
1223 876 1261 951 in
1277 877 1478 980 septimana
1498 896 1582 982 post
1599 876 1736 957 festum

325 1002 421 1078 beuti
442 1002 598 1107 Remigii
619 1030 739 1106 nuper
755 1003 990 1106 preteritum,
1012 1004 1103 1079 dixit
1118 1005 1187 1080 sibi
1204 1004 1308 1110 quod
1322 1005 1444 1081 dictus
1458 1007 1551 1083 ordo
1568 1008 1737 1086 diffama-

324 1150 383 1207 tus
404 1149 480 1208 erat
500 1132 547 1207 de
567 1131 712 1208 casibus
730 1161 841 1237 super
861 1134 967 1213 dictis
991 1162 1075 1239 erga
1097 1132 1294 1210 dominum
1316 1163 1447 1239 papam
1473 1154 1510 1210 et
1534 1165 1678 1243 regern,
1702 1160 1738 1218 et

325 1263 419 1366 ipse,
445 1262 475 1339 si
497 1278 637 1366 posset,
665 1262 819 1337 salvaret
842 1286 976 1365 corpus
995 1288 1119 1351 suum,
1143 1281 1179 1338 et
1203 1264 1274 1339 hoc
1299 1264 1379 1341 aliis
1406 1265 1562 1357 diceret,
1586 1286 1622 1344 et
1647 1287 1736 1347 tunc

324 1391 436 1495 peciit
454 1391 501 1467 ab
522 1419 566 1467 eo
587 1391 692 1496 quod
705 1390 867 1467 traderet
882 1390 1021 1467 litteras
1040 1420 1124 1467 suas
1139 1420 1251 1497 super
1266 1395 1355 1482 hoc,
1370 1396 1457 1498 quia
1470 1394 1557 1471 alias
1572 1426 1647 1474 non
1658 1429 1737 1477 cre-

324 1523 475 1598 deretur
493 1520 580 1608 sibi;
598 1537 635 1596 et
655 1520 732 1623 ipse
752 1521 943 1624 respondit
962 1521 1067 1625 quod
1085 1549 1160 1597 non
1182 1522 1351 1609 baberet,
1372 1525 1551 1629 quianon
1571 1504 1736 1631 placebat

323 1652 514 1755 Magistro,
532 1666 568 1725 et
586 1667 677 1726 tune
689 1651 767 1754 ipse
784 1649 891 1726 exivit
911 1652 958 1726 de
974 1651 1122 1737 ordine,
1141 1669 1177 1727 et
1197 1651 1338 1729 dimisit
1359 1653 1577 1729 mantellum
1592 1658 1735 1733 ordinis

322 1782 361 1854 in
378 1781 491 1856 domo
507 1779 645 1856 Montis
666 1780 954 1857 suessionensis.
974 1782 1222 1887 Interrogatus
1237 1799 1363 1857 utrum
1379 1784 1428 1868 vi,
1454 1783 1511 1858 vel
1532 1801 1637 1861 metu
1657 1814 1735 1861 oar·

322 1912 415 1986 ceris
433 1937 500 1985 seu
520 1925 807 1997 tormentorum,
829 1927 892 1986 aut
911 1909 981 1984 alia
1001 1910 1047 1985 de
1067 1938 1189 1995 causa,
1209 1909 1370 2015 aliquam
1387 1910 1519 1987 dixerit
1539 1912 1732 2001 salsitatem

322 2056 383 2115 aut
410 2039 653 2114 immiscuerit
681 2038 719 2111 in
752 2038 992 2140 deposicione
1017 2066 1098 2124 sua,
1127 2038 1218 2113 dixit
1243 2066 1312 2141 per
1335 2042 1593 2143 juramentum
1622 2072 1731 2120 suum

320 2168 424 2274 quod
438 2195 531 2255 n0n3
552 2167 667 2243 immo
688 2167 779 2242 dixit
797 2194 928 2271 puram
949 2183 986 2241 et
1006 2188 1146 2242 meram
1166 2168 1366 2244 veritatem.

376 2433 466 2507 ltem
481 2429 593 2505 frater
605 2428 760 2535 Egidius
779 2429 826 2506 de
842 2428 942 2518 Ecci,
955 2429 1060 2505 etatis
1073 2429 1339 2534 quinquaginta
1348 2458 1531 2509 annorum
1546 2433 1603 2508 vel
1619 2435 1729 2523 circa,

314 2564 461 2667 juratus
481 2560 614 2639 eodem
630 2559 745 2635 modo
763 2559 809 2636 de
830 2588 869 2635 se
891 2575 928 2635 et
941 2558 1022 2634 aliis
1037 2560 1075 2634 in
1091 2587 1200 2636 causa
1220 2559 1309 2635 fidei
1328 2560 1450 2637 dicere
1468 2563 1676 2652 veritatem,
1695 2582 1733 2641 et

319 2692 563 2797 interrogatus
583 2690 630 2766 de
645 2709 813 2795 tempore
829 2707 866 2766 et
885 2689 1000 2765 modo
1020 2717 1085 2765 sue
1100 2690 1344 2793 recepcionis,
1362 2690 1454 2766 dixit
1466 2718 1533 2793 per
1544 2692 1732 2796 juramen-

320 2839 398 2896 tum
416 2848 526 2895 suum
543 2820 647 2925 quod
665 2835 835 2923 receptus
851 2819 920 2893 fuit
938 2846 1000 2894 sex
1018 2820 1104 2893 anni
1122 2835 1208 2893 sunt
1223 2819 1261 2892 in
1275 2818 1368 2894 festo
1385 2819 1567 2895 Omnium
1581 2823 1732 2897 Sancto-

318 2979 401 3025 rum
426 2978 546 3053 nuper
565 2948 757 3052 preterito,
779 2949 816 3022 in
837 2946 951 3023 domo
969 2947 1016 3022 de
1034 2947 1251 3023 Serincourt
1269 2946 1426 3023 diocesis
1443 2949 1649 3035 Remensis,
1664 2978 1731 3054 per

319 3080 466 3155 fratrem
493 3076 699 3154 iohannem
724 3077 770 3151 de
796 3074 899 3151 Cella
926 3092 1182 3179 preceptorem
1204 3075 1300 3150 dicte
1321 3075 1472 3162 domus,
1495 3078 1731 3180 presentibus

318 3207 490 3284 fratribus
513 3204 678 3284 Gerardo
706 3204 752 3280 de
777 3204 962 3280 Lauduno
983 3220 1021 3278 et
1044 3202 1176 3306 Egidio
1196 3200 1230 3278 le
1250 3204 1399 3308 Moigne
1422 3204 1540 3281 milite
1564 3204 1653 3282 dieti
1676 3235 1731 3283 or·

318 3335 432 3426 dinis,
461 3350 499 3410 et
517 3333 737 3439 quibusdam
758 3331 839 3407 aliis
863 3332 910 3407 de
934 3359 1096 3436 quorum
1125 3331 1341 3407 nominibus
1361 3360 1435 3408 non
1462 3332 1604 3410 recolit.
1630 3336 1730 3413 Dixit

318 3466 432 3540 eciam
451 3491 518 3569 per
531 3463 784 3568 juramentum
804 3489 912 3537 suum
932 3460 1054 3564 quod,
1073 3477 1157 3564 post
1170 3459 1306 3535 multas
1321 3462 1586 3566 promissiones
1600 3463 1647 3538 de
1658 3483 1730 3540 sta·

316 3595 405 3670 tutis
420 3611 457 3669 et
472 3586 715 3669 observanciis
728 3592 816 3668 dicti
831 3590 972 3666 ordinis
984 3589 1222 3666 observandis
1240 3589 1342 3665 abeo
1358 3590 1485 3678 lactas,
1501 3608 1536 3665 et
1550 3591 1727 3666 mantello

316 3724 362 3799 ad
386 3722 522 3799 collum
546 3722 683 3826 posito,
709 3721 829 3795 dictus
852 3718 1032 3822 recipiens
1062 3715 1226 3792 ostendit
1249 3716 1319 3792 sibi
1346 3718 1383 3792 in
1408 3719 1573 3822 quodam
1591 3698 1726 3795 missali

316 3880 461 3927 cmcem
484 3867 521 3925 et
535 3849 743 3955 ymaginem
760 3847 874 3923 Jbesu
886 3844 1023 3923 Christi
1037 3844 1200 3921 crucifixi
1216 3845 1416 3949 depictam,
1432 3863 1469 3921 et
1480 3846 1644 3949 precepit
1654 3846 1726 3924 sibi

315 3980 418 4083 quod
434 3981 588 4055 Jbesnm
612 3977 801 4055 Christum
822 3977 928 4081 cujus
949 4002 1080 4081 ymago
1106 3992 1183 4050 erat
1209 3974 1260 4050 ibi
1287 3974 1499 4081 abnegaret,
1522 3993 1559 4052 et
1578 3995 1728 4080 spueret

315 4136 424 4212 supra
436 4135 584 4184 crucem
596 4126 634 4184 et
651 4108 875 4214 ymaginem,
898 4122 934 4182 et
952 4105 1025 4182 boc
1044 4106 1123 4209 ipse
1138 4102 1225 4180 fecit
1239 4121 1308 4180 ter.
1330 4104 1429 4180 Dixit
1449 4105 1566 4180 eciam
1586 4133 1654 4211 per
1664 4107 1727 4212 ju-

316 4254 525 4313 ramentum
545 4265 653 4313 suum
667 4236 770 4342 quod
785 4236 907 4312 dictus
919 4234 1102 4338 recipiens
1120 4232 1225 4309 dedit
1241 4233 1312 4310 sibi
1329 4232 1517 4310 licenciam
1534 4235 1725 4313 babitandi

315 4396 400 4443 eum
418 4366 593 4443 fratribus
607 4366 695 4444 dicti
716 4364 873 4452 ordinis,
895 4365 925 4440 si
942 4363 1043 4441 calor
1060 4361 1238 4438 naturalis
1256 4382 1419 4440 moveret
1434 4392 1533 4441 eum.
1603 4415 1607 4421 -

369 4499 616 4603 Interrogatus
635 4495 682 4571 de
697 4493 841 4582 osculo,
859 4493 950 4570 dixit
958 4521 1027 4597 per
1033 4492 1285 4598 juramentum
1297 4520 1406 4569 suum
1419 4494 1524 4599 quod
1538 4493 1726 4572 osculatus

314 4624 384 4701 luit
398 4626 638 4730 recipientem
659 4625 696 4699 in
717 4651 780 4699 ore
807 4641 844 4699 et
865 4623 902 4698 in
922 4620 1103 4699 umbilico
1122 4639 1160 4698 et
1182 4621 1221 4698 in
1236 4620 1311 4699 fine
1330 4622 1436 4727 spine
1457 4621 1575 4713 dorsi3
1596 4622 1726 4701 dicens

313 4757 416 4861 quod
432 4756 578 4860 pluries
592 4756 640 4832 de
654 4754 753 4831 dicto
766 4754 900 4830 ordine
913 4752 1092 4841 exivisset,
1112 4752 1143 4827 si
1164 4750 1329 4829 auderet
