4268 5946
493 456 566 528 trs
879 432 1074 526 ruccas
1100 450 1195 524 uas
1224 452 1523 525 annectens.

491 599 536 674 ab
558 626 603 673 eo
618 597 683 701 qui
703 593 880 699 recipitur
901 593 948 669 ad
967 594 1143 671 ordinem
1161 592 1250 669 dicti
1270 593 1418 699 Templi
1444 594 1598 670 fuerunt
1616 621 1637 670 a
1658 622 1698 669 se
1713 597 1856 700 quesita
1877 616 1915 675 et

492 754 665 832 responsa
677 727 730 801 eis
746 725 827 800 data
844 752 864 798 a
879 752 936 815 se,
959 725 1054 800 sicut
1071 723 1184 799 frater
1197 722 1486 801 Bartholomeus
1501 724 1547 801 de
1563 726 1684 801 Turre
1699 726 1914 831 capellanus

491 858 578 933 dicti
604 855 760 942 ordinis,
793 855 936 958 primus
961 855 1080 938 testis,
1109 854 1201 930 dixit
1226 872 1262 930 et
1287 855 1326 930 in
1346 882 1412 931 sua
1436 854 1703 932 testificacione
1724 859 1909 964 superius,

490 1005 601 1092 prout
621 987 756 1072 credit,
774 984 963 1088 deposuit,
983 1001 1020 1059 et
1038 985 1076 1058 in
1094 982 1192 1061 libro
1213 1001 1434 1060 statutorum
1455 985 1544 1061 dicti
1565 985 1708 1063 ordinis
1727 1003 1765 1063 et
1781 989 1911 1095 regule

492 1116 551 1192 illa
571 1145 643 1222 que
664 1115 793 1189 fratres
812 1131 985 1189 tenentur
999 1114 1147 1218 jurare,
1169 1113 1309 1199 dicere,
1335 1114 1454 1190 lacere
1477 1133 1514 1191 et
1532 1116 1737 1220 exprimere
1753 1117 1791 1192 in
1810 1147 1913 1197 rece-

491 1248 623 1351 pcione
643 1274 727 1333 sua,
758 1247 900 1320 noviter
925 1243 1079 1331 faciunt,
1107 1243 1320 1349 exprimunt
1339 1261 1376 1320 et
1397 1245 1600 1332 declarant,
1622 1247 1769 1353 plenius
1791 1251 1913 1326 conti-

491 1395 610 1453 netur.
633 1377 726 1453 Cum
748 1375 848 1451 enim
861 1374 939 1478 ipse
954 1374 1003 1450 sit
1022 1374 1147 1480 laycus
1161 1374 1227 1481 qui
1243 1373 1419 1480 loquitur,
1439 1403 1515 1453 non
1535 1377 1659 1482 potuit
1671 1377 1715 1456 in
1730 1382 1911 1456 memoria

491 1508 681 1584 continere
701 1508 871 1581 universa
891 1523 929 1581 et
948 1503 1093 1611 singula
1113 1533 1187 1610 que
1205 1503 1334 1582 fratres
1353 1505 1441 1583 dicti
1462 1507 1606 1584 ordinis
1619 1508 1749 1615 jurant
1768 1527 1807 1586 et
1825 1538 1914 1616 pro-

490 1640 659 1725 mittunt,
674 1665 743 1711 nec
758 1635 819 1710 illa
829 1663 902 1741 que
918 1663 939 1711 a
952 1634 1218 1739 recipientibus
1232 1653 1444 1742 queruntur
1455 1637 1600 1713 noviter
1615 1640 1817 1744 areceptis.
1833 1641 1910 1717 Sed

492 1773 582 1847 dixit
593 1788 630 1846 et
642 1767 820 1872 expressit
830 1764 952 1870 aliqua
960 1781 999 1839 et
1014 1764 1086 1841 alia
1096 1764 1143 1839 de
1156 1763 1294 1871 quibus
1305 1791 1381 1840 non
1395 1765 1620 1854 recordatur,
1629 1767 1722 1844 dixit
1732 1794 1811 1846 esse
1821 1797 1914 1846 con-

489 1919 591 1978 tenta
598 1917 636 1977 et
646 1899 779 2004 scripta
789 1897 829 1972 in
842 1894 939 1972 libro
949 1894 1113 2000 quodam
1124 1911 1348 1972 statutorum
1359 1895 1535 2000 etregule
1543 1895 1686 1975 ordinis
1694 1899 1910 2004 supradicti.

544 2030 603 2108 Ad
620 2029 754 2106 lxxxvtt
774 2043 812 2102 et
831 2026 975 2103 lxxxvru
1000 2043 1038 2101 et
1055 2024 1234 2102 ultimum
1251 2024 1426 2103 articulos
1446 2025 1645 2133 diligenter
1663 2044 1703 2103 et
1720 2027 1910 2135 sigillatim

488 2162 750 2266 interrogatus,
767 2155 858 2233 dixit
874 2182 913 2231 se
933 2183 1003 2232 nec
1023 2155 1115 2231 scire
1135 2182 1206 2232 nec
1223 2155 1376 2231 credere
1397 2183 1544 2234 errores
1564 2155 1612 2233 de
1633 2156 1772 2263 quibus
1791 2159 1913 2265 agitrar

488 2292 526 2365 in
542 2289 720 2374 articulis,
731 2315 801 2363 nec
816 2285 976 2391 aliquem
987 2287 1035 2362 de
1051 2286 1192 2363 eisdem
1207 2287 1389 2392 originem
1405 2286 1578 2364 habuisse
1594 2288 1632 2364 in
1649 2288 1749 2365 dicto
1762 2289 1909 2380 ordine,

488 2447 557 2496 nec
572 2419 619 2494 de
639 2419 691 2493 eis
707 2417 745 2491 in
761 2418 843 2521 ipso
859 2416 992 2492 ordine
1006 2445 1074 2521 per
1089 2414 1253 2522 aliquem
1267 2415 1324 2492 vel
1344 2415 1489 2522 aliquos
1502 2416 1733 2494 mentionem
1746 2417 1911 2523 aliquam

487 2549 620 2624 factam
635 2575 731 2634 esse,
752 2574 824 2623 nec
843 2546 890 2622 de
912 2545 1019 2623 dictis
1040 2546 1228 2624 erroribus
1246 2572 1473 2653 quemquam
1487 2546 1576 2622 dicti
1594 2547 1737 2624 ordinis
1756 2546 1909 2626 fratrem

487 2678 655 2754 locutum
684 2676 816 2764 luisse,
841 2704 911 2752 nec
929 2675 1049 2752 credit
1065 2676 1168 2783 quod
1194 2705 1216 2752 a
1236 2676 1340 2753 dicto
1359 2676 1491 2753 ordine
1508 2674 1566 2753 rel
1585 2676 1633 2754 ab
1652 2675 1778 2782 aliquo
1792 2707 1910 2786 quare

489 2808 578 2883 dicti
595 2835 738 2885 errores
754 2805 1081 2884 introducerentur
1095 2805 1153 2883 vel
1165 2806 1298 2884 fierent
1312 2834 1459 2883 causam
1470 2834 1549 2885 ease
1563 2807 1765 2896 inventam,
1788 2807 1910 2886 donec

488 2938 534 3014 de
552 2939 605 3014 eis
624 2938 764 3015 mentio
784 2938 855 3014 fuit
873 2935 966 3014 lacta
980 2937 1203 3045 generaliter
1218 2937 1316 3014 inter
1332 2964 1412 3025 eos,
1432 2937 1612 3043 captionis
1629 2954 1666 3013 et
1681 2937 1909 3016 detentionis
1923 2940 1930 2951 '

486 3083 654 3173 tempore
696 3068 913 3145 eonmdem.
948 3068 1023 3144 Nec
1050 3067 1170 3145 credit
1199 3065 1476 3144 venerationem
1505 3066 1692 3145 dictorum
1719 3095 1906 3158 errorum,

485 3195 686 3299 ydolorum
712 3198 770 3273 vel
797 3198 977 3303 capitum,
1004 3226 1073 3275 nec
1097 3197 1304 3276 custodiam
1331 3198 1557 3289 eorundem,
1583 3197 1716 3274 laetam
1733 3197 1845 3275 fitisse
1867 3200 1908 3275 in

486 3324 587 3402 dicto
607 3328 739 3404 ordine
756 3328 813 3404 vel
828 3329 866 3404 in
882 3328 1007 3434 aliquo
1020 3328 1104 3406 loco
1125 3329 1222 3436 ejus,
1243 3326 1312 3404 sed
1326 3327 1446 3404 credit
1458 3325 1546 3404 salsa
1561 3355 1642 3404 esse
1658 3328 1804 3433 penitus
1819 3356 1907 3407 con·

485 3473 585 3532 tenta
604 3458 643 3533 in
658 3459 821 3536 articulis
840 3459 1070 3565 supradictis.

541 3588 662 3694 Super
681 3587 761 3665 aliis
781 3617 867 3668 vero
882 3591 930 3667 de
948 3588 1087 3696 quibus
1101 3588 1239 3695 inquiri
1261 3587 1464 3694 precipitur
1483 3585 1786 3673 circumstanciis,
1807 3587 1907 3664 sicut

485 3718 621 3821 pericie
646 3721 764 3796 visum
792 3719 911 3797 suerat
935 3721 1172 3826 inquirentis,
1195 3720 1395 3827 inquisitus
1421 3736 1457 3795 et
1479 3720 1726 3825 interrogatus
1745 3714 1906 3823 diligen-

482 3865 551 3933 ter,
574 3846 667 3922 dixit
686 3875 726 3923 se
741 3848 848 3952 plura
861 3848 933 3925 alia
948 3848 1103 3924 nescire.

540 4104 647 4183 Anno
667 4134 742 4211 quo
762 4135 889 4213 supra,
911 4134 933 4183 x
952 4105 1125 4182 kalendas
1145 4103 1333 4182 februarii.

537 4236 630 4312 Xlll.
651 4237 781 4313 Frater
798 4235 1038 4342 Raymundns
1058 4232 1156 4310 Rulli
1178 4234 1321 4313 ordinis
1341 4236 1431 4312 dicti
1452 4237 1603 4343 Templi
1625 4237 1761 4315 domus
1783 4239 1903 4316 Mansi

482 4365 569 4454 Dei,
589 4368 694 4443 testis
708 4367 854 4474 juratus
873 4367 921 4443 ad
941 4392 1041 4441 sacra
1058 4365 1128 4441 Dei
1150 4366 1344 4473 Evangelia
1360 4395 1472 4473 super
1489 4368 1665 4473 predictis
1684 4368 1850 4445 articulis
1865 4387 1905 4447 et

481 4521 612 4572 eorum
623 4497 793 4603 quolibet
810 4497 881 4575 sibi
894 4494 1069 4599 expositis
1084 4495 1123 4570 in
1134 4496 1290 4603 vulgari,
1301 4515 1342 4574 ut
1356 4497 1570 4604 principalis
1585 4499 1631 4577 de
1646 4499 1792 4604 seipso,
1809 4517 1847 4577 et
1859 4516 1905 4576 ut

480 4626 583 4701 testis
600 4627 647 4703 de
658 4627 756 4718 aliis,
772 4626 969 4732 diligenter
982 4640 1019 4699 et
1038 4623 1225 4730 sigillatim
1241 4627 1506 4734 interrogatus,
1516 4628 1748 4735 respondens
1760 4627 1809 4704 ad
1821 4628 1903 4734 pri·

480 4777 601 4842 mum,
625 4782 790 4835 u—-xxrx
814 4753 988 4833 articulos
1014 4755 1209 4844 inclusive,
1238 4758 1383 4864 negavit
1404 4760 1504 4865 ipsos
1523 4759 1697 4837 articulos
1716 4776 1754 4835 et
1771 4759 1901 4835 omnia
