4230 5956
626 451 820 544 esoces
851 470 947 540 ons
981 470 1290 543 rnurmnns.
1592 478 1662 549 261

253 614 305 690 eis
329 640 376 688 ne
396 610 564 688 indebite
586 612 820 717 acquirerent
842 607 979 686 ordini.
1007 611 1149 688 Eorum
1168 610 1355 718 generalia
1375 610 1567 715 capitulla,
1590 644 1666 692 ser-

251 741 482 830 monefacto,
494 740 732 819 celebrabant
749 740 979 845 tempestive,
999 741 1115 819 nullis
1134 740 1371 848 presentibus
1391 741 1462 816 nisi
1493 739 1667 822 fratribus

251 872 408 959 ordinis,
431 888 470 947 et
482 871 747 976 providebatur
765 898 814 945 ne
833 868 1027 946 audiretur
1044 871 1205 948 exterius
1224 870 1327 977 quod
1351 870 1510 946 interius
1535 873 1668 979 ageba-

250 1021 323 1079 tur.
350 1000 532 1079 Ordinata
562 1029 629 1106 per
654 1000 872 1107 Magistrum
899 1028 985 1076 cum
1011 1018 1195 1077 conventu
1223 1016 1401 1078 servasset
1424 1017 1527 1078 totus
1549 1004 1665 1089 ordo,

251 1148 379 1209 contra
389 1159 503 1238 quem
518 1158 620 1207 nunc
638 1147 791 1235 propter
805 1129 971 1235 predicta
984 1132 1137 1237 grandia
1153 1131 1336 1221 scandala,
1353 1130 1516 1236 suspicio
1527 1148 1564 1208 et
1576 1132 1669 1208 inla-

252 1262 326 1337 mia
345 1278 434 1338 sunt
461 1277 601 1351 exorta,
631 1277 669 1336 et
687 1276 816 1337 contra
843 1287 957 1364 quem
988 1262 1163 1367 Magister
1189 1278 1227 1339 et
1253 1262 1314 1338 alii
1340 1261 1518 1338 dicuntur
1542 1262 1667 1368 aliqua

251 1391 365 1468 fuisse
395 1389 575 1477 confessi3
602 1391 650 1467 nd
679 1391 785 1497 cujus
804 1389 948 1467 ordinis
977 1389 1235 1470 defensionem
1261 1421 1300 1469 se
1322 1391 1528 1483 obtulerat,
1553 1413 1589 1470 et
1610 1396 1667 1470 in-

249 1516 444 1626 telligebat
457 1521 645 1597 Latinum.

305 1631 518 1756 Requisitus
530 1649 561 1726 si
575 1649 628 1727 sic
643 1650 867 1756 deposuerat
881 1677 1009 1754 prece,
1026 1671 1220 1759 precepto,
1237 1653 1387 1743 timore,
1404 1681 1547 1740 amore,
1558 1655 1665 1741 odio,

164 1847 172 1859 .
249 1778 307 1854 vel
327 1778 524 1884 temporali
540 1779 846 1857 comodo-habito
866 1779 924 1857 vel
944 1781 1134 1874 habendo,
1153 1782 1348 1888 respondit
1365 1782 1469 1888 quod
1489 1810 1581 1870 non,
1599 1784 1666 1859 sed

249 1936 318 2012 pro
339 1909 492 1984 veritate
513 1908 689 1994 dicenda;
715 1908 775 1984 cui
801 1909 873 1986 suit
894 1909 1106 2015 injunctum
1130 1912 1236 2016 quod
1262 1904 1338 1988 non
1367 1909 1546 1987 revelaret
1571 1913 1666 1987 hanc

249 2064 353 2115 suam
374 2036 671 2142 depositionem,
691 2064 890 2142 quousque
905 2041 1165 2119 attestaciones
1178 2039 1319 2117 luerint
1338 2038 1533 2146 publicato,

305 2285 434 2359 Frater
458 2281 647 2359 lohannes
667 2281 714 2359 de
736 2281 916 2360 Noviomo
938 2267 1118 2372 serviens,
1145 2283 1248 2360 testis
1263 2312 1373 2390 supra
1386 2284 1548 2389 juratus,
1568 2304 1667 2364 octo·

248 2414 420 2521 genarius
442 2411 500 2489 vel
522 2413 634 2502 circa,
659 2412 724 2517 qui
748 2411 970 2489 mantellum
995 2412 1034 2486 in
1061 2412 1220 2490 concilio
1242 2413 1451 2490 Senonensi
1473 2412 1667 2492 dimiserat

249 2562 287 2622 et
304 2543 544 2650 postmodum
567 2542 647 2619 radi
669 2540 807 2621 lecerat
822 2543 894 2621 sibi
913 2541 1084 2630 barbam,
1105 2559 1143 2619 et
1163 2542 1201 2617 in
1217 2543 1317 2620 dicto
1341 2543 1500 2620 concilio
1520 2546 1666 2623 absolu·

247 2691 309 2750 tus
329 2689 366 2749 et
382 2671 643 2750 reconciliatus
658 2670 794 2758 suerat,
816 2670 922 2748 lectis
937 2688 976 2747 et
993 2670 1194 2779 diligenter
1211 2673 1387 2778 expositis
1403 2671 1475 2750 sibi
1487 2676 1665 2751 omnibus

248 2821 286 2879 et
300 2803 457 2912 singulis
469 2802 646 2893 articulis,
662 2802 857 2908 respondit
869 2803 974 2908 quod
988 2802 1136 2879 volebat
1151 2803 1348 2908 persistere
1366 2802 1405 2877 in
1424 2802 1662 2906 deposicione

247 2961 314 3039 per
327 2933 452 3039 ipsum
471 2933 564 3010 sacta
584 2933 624 3008 in
645 2932 746 3011 dicto
767 2932 944 3022 concilio,
969 2949 1008 3009 et
1025 2933 1130 3039 quod
1149 2931 1353 3021 nesciebat,
1376 2961 1444 3016 nec
1466 2932 1660 3019 credebat,

245 3091 316 3139 nec
331 3063 523 3140 audiverat
539 3061 612 3138 dici
628 3062 677 3139 de
691 3062 876 3140 contentis
890 3061 930 3138 in
946 3061 1055 3139 dictis
1074 3061 1240 3138 articulis
1260 3061 1330 3138 nisi
1352 3062 1455 3166 quod
1469 3062 1661 3167 sequitur:

245 3191 419 3270 videlicet
438 3193 540 3297 quod
554 3176 641 3297 'ipse
661 3209 834 3298 receptus
851 3190 973 3269 fuerat
992 3192 1032 3267 in
1050 3191 1191 3297 capella
1211 3191 1346 3269 domus
1362 3191 1512 3296 Templi
1534 3192 1582 3268 de
1597 3194 1664 3269 Pn-

245 3321 355 3400 teolis
381 3322 486 3429 juxta
515 3320 759 3414 laudunum,
785 3351 853 3428 per
878 3323 1029 3400 fratrem
1054 3321 1208 3399 Petrum
1242 3325 1472 3400 Normanum
1501 3323 1662 3399 militem

245 3452 452 3556 quondam,
478 3470 569 3530 tunc
587 3470 847 3560 preceptorem
867 3454 915 3531 de
940 3453 1197 3540 Laudunesio‚
1221 3454 1260 3529 in
1279 3454 1431 3530 instanti
1452 3453 1665 3558 Quadrage

245 3579 338 3677 sime
354 3598 465 3658 erunt
479 3581 625 3659 circiter
640 3608 750 3661 xxvrn
771 3582 877 3673 anni,
898 3582 1136 3687 presentibus
1155 3581 1333 3659 fratribus
1347 3581 1555 3660 Guillelmo
1576 3582 1663 3657 Nor·

245 3712 344 3788 mani
369 3711 578 3817 presbitero
600 3712 702 3790 'dicte
723 3713 874 3804 domus,
896 3714 1005 3789 Petro
1029 3712 1193 3818 Bergerii
1217 3713 1416 3799 serviente,
1442 3711 1658 3799 deffuncns,

244 3840 284 3916 in
299 3841 400 3919 hunc
417 3841 575 3920 modum
594 3874 603 3919 ι
621 3871 709 3919 nam
727 3842 843 3950 petita
863 3841 1036 3919 societate
1055 3841 1199 3919 ordinis
1219 3858 1256 3919 et
1277 3842 1310 3917 ei
1333 3867 1521 3927 concessa,
1539 3840 1661 3916 dictus

243 3970 522 4075 receptorlecit
541 3998 630 4048 eum
649 3998 781 4050 vovere
802 3987 840 4048 et
857 3969 985 4077 jurare
1005 3970 1226 4055 castitatem,
1246 3968 1522 4056 obedienciam,
1539 3970 1660 4046 vivere

243 4097 324 4174 sine
358 4100 524 4205 proprio,
549 4127 692 4178 servare
722 4101 844 4179 bonos
869 4128 959 4178 usus
985 4116 1023 4176 et
1042 4100 1160 4176 bonas
1186 4099 1480 4176 consuetudines
1503 4100 1658 4186 ordinis,

243 4254 319 4302 non
334 4227 497 4304 revelare
515 4246 654 4306 secreta
674 4230 938 4335 capitulorum,
960 4228 1009 4304 de
1030 4227 1146 4305 modo
1163 4228 1393 4333 recepcionis
1411 4230 1562 4336 speciali
1581 4258 1659 4306 non

243 4354 370 4433 habita
394 4357 611 4446 mencione‚
636 4375 674 4434 et
695 4359 801 4464 quod
820 4386 897 4435 non
923 4356 1039 4434 exiret
1058 4356 1203 4434 dictum
1229 4357 1419 4451 ordinem;
1445 4378 1483 4437 et
1505 4360 1658 4466 prestito
1682 4408 1684 4413 -

243 4486 290 4563 ab
315 4514 361 4563 eo
382 4514 451 4593 per
466 4487 723 4595 juramentum
745 4488 848 4594 quod
874 4513 952 4563 non
976 4503 1055 4563 eret
1076 4488 1436 4580 excommunicatus,
1460 4517 1529 4566 nec
1553 4490 1657 4567 alteri

147 4607 150 4613 ’
242 4616 415 4726 religioni
439 4645 509 4695 nec
530 4617 769 4695 matrimonio
784 4643 854 4694 nec
870 4614 1008 4694 debitis
1024 4644 1098 4723 que
1124 4644 1201 4696 non
1220 4634 1346 4724 posset
1362 4618 1503 4696 solvere
1521 4618 1659 4725 obliga·

241 4764 322 4835 tus,
345 4777 415 4827 nec
433 4748 594 4826 hahebat
616 4746 874 4827 infirmitatem
900 4747 1098 4840 latentem,
1121 4746 1301 4853 imposuit
1321 4748 1393 4826 sibi
1417 4749 1658 4838 mantellum,
