<?xml version="1.0" encoding="UTF-8"?>
<!DOCTYPE html PUBLIC "-//W3C//DTD XHTML 1.0 Transitional//EN"
    "http://www.w3.org/TR/xhtml1/DTD/xhtml1-transitional.dtd">
<html xmlns="http://www.w3.org/1999/xhtml" xml:lang="en" lang="en">
 <head>
  <title>
</title>
<meta http-equiv="Content-Type" content="text/html;charset=utf-8" />
  <meta name='ocr-system' content='tesseract 3.04.00' />
  <meta name='ocr-capabilities' content='ocr_page ocr_carea ocr_par ocr_line ocrx_word'/>
</head>
<body>
  <div class='ocr_page' id='page_1' title='image "./procsdestemplie01defegoog/procsdestemplie01defegoog_0223.png"; bbox 0 0 4230 5956; ppageno 0'>
   <div class='ocr_carea' id='block_1_1' title="bbox 670 469 1712 563">
    <p class='ocr_par' dir='ltr' id='par_1_1' title="bbox 670 469 1712 563">
     <span class='ocr_line' id='line_1_1' title="bbox 670 469 1712 563; baseline 0 -3"><span class='ocrx_word' id='word_1_1' title='bbox 670 469 865 563; x_wconf 75' lang='lat' dir='ltr'><strong>procus</strong></span> <span class='ocrx_word' id='word_1_2' title='bbox 896 487 993 559; x_wconf 82' lang='lat' dir='ltr'><strong>ors</strong></span> <span class='ocrx_word' id='word_1_3' title='bbox 1025 485 1332 559; x_wconf 78' lang='lat' dir='ltr'><strong>rnururnns.</strong></span> <span class='ocrx_word' id='word_1_4' title='bbox 1642 489 1712 560; x_wconf 83' lang='lat'><strong>197</strong></span> 
     </span>
    </p>
   </div>
   <div class='ocr_carea' id='block_1_2' title="bbox 279 623 1780 4902">
    <p class='ocr_par' dir='ltr' id='par_1_2' title="bbox 279 623 1719 4093">
     <span class='ocr_line' id='line_1_2' title="bbox 291 623 1717 734; baseline -0.001 -28"><span class='ocrx_word' id='word_1_5' title='bbox 291 629 447 716; x_wconf 88' lang='lat' dir='ltr'><strong>faceret,</strong></span> <span class='ocrx_word' id='word_1_6' title='bbox 471 627 564 703; x_wconf 85' lang='lat' dir='ltr'>dixit</span> <span class='ocrx_word' id='word_1_7' title='bbox 583 628 618 703; x_wconf 92' lang='lat' dir='ltr'><strong>ei</strong></span> <span class='ocrx_word' id='word_1_8' title='bbox 644 628 766 734; x_wconf 88' lang='lat' dir='ltr'><strong>quod,</strong></span> <span class='ocrx_word' id='word_1_9' title='bbox 793 655 838 703; x_wconf 86' lang='lat' dir='ltr'><strong>ex</strong></span> <span class='ocrx_word' id='word_1_10' title='bbox 862 655 938 733; x_wconf 92' lang='lat' dir='ltr'><strong>quo</strong></span> <span class='ocrx_word' id='word_1_11' title='bbox 960 627 1184 732; x_wconf 85' lang='lat' dir='ltr'><strong>promiserat</strong></span> <span class='ocrx_word' id='word_1_12' title='bbox 1208 623 1383 713; x_wconf 91' lang='lat' dir='ltr'><strong>obedire,</strong></span> <span class='ocrx_word' id='word_1_13' title='bbox 1407 627 1603 731; x_wconf 81' lang='lat' dir='ltr'>oportebat</span> <span class='ocrx_word' id='word_1_14' title='bbox 1627 656 1717 705; x_wconf 89' lang='lat' dir='ltr'><strong>eum</strong></span> 
     </span>
     <span class='ocr_line' id='line_1_3' title="bbox 290 756 1716 864; baseline -0.001 -28"><span class='ocrx_word' id='word_1_15' title='bbox 290 761 492 864; x_wconf 88' lang='lat' dir='ltr'><strong>abnegare,</strong></span> <span class='ocrx_word' id='word_1_16' title='bbox 515 759 603 864; x_wconf 90' lang='lat' dir='ltr'><strong>quia</strong></span> <span class='ocrx_word' id='word_1_17' title='bbox 624 760 674 837; x_wconf 89' lang='lat' dir='ltr'><strong>ita</strong></span> <span class='ocrx_word' id='word_1_18' title='bbox 699 759 884 836; x_wconf 84' lang='lat' dir='ltr'><strong>faciebant</strong></span> <span class='ocrx_word' id='word_1_19' title='bbox 903 757 965 833; x_wconf 90' lang='lat' dir='ltr'><strong>alii</strong></span> <span class='ocrx_word' id='word_1_20' title='bbox 989 756 1119 834; x_wconf 86' lang='lat' dir='ltr'><strong>lratres</strong></span> <span class='ocrx_word' id='word_1_21' title='bbox 1140 757 1305 846; x_wconf 70' lang='lat' dir='ltr'><strong>ordinis,</strong></span> <span class='ocrx_word' id='word_1_22' title='bbox 1336 773 1373 831; x_wconf 90' lang='lat' dir='ltr'><strong>et</strong></span> <span class='ocrx_word' id='word_1_23' title='bbox 1394 771 1484 832; x_wconf 90' lang='lat' dir='ltr'><strong>tunc</strong></span> <span class='ocrx_word' id='word_1_24' title='bbox 1507 757 1586 862; x_wconf 91' lang='lat' dir='ltr'><strong>ipse</strong></span> <span class='ocrx_word' id='word_1_25' title='bbox 1612 760 1716 835; x_wconf 90' lang='lat' dir='ltr'><strong>testis</strong></span> 
     </span>
     <span class='ocr_line' id='line_1_4' title="bbox 290 885 1719 994; baseline -0.001 -27"><span class='ocrx_word' id='word_1_26' title='bbox 290 889 484 994; x_wconf 87' lang='lat' dir='ltr'><strong>abnegavit</strong></span> <span class='ocrx_word' id='word_1_27' title='bbox 493 889 619 966; x_wconf 90' lang='lat' dir='ltr'><strong>Deum</strong></span> <span class='ocrx_word' id='word_1_28' title='bbox 635 917 699 966; x_wconf 92' lang='lat' dir='ltr'><strong>ore</strong></span> <span class='ocrx_word' id='word_1_29' title='bbox 713 917 790 967; x_wconf 92' lang='lat' dir='ltr'><strong>non</strong></span> <span class='ocrx_word' id='word_1_30' title='bbox 804 887 936 976; x_wconf 89' lang='lat' dir='ltr'><strong>corde,</strong></span> <span class='ocrx_word' id='word_1_31' title='bbox 952 904 996 965; x_wconf 92' lang='lat' dir='ltr'><strong>ut</strong></span> <span class='ocrx_word' id='word_1_32' title='bbox 1012 888 1115 965; x_wconf 83' lang='lat' dir='ltr'><strong>dixit.</strong></span> <span class='ocrx_word' id='word_1_33' title='bbox 1132 890 1262 965; x_wconf 83' lang='lat' dir='ltr'><strong>Postea</strong></span> <span class='ocrx_word' id='word_1_34' title='bbox 1272 885 1440 992; x_wconf 87' lang='lat' dir='ltr'><strong>precepit</strong></span> <span class='ocrx_word' id='word_1_35' title='bbox 1453 885 1599 991; x_wconf 89' lang='lat' dir='ltr'><strong>eiquod</strong></span> <span class='ocrx_word' id='word_1_36' title='bbox 1613 916 1719 993; x_wconf 90' lang='lat' dir='ltr'><strong>spue-</strong></span> 
     </span>
     <span class='ocr_line' id='line_1_5' title="bbox 291 1013 1716 1124; baseline -0.001 -29"><span class='ocrx_word' id='word_1_37' title='bbox 291 1038 348 1096; x_wconf 87' lang='lat' dir='ltr'><strong>ret</strong></span> <span class='ocrx_word' id='word_1_38' title='bbox 368 1045 480 1124; x_wconf 89' lang='lat' dir='ltr'><strong>super</strong></span> <span class='ocrx_word' id='word_1_39' title='bbox 500 1019 701 1124; x_wconf 89' lang='lat' dir='ltr'><strong>quamdam</strong></span> <span class='ocrx_word' id='word_1_40' title='bbox 727 1046 875 1096; x_wconf 90' lang='lat' dir='ltr'><strong>crucem</strong></span> <span class='ocrx_word' id='word_1_41' title='bbox 905 1017 1082 1124; x_wconf 82' lang='lat' dir='ltr'><strong>ligneam,</strong></span> <span class='ocrx_word' id='word_1_42' title='bbox 1103 1018 1222 1094; x_wconf 91' lang='lat' dir='ltr'><strong>nescit</strong></span> <span class='ocrx_word' id='word_1_43' title='bbox 1250 1043 1456 1122; x_wconf 88' lang='lat' dir='ltr'><strong>perquem</strong></span> <span class='ocrx_word' id='word_1_44' title='bbox 1484 1013 1649 1108; x_wconf 89' lang='lat' dir='ltr'><strong>allatam,</strong></span> <span class='ocrx_word' id='word_1_45' title='bbox 1676 1020 1716 1095; x_wconf 91' lang='lat' dir='ltr'><strong>in</strong></span> 
     </span>
     <span class='ocr_line' id='line_1_6' title="bbox 291 1145 1716 1256; baseline -0.003 -29"><span class='ocrx_word' id='word_1_46' title='bbox 291 1179 365 1255; x_wconf 92' lang='lat' dir='ltr'><strong>qua</strong></span> <span class='ocrx_word' id='word_1_47' title='bbox 390 1147 495 1225; x_wconf 90' lang='lat' dir='ltr'><strong>nulla</strong></span> <span class='ocrx_word' id='word_1_48' title='bbox 519 1166 598 1226; x_wconf 89' lang='lat' dir='ltr'><strong>erat</strong></span> <span class='ocrx_word' id='word_1_49' title='bbox 618 1178 751 1256; x_wconf 83' lang='lat' dir='ltr'><strong>ymago</strong></span> <span class='ocrx_word' id='word_1_50' title='bbox 769 1147 966 1239; x_wconf 83' lang='lat' dir='ltr'><strong>Crucifixi,</strong></span> <span class='ocrx_word' id='word_1_51' title='bbox 988 1165 1026 1224; x_wconf 90' lang='lat' dir='ltr'><strong>et</strong></span> <span class='ocrx_word' id='word_1_52' title='bbox 1052 1149 1130 1254; x_wconf 88' lang='lat' dir='ltr'><strong>ipse</strong></span> <span class='ocrx_word' id='word_1_53' title='bbox 1157 1147 1262 1224; x_wconf 88' lang='lat' dir='ltr'><strong>testis</strong></span> <span class='ocrx_word' id='word_1_54' title='bbox 1281 1145 1383 1253; x_wconf 87' lang='lat' dir='ltr'><strong>spuit</strong></span> <span class='ocrx_word' id='word_1_55' title='bbox 1410 1172 1487 1221; x_wconf 92' lang='lat' dir='ltr'><strong>non</strong></span> <span class='ocrx_word' id='word_1_56' title='bbox 1510 1174 1622 1251; x_wconf 90' lang='lat' dir='ltr'><strong>supra</strong></span> <span class='ocrx_word' id='word_1_57' title='bbox 1649 1148 1716 1223; x_wconf 88' lang='lat' dir='ltr'><strong>sed</strong></span> 
     </span>
     <span class='ocr_line' id='line_1_7' title="bbox 287 1277 1714 1387; baseline 0.001 -33"><span class='ocrx_word' id='word_1_58' title='bbox 287 1280 393 1384; x_wconf 81' lang='lat' dir='ltr'><strong>juxta</strong></span> <span class='ocrx_word' id='word_1_59' title='bbox 410 1297 503 1354; x_wconf 85' lang='lat' dir='ltr'><strong>eam.</strong></span> <span class='ocrx_word' id='word_1_60' title='bbox 522 1278 625 1356; x_wconf 79' lang='lat' dir='ltr'><strong>Dixit</strong></span> <span class='ocrx_word' id='word_1_61' title='bbox 643 1281 798 1387; x_wconf 88' lang='lat' dir='ltr'><strong>insuper</strong></span> <span class='ocrx_word' id='word_1_62' title='bbox 816 1278 921 1385; x_wconf 91' lang='lat' dir='ltr'><strong>quod</strong></span> <span class='ocrx_word' id='word_1_63' title='bbox 941 1277 1062 1356; x_wconf 87' lang='lat' dir='ltr'><strong>dictus</strong></span> <span class='ocrx_word' id='word_1_64' title='bbox 1081 1296 1253 1383; x_wconf 86' lang='lat' dir='ltr'><strong>receptor</strong></span> <span class='ocrx_word' id='word_1_65' title='bbox 1270 1277 1342 1353; x_wconf 89' lang='lat' dir='ltr'><strong>luit</strong></span> <span class='ocrx_word' id='word_1_66' title='bbox 1364 1303 1451 1352; x_wconf 88' lang='lat' dir='ltr'><strong>eum</strong></span> <span class='ocrx_word' id='word_1_67' title='bbox 1469 1277 1658 1356; x_wconf 89' lang='lat' dir='ltr'><strong>osculatus</strong></span> <span class='ocrx_word' id='word_1_68' title='bbox 1676 1280 1714 1355; x_wconf 92' lang='lat' dir='ltr'><strong>in</strong></span> 
     </span>
     <span class='ocr_line' id='line_1_8' title="bbox 292 1408 1716 1516; baseline 0.003 -32"><span class='ocrx_word' id='word_1_69' title='bbox 292 1426 440 1512; x_wconf 87' lang='lat' dir='ltr'><strong>pectore</strong></span> <span class='ocrx_word' id='word_1_70' title='bbox 451 1436 564 1515; x_wconf 89' lang='lat' dir='ltr'><strong>super</strong></span> <span class='ocrx_word' id='word_1_71' title='bbox 573 1427 712 1500; x_wconf 86' lang='lat' dir='ltr'><strong>vestes,</strong></span> <span class='ocrx_word' id='word_1_72' title='bbox 735 1429 772 1488; x_wconf 92' lang='lat' dir='ltr'><strong>et</strong></span> <span class='ocrx_word' id='word_1_73' title='bbox 790 1410 895 1516; x_wconf 90' lang='lat' dir='ltr'><strong>quod</strong></span> <span class='ocrx_word' id='word_1_74' title='bbox 914 1409 986 1486; x_wconf 89' lang='lat' dir='ltr'><strong>alia</strong></span> <span class='ocrx_word' id='word_1_75' title='bbox 1005 1408 1134 1486; x_wconf 88' lang='lat' dir='ltr'><strong>illicita</strong></span> <span class='ocrx_word' id='word_1_76' title='bbox 1157 1437 1236 1486; x_wconf 92' lang='lat' dir='ltr'><strong>non</strong></span> <span class='ocrx_word' id='word_1_77' title='bbox 1257 1409 1540 1484; x_wconf 88' lang='lat' dir='ltr'><strong>intervenerunt</strong></span> <span class='ocrx_word' id='word_1_78' title='bbox 1558 1409 1597 1484; x_wconf 94' lang='lat' dir='ltr'><strong>in</strong></span> <span class='ocrx_word' id='word_1_79' title='bbox 1619 1409 1716 1488; x_wconf 89' lang='lat' dir='ltr'><strong>dicta</strong></span> 
     </span>
     <span class='ocr_line' id='line_1_9' title="bbox 292 1539 1714 1648; baseline 0.003 -34"><span class='ocrx_word' id='word_1_80' title='bbox 292 1567 357 1615; x_wconf 88' lang='lat' dir='ltr'><strong>sua</strong></span> <span class='ocrx_word' id='word_1_81' title='bbox 377 1540 596 1644; x_wconf 88' lang='lat' dir='ltr'><strong>reeepcione</strong></span> <span class='ocrx_word' id='word_1_82' title='bbox 621 1570 691 1619; x_wconf 90' lang='lat' dir='ltr'><strong>nec</strong></span> <span class='ocrx_word' id='word_1_83' title='bbox 707 1559 808 1648; x_wconf 91' lang='lat' dir='ltr'><strong>post,</strong></span> <span class='ocrx_word' id='word_1_84' title='bbox 831 1559 870 1617; x_wconf 90' lang='lat' dir='ltr'><strong>et</strong></span> <span class='ocrx_word' id='word_1_85' title='bbox 886 1540 1006 1616; x_wconf 88' lang='lat' dir='ltr'><strong>credit</strong></span> <span class='ocrx_word' id='word_1_86' title='bbox 1024 1539 1128 1646; x_wconf 92' lang='lat' dir='ltr'><strong>quod</strong></span> <span class='ocrx_word' id='word_1_87' title='bbox 1151 1539 1283 1616; x_wconf 87' lang='lat' dir='ltr'><strong>eadem</strong></span> <span class='ocrx_word' id='word_1_88' title='bbox 1306 1555 1345 1615; x_wconf 90' lang='lat' dir='ltr'><strong>et</strong></span> <span class='ocrx_word' id='word_1_89' title='bbox 1364 1568 1442 1617; x_wconf 91' lang='lat' dir='ltr'><strong>non</strong></span> <span class='ocrx_word' id='word_1_90' title='bbox 1462 1539 1533 1616; x_wconf 93' lang='lat' dir='ltr'><strong>alia</strong></span> <span class='ocrx_word' id='word_1_91' title='bbox 1553 1541 1714 1618; x_wconf 89' lang='lat' dir='ltr'><strong>interve·</strong></span> 
     </span>
     <span class='ocr_line' id='line_1_10' title="bbox 291 1670 1716 1776; baseline 0.004 -33"><span class='ocrx_word' id='word_1_92' title='bbox 291 1671 415 1745; x_wconf 90' lang='lat' dir='ltr'><strong>nirent</strong></span> <span class='ocrx_word' id='word_1_93' title='bbox 429 1670 468 1745; x_wconf 90' lang='lat' dir='ltr'><strong>iu</strong></span> <span class='ocrx_word' id='word_1_94' title='bbox 483 1672 767 1776; x_wconf 87' lang='lat' dir='ltr'><strong>recepcionibus</strong></span> <span class='ocrx_word' id='word_1_95' title='bbox 779 1671 941 1748; x_wconf 90' lang='lat' dir='ltr'><strong>aliorum</strong></span> <span class='ocrx_word' id='word_1_96' title='bbox 958 1670 1115 1747; x_wconf 81' lang='lat' dir='ltr'><strong>fratrum</strong></span> <span class='ocrx_word' id='word_1_97' title='bbox 1133 1671 1276 1748; x_wconf 89' lang='lat' dir='ltr'><strong>ordinis</strong></span> <span class='ocrx_word' id='word_1_98' title='bbox 1295 1671 1353 1746; x_wconf 89' lang='lat' dir='ltr'><strong>vel</strong></span> <span class='ocrx_word' id='word_1_99' title='bbox 1372 1687 1467 1775; x_wconf 89' lang='lat' dir='ltr'><strong>post.</strong></span> <span class='ocrx_word' id='word_1_100' title='bbox 1489 1672 1600 1757; x_wconf 89' lang='lat' dir='ltr'><strong>Item,</strong></span> <span class='ocrx_word' id='word_1_101' title='bbox 1624 1671 1716 1748; x_wconf 84' lang='lat' dir='ltr'><strong>dixit</strong></span> 
     </span>
     <span class='ocr_line' id='line_1_11' title="bbox 291 1800 1714 1905; baseline 0 -29"><span class='ocrx_word' id='word_1_102' title='bbox 291 1800 395 1905; x_wconf 89' lang='lat' dir='ltr'><strong>quod</strong></span> <span class='ocrx_word' id='word_1_103' title='bbox 419 1800 516 1878; x_wconf 91' lang='lat' dir='ltr'><strong>bene</strong></span> <span class='ocrx_word' id='word_1_104' title='bbox 541 1803 717 1880; x_wconf 89' lang='lat' dir='ltr'><strong>credebat</strong></span> <span class='ocrx_word' id='word_1_105' title='bbox 746 1802 1002 1880; x_wconf 89' lang='lat' dir='ltr'><strong>ecclesiasticis</strong></span> <span class='ocrx_word' id='word_1_106' title='bbox 1031 1800 1289 1891; x_wconf 90' lang='lat' dir='ltr'><strong>sacramentis,</strong></span> <span class='ocrx_word' id='word_1_107' title='bbox 1312 1817 1351 1877; x_wconf 92' lang='lat' dir='ltr'><strong>et</strong></span> <span class='ocrx_word' id='word_1_108' title='bbox 1374 1800 1493 1876; x_wconf 90' lang='lat' dir='ltr'><strong>credit</strong></span> <span class='ocrx_word' id='word_1_109' title='bbox 1520 1800 1623 1905; x_wconf 91' lang='lat' dir='ltr'><strong>quod</strong></span> <span class='ocrx_word' id='word_1_110' title='bbox 1650 1801 1714 1876; x_wconf 90' lang='lat' dir='ltr'><strong>alii</strong></span> 
     </span>
     <span class='ocr_line' id='line_1_12' title="bbox 291 1928 1715 2036; baseline 0.003 -32"><span class='ocrx_word' id='word_1_111' title='bbox 291 1928 422 2007; x_wconf 85' lang='lat' dir='ltr'><strong>lratres</strong></span> <span class='ocrx_word' id='word_1_112' title='bbox 442 1931 585 2012; x_wconf 81' lang='lat' dir='ltr'><strong>ordi-nis</strong></span> <span class='ocrx_word' id='word_1_113' title='bbox 600 1933 735 2010; x_wconf 91' lang='lat' dir='ltr'><strong>eodem</strong></span> <span class='ocrx_word' id='word_1_114' title='bbox 749 1932 864 2010; x_wconf 92' lang='lat' dir='ltr'><strong>modo</strong></span> <span class='ocrx_word' id='word_1_115' title='bbox 882 1932 1099 2020; x_wconf 86' lang='lat' dir='ltr'><strong>crederent,</strong></span> <span class='ocrx_word' id='word_1_116' title='bbox 1117 1947 1155 2006; x_wconf 88' lang='lat' dir='ltr'><strong>et</strong></span> <span class='ocrx_word' id='word_1_117' title='bbox 1166 1930 1272 2036; x_wconf 93' lang='lat' dir='ltr'><strong>quod</strong></span> <span class='ocrx_word' id='word_1_118' title='bbox 1287 1957 1419 2006; x_wconf 91' lang='lat' dir='ltr'><strong>eorum</strong></span> <span class='ocrx_word' id='word_1_119' title='bbox 1434 1930 1644 2007; x_wconf 87' lang='lat' dir='ltr'><strong>sacerdotes</strong></span> <span class='ocrx_word' id='word_1_120' title='bbox 1655 1932 1715 2008; x_wconf 91' lang='lat' dir='ltr'><strong>de·</strong></span> 
     </span>
     <span class='ocr_line' id='line_1_13' title="bbox 291 2034 1714 2165; baseline 0.002 -31"><span class='ocrx_word' id='word_1_121' title='bbox 291 2059 368 2134; x_wconf 90' lang='lat' dir='ltr'><strong>bite</strong></span> <span class='ocrx_word' id='word_1_122' title='bbox 389 2060 632 2139; x_wconf 88' lang='lat' dir='ltr'><strong>celebrarent.</strong></span> <span class='ocrx_word' id='word_1_123' title='bbox 655 2062 837 2139; x_wconf 82' lang='lat' dir='ltr'><strong>durabant</strong></span> <span class='ocrx_word' id='word_1_124' title='bbox 853 2060 1029 2137; x_wconf 51' lang='lat' dir='ltr'><strong>ordinem¹</strong></span> <span class='ocrx_word' id='word_1_125' title='bbox 1053 2087 1129 2136; x_wconf 91' lang='lat' dir='ltr'><strong>non</strong></span> <span class='ocrx_word' id='word_1_126' title='bbox 1155 2034 1272 2135; x_wconf 46' lang='lat' dir='ltr'><strong>exire:</strong></span> <span class='ocrx_word' id='word_1_127' title='bbox 1292 2058 1533 2136; x_wconf 90' lang='lat' dir='ltr'><strong>Clandestine</strong></span> <span class='ocrx_word' id='word_1_128' title='bbox 1556 2061 1714 2165; x_wconf 86' lang='lat' dir='ltr'><strong>recipie-</strong></span> 
     </span>
     <span class='ocr_line' id='line_1_14' title="bbox 292 2187 1716 2296; baseline 0.004 -33"><span class='ocrx_word' id='word_1_129' title='bbox 292 2188 447 2278; x_wconf 89' lang='lat' dir='ltr'><strong>bantur,</strong></span> <span class='ocrx_word' id='word_1_130' title='bbox 470 2190 585 2267; x_wconf 90' lang='lat' dir='ltr'><strong>nullis</strong></span> <span class='ocrx_word' id='word_1_131' title='bbox 601 2189 839 2296; x_wconf 84' lang='lat' dir='ltr'><strong>presentibus</strong></span> <span class='ocrx_word' id='word_1_132' title='bbox 856 2189 927 2266; x_wconf 90' lang='lat' dir='ltr'><strong>nisi</strong></span> <span class='ocrx_word' id='word_1_133' title='bbox 944 2187 1122 2265; x_wconf 86' lang='lat' dir='ltr'><strong>fratribus</strong></span> <span class='ocrx_word' id='word_1_134' title='bbox 1138 2188 1363 2279; x_wconf 81' lang='lat' dir='ltr'><strong>ordinis,-ex</strong></span> <span class='ocrx_word' id='word_1_135' title='bbox 1378 2217 1455 2295; x_wconf 93' lang='lat' dir='ltr'><strong>quo</strong></span> <span class='ocrx_word' id='word_1_136' title='bbox 1474 2188 1594 2266; x_wconf 88' lang='lat' dir='ltr'><strong>eredit</strong></span> <span class='ocrx_word' id='word_1_137' title='bbox 1610 2192 1716 2296; x_wconf 93' lang='lat' dir='ltr'><strong>quod</strong></span> 
     </span>
     <span class='ocr_line' id='line_1_15' title="bbox 292 2318 1715 2429; baseline 0.004 -36"><span class='ocrx_word' id='word_1_138' title='bbox 292 2337 389 2396; x_wconf 89' lang='lat' dir='ltr'><strong>esset</strong></span> <span class='ocrx_word' id='word_1_139' title='bbox 407 2320 569 2424; x_wconf 90' lang='lat' dir='ltr'><strong>suspicio</strong></span> <span class='ocrx_word' id='word_1_140' title='bbox 590 2337 718 2397; x_wconf 90' lang='lat' dir='ltr'><strong>contra</strong></span> <span class='ocrx_word' id='word_1_141' title='bbox 737 2348 813 2398; x_wconf 87' lang='lat' dir='ltr'><strong>eos.</strong></span> <span class='ocrx_word' id='word_1_142' title='bbox 835 2319 1015 2398; x_wconf 89' lang='lat' dir='ltr'><strong>Cordulis</strong></span> <span class='ocrx_word' id='word_1_143' title='bbox 1036 2318 1138 2395; x_wconf 88' lang='lat' dir='ltr'><strong>uude</strong></span> <span class='ocrx_word' id='word_1_144' title='bbox 1164 2318 1342 2395; x_wconf 85' lang='lat' dir='ltr'><strong>volebant</strong></span> <span class='ocrx_word' id='word_1_145' title='bbox 1367 2319 1567 2424; x_wconf 89' lang='lat' dir='ltr'><strong>assumptis</strong></span> <span class='ocrx_word' id='word_1_146' title='bbox 1590 2321 1715 2429; x_wconf 85' lang='lat' dir='ltr'><strong>cinge·</strong></span> 
     </span>
     <span class='ocr_line' id='line_1_16' title="bbox 292 2447 1714 2556; baseline 0.003 -32"><span class='ocrx_word' id='word_1_147' title='bbox 292 2448 430 2525; x_wconf 90' lang='lat' dir='ltr'><strong>bantur</strong></span> <span class='ocrx_word' id='word_1_148' title='bbox 443 2478 555 2555; x_wconf 91' lang='lat' dir='ltr'><strong>super</strong></span> <span class='ocrx_word' id='word_1_149' title='bbox 574 2450 742 2527; x_wconf 87' lang='lat' dir='ltr'><strong>camisias</strong></span> <span class='ocrx_word' id='word_1_150' title='bbox 757 2477 844 2526; x_wconf 93' lang='lat' dir='ltr'><strong>cum</strong></span> <span class='ocrx_word' id='word_1_151' title='bbox 869 2447 1008 2556; x_wconf 87' lang='lat' dir='ltr'><strong>quibus</strong></span> <span class='ocrx_word' id='word_1_152' title='bbox 1032 2447 1220 2554; x_wconf 89' lang='lat' dir='ltr'><strong>jacebant.</strong></span> <span class='ocrx_word' id='word_1_153' title='bbox 1246 2448 1426 2525; x_wconf 78' lang='lat' dir='ltr'><strong>durabant</strong></span> <span class='ocrx_word' id='word_1_154' title='bbox 1445 2475 1523 2526; x_wconf 92' lang='lat' dir='ltr'><strong>uon</strong></span> <span class='ocrx_word' id='word_1_155' title='bbox 1550 2450 1714 2528; x_wconf 86' lang='lat' dir='ltr'><strong>revelare</strong></span> 
     </span>
     <span class='ocr_line' id='line_1_17' title="bbox 292 2562 1717 2686; baseline 0.004 -31"><span class='ocrx_word' id='word_1_156' title='bbox 292 2596 431 2656; x_wconf 88' lang='lat' dir='ltr'><strong>secreta</strong></span> <span class='ocrx_word' id='word_1_157' title='bbox 450 2581 713 2686; x_wconf 87' lang='lat' dir='ltr'><strong>capituliorum</strong></span> <span class='ocrx_word' id='word_1_158' title='bbox 733 2608 804 2658; x_wconf 91' lang='lat' dir='ltr'><strong>nec</strong></span> <span class='ocrx_word' id='word_1_159' title='bbox 817 2579 977 2658; x_wconf 92' lang='lat' dir='ltr'><strong>modum</strong></span> <span class='ocrx_word' id='word_1_160' title='bbox 992 2607 1058 2656; x_wconf 89' lang='lat' dir='ltr'><strong>sue</strong></span> <span class='ocrx_word' id='word_1_161' title='bbox 1074 2579 1325 2684; x_wconf 79' lang='lat' dir='ltr'><strong>recepcionis3</strong></span> <span class='ocrx_word' id='word_1_162' title='bbox 1346 2581 1377 2657; x_wconf 87' lang='lat' dir='ltr'><strong>si</strong></span> <span class='ocrx_word' id='word_1_163' title='bbox 1396 2562 1640 2673; x_wconf 84' lang='lat' dir='ltr'><strong>revelassent,</strong></span> <span class='ocrx_word' id='word_1_164' title='bbox 1668 2584 1717 2660; x_wconf 85' lang='lat' dir='ltr'><strong>ad</strong></span> 
     </span>
     <span class='ocr_line' id='line_1_18' title="bbox 292 2704 1716 2817; baseline 0.002 -32"><span class='ocrx_word' id='word_1_165' title='bbox 292 2737 428 2813; x_wconf 88' lang='lat' dir='ltr'><strong>panem</strong></span> <span class='ocrx_word' id='word_1_166' title='bbox 448 2727 486 2787; x_wconf 91' lang='lat' dir='ltr'><strong>et</strong></span> <span class='ocrx_word' id='word_1_167' title='bbox 501 2739 638 2817; x_wconf 56' lang='lat' dir='ltr'><strong>aquam&gt;</strong></span> <span class='ocrx_word' id='word_1_168' title='bbox 653 2710 801 2788; x_wconf 89' lang='lat' dir='ltr'><strong>diucius</strong></span> <span class='ocrx_word' id='word_1_169' title='bbox 816 2704 937 2816; x_wconf 86' lang='lat' dir='ltr'><strong>puniti</strong></span> <span class='ocrx_word' id='word_1_170' title='bbox 953 2708 1122 2787; x_wconf 81' lang='lat' dir='ltr'><strong>fuissent.</strong></span> <span class='ocrx_word' id='word_1_171' title='bbox 1148 2711 1295 2786; x_wconf 87' lang='lat' dir='ltr'><strong>Fratres</strong></span> <span class='ocrx_word' id='word_1_172' title='bbox 1314 2710 1458 2787; x_wconf 91' lang='lat' dir='ltr'><strong>ordinis</strong></span> <span class='ocrx_word' id='word_1_173' title='bbox 1481 2739 1577 2816; x_wconf 91' lang='lat' dir='ltr'><strong>quos</strong></span> <span class='ocrx_word' id='word_1_174' title='bbox 1596 2713 1716 2788; x_wconf 88' lang='lat' dir='ltr'><strong>credit</strong></span> 
     </span>
     <span class='ocr_line' id='line_1_19' title="bbox 293 2839 1713 2947; baseline 0.003 -34"><span class='ocrx_word' id='word_1_175' title='bbox 293 2839 437 2916; x_wconf 83' lang='lat' dir='ltr'><strong>scivisse</strong></span> <span class='ocrx_word' id='word_1_176' title='bbox 462 2867 606 2918; x_wconf 89' lang='lat' dir='ltr'><strong>errores</strong></span> <span class='ocrx_word' id='word_1_177' title='bbox 626 2841 851 2918; x_wconf 86' lang='lat' dir='ltr'><strong>confessatos</strong></span> <span class='ocrx_word' id='word_1_178' title='bbox 876 2867 946 2947; x_wconf 90' lang='lat' dir='ltr'><strong>per</strong></span> <span class='ocrx_word' id='word_1_179' title='bbox 965 2867 1053 2915; x_wconf 93' lang='lat' dir='ltr'><strong>eum</strong></span> <span class='ocrx_word' id='word_1_180' title='bbox 1080 2839 1236 2916; x_wconf 87' lang='lat' dir='ltr'><strong>fuerunt</strong></span> <span class='ocrx_word' id='word_1_181' title='bbox 1253 2839 1501 2946; x_wconf 83' lang='lat' dir='ltr'><strong>negligentes,</strong></span> <span class='ocrx_word' id='word_1_182' title='bbox 1525 2842 1611 2946; x_wconf 89' lang='lat' dir='ltr'><strong>qnia</strong></span> <span class='ocrx_word' id='word_1_183' title='bbox 1637 2870 1713 2918; x_wconf 78' lang='lat' dir='ltr'><strong>nori</strong></span> 
     </span>
     <span class='ocr_line' id='line_1_20' title="bbox 293 2969 1716 3077; baseline 0.004 -33"><span class='ocrx_word' id='word_1_184' title='bbox 293 2988 532 3048; x_wconf 82' lang='lat' dir='ltr'><strong>correxerunt</strong></span> <span class='ocrx_word' id='word_1_185' title='bbox 547 2999 611 3050; x_wconf 90' lang='lat' dir='ltr'><strong>eos</strong></span> <span class='ocrx_word' id='word_1_186' title='bbox 627 3001 697 3049; x_wconf 92' lang='lat' dir='ltr'><strong>nec</strong></span> <span class='ocrx_word' id='word_1_187' title='bbox 714 2971 1035 3048; x_wconf 88' lang='lat' dir='ltr'><strong>denunciaverunt</strong></span> <span class='ocrx_word' id='word_1_188' title='bbox 1053 2969 1228 3046; x_wconf 85' lang='lat' dir='ltr'><strong>Ecclesie.</strong></span> <span class='ocrx_word' id='word_1_189' title='bbox 1249 2970 1484 3048; x_wconf 86' lang='lat' dir='ltr'><strong>Elemosinas</strong></span> <span class='ocrx_word' id='word_1_190' title='bbox 1500 2989 1538 3048; x_wconf 90' lang='lat' dir='ltr'><strong>et</strong></span> <span class='ocrx_word' id='word_1_191' title='bbox 1552 2971 1716 3077; x_wconf 85' lang='lat' dir='ltr'><strong>hospita-</strong></span> 
     </span>
     <span class='ocr_line' id='line_1_21' title="bbox 293 3099 1715 3210; baseline 0.003 -35"><span class='ocrx_word' id='word_1_192' title='bbox 293 3099 433 3176; x_wconf 88' lang='lat' dir='ltr'><strong>litatem</strong></span> <span class='ocrx_word' id='word_1_193' title='bbox 454 3101 546 3177; x_wconf 82' lang='lat' dir='ltr'><strong>vidit</strong></span> <span class='ocrx_word' id='word_1_194' title='bbox 560 3102 825 3179; x_wconf 82' lang='lat' dir='ltr'><strong>convenienter</strong></span> <span class='ocrx_word' id='word_1_195' title='bbox 839 3100 922 3179; x_wconf 87' lang='lat' dir='ltr'><strong>fieri</strong></span> <span class='ocrx_word' id='word_1_196' title='bbox 940 3118 978 3178; x_wconf 92' lang='lat' dir='ltr'><strong>et</strong></span> <span class='ocrx_word' id='word_1_197' title='bbox 994 3101 1129 3177; x_wconf 84' lang='lat' dir='ltr'><strong>servari</strong></span> <span class='ocrx_word' id='word_1_198' title='bbox 1150 3100 1189 3176; x_wconf 88' lang='lat' dir='ltr'><strong>in</strong></span> <span class='ocrx_word' id='word_1_199' title='bbox 1215 3100 1392 3178; x_wconf 89' lang='lat' dir='ltr'><strong>domibus</strong></span> <span class='ocrx_word' id='word_1_200' title='bbox 1411 3101 1555 3180; x_wconf 88' lang='lat' dir='ltr'><strong>ordinis</strong></span> <span class='ocrx_word' id='word_1_201' title='bbox 1574 3104 1614 3179; x_wconf 93' lang='lat' dir='ltr'><strong>in</strong></span> <span class='ocrx_word' id='word_1_202' title='bbox 1633 3105 1715 3210; x_wconf 89' lang='lat' dir='ltr'><strong>qui-</strong></span> 
     </span>
     <span class='ocr_line' id='line_1_22' title="bbox 291 3229 1716 3338; baseline 0.004 -34"><span class='ocrx_word' id='word_1_203' title='bbox 291 3229 363 3306; x_wconf 89' lang='lat' dir='ltr'><strong>bus</strong></span> <span class='ocrx_word' id='word_1_204' title='bbox 389 3231 508 3307; x_wconf 78' lang='lat' dir='ltr'><strong>extitit</strong></span> <span class='ocrx_word' id='word_1_205' title='bbox 528 3247 795 3324; x_wconf 87' lang='lat' dir='ltr'><strong>commoratus,</strong></span> <span class='ocrx_word' id='word_1_206' title='bbox 817 3247 855 3308; x_wconf 89' lang='lat' dir='ltr'><strong>et</strong></span> <span class='ocrx_word' id='word_1_207' title='bbox 878 3229 950 3307; x_wconf 84' lang='lat' dir='ltr'><strong>luit</strong></span> <span class='ocrx_word' id='word_1_208' title='bbox 972 3229 1044 3308; x_wconf 91' lang='lat' dir='ltr'><strong>sibi</strong></span> <span class='ocrx_word' id='word_1_209' title='bbox 1069 3246 1290 3336; x_wconf 91' lang='lat' dir='ltr'><strong>preceptum</strong></span> <span class='ocrx_word' id='word_1_210' title='bbox 1311 3230 1416 3336; x_wconf 89' lang='lat' dir='ltr'><strong>quod</strong></span> <span class='ocrx_word' id='word_1_211' title='bbox 1444 3229 1571 3307; x_wconf 90' lang='lat' dir='ltr'><strong>debite</strong></span> <span class='ocrx_word' id='word_1_212' title='bbox 1590 3234 1716 3338; x_wconf 89' lang='lat' dir='ltr'><strong>acqui·</strong></span> 
     </span>
     <span class='ocr_line' id='line_1_23' title="bbox 279 3359 1714 3470; baseline 0.004 -35"><span class='ocrx_word' id='word_1_213' title='bbox 279 3359 392 3437; x_wconf 64' lang='lat' dir='ltr'><strong>&#39;reret</strong></span> <span class='ocrx_word' id='word_1_214' title='bbox 409 3360 549 3453; x_wconf 87' lang='lat' dir='ltr'><strong>ordini,</strong></span> <span class='ocrx_word' id='word_1_215' title='bbox 575 3362 708 3470; x_wconf 89' lang='lat' dir='ltr'><strong>inquo</strong></span> <span class='ocrx_word' id='word_1_216' title='bbox 725 3380 910 3440; x_wconf 88' lang='lat' dir='ltr'><strong>servatum</strong></span> <span class='ocrx_word' id='word_1_217' title='bbox 925 3359 1074 3449; x_wconf 87' lang='lat' dir='ltr'><strong>luisset,</strong></span> <span class='ocrx_word' id='word_1_218' title='bbox 1095 3379 1137 3437; x_wconf 92' lang='lat' dir='ltr'><strong>ut</strong></span> <span class='ocrx_word' id='word_1_219' title='bbox 1153 3359 1289 3450; x_wconf 89' lang='lat' dir='ltr'><strong>credit,</strong></span> <span class='ocrx_word' id='word_1_220' title='bbox 1311 3360 1416 3466; x_wconf 93' lang='lat' dir='ltr'><strong>quod</strong></span> <span class='ocrx_word' id='word_1_221' title='bbox 1435 3362 1609 3469; x_wconf 86' lang='lat' dir='ltr'><strong>Magister</strong></span> <span class='ocrx_word' id='word_1_222' title='bbox 1629 3392 1714 3441; x_wconf 91' lang='lat' dir='ltr'><strong>cum</strong></span> 
     </span>
     <span class='ocr_line' id='line_1_24' title="bbox 293 3489 1715 3597; baseline 0.004 -33"><span class='ocrx_word' id='word_1_223' title='bbox 293 3510 478 3569; x_wconf 86' lang='lat' dir='ltr'><strong>conventu</strong></span> <span class='ocrx_word' id='word_1_224' title='bbox 491 3495 689 3571; x_wconf 83' lang='lat' dir='ltr'><strong>statuisset.</strong></span> <span class='ocrx_word' id='word_1_225' title='bbox 709 3492 873 3571; x_wconf 85' lang='lat' dir='ltr'><strong>Grandia</strong></span> <span class='ocrx_word' id='word_1_226' title='bbox 891 3491 1075 3581; x_wconf 88' lang='lat' dir='ltr'><strong>scandala,</strong></span> <span class='ocrx_word' id='word_1_227' title='bbox 1093 3492 1253 3597; x_wconf 87' lang='lat' dir='ltr'><strong>suspicio</strong></span> <span class='ocrx_word' id='word_1_228' title='bbox 1265 3509 1302 3568; x_wconf 93' lang='lat' dir='ltr'><strong>et</strong></span> <span class='ocrx_word' id='word_1_229' title='bbox 1315 3489 1465 3567; x_wconf 75' lang='lat' dir='ltr'><strong>iufamia</strong></span> <span class='ocrx_word' id='word_1_230' title='bbox 1482 3509 1570 3568; x_wconf 85' lang='lat' dir='ltr'><strong>sunt</strong></span> <span class='ocrx_word' id='word_1_231' title='bbox 1590 3512 1715 3570; x_wconf 86' lang='lat' dir='ltr'><strong>exorta</strong></span> 
     </span>
     <span class='ocr_line' id='line_1_25' title="bbox 293 3621 1712 3729; baseline 0.002 -34"><span class='ocrx_word' id='word_1_232' title='bbox 293 3647 394 3698; x_wconf 90' lang='lat' dir='ltr'><strong>nunc</strong></span> <span class='ocrx_word' id='word_1_233' title='bbox 409 3639 536 3699; x_wconf 89' lang='lat' dir='ltr'><strong>contra</strong></span> <span class='ocrx_word' id='word_1_234' title='bbox 551 3624 742 3712; x_wconf 88' lang='lat' dir='ltr'><strong>ordinem,</strong></span> <span class='ocrx_word' id='word_1_235' title='bbox 760 3653 781 3700; x_wconf 89' lang='lat' dir='ltr'><strong>a</strong></span> <span class='ocrx_word' id='word_1_236' title='bbox 801 3652 878 3729; x_wconf 91' lang='lat' dir='ltr'><strong>quo</strong></span> <span class='ocrx_word' id='word_1_237' title='bbox 894 3625 972 3729; x_wconf 87' lang='lat' dir='ltr'><strong>ipse</strong></span> <span class='ocrx_word' id='word_1_238' title='bbox 988 3623 1093 3701; x_wconf 90' lang='lat' dir='ltr'><strong>testis</strong></span> <span class='ocrx_word' id='word_1_239' title='bbox 1108 3639 1262 3728; x_wconf 88' lang='lat' dir='ltr'><strong>propter</strong></span> <span class='ocrx_word' id='word_1_240' title='bbox 1277 3622 1376 3699; x_wconf 90' lang='lat' dir='ltr'><strong>dicta</strong></span> <span class='ocrx_word' id='word_1_241' title='bbox 1392 3621 1520 3697; x_wconf 91' lang='lat' dir='ltr'><strong>illicita</strong></span> <span class='ocrx_word' id='word_1_242' title='bbox 1538 3621 1712 3698; x_wconf 88' lang='lat' dir='ltr'><strong>recedere</strong></span> 
     </span>
     <span class='ocr_line' id='line_1_26' title="bbox 293 3752 1698 3860; baseline -0.001 -32"><span class='ocrx_word' id='word_1_243' title='bbox 293 3753 526 3858; x_wconf 91' lang='lat' dir='ltr'><strong>proponebat</strong></span> <span class='ocrx_word' id='word_1_244' title='bbox 542 3771 628 3830; x_wconf 88' lang='lat' dir='ltr'><strong>ante</strong></span> <span class='ocrx_word' id='word_1_245' title='bbox 645 3755 864 3860; x_wconf 89' lang='lat' dir='ltr'><strong>capcionem</strong></span> <span class='ocrx_word' id='word_1_246' title='bbox 877 3782 1003 3842; x_wconf 87' lang='lat' dir='ltr'><strong>suam,</strong></span> <span class='ocrx_word' id='word_1_247' title='bbox 1026 3770 1079 3852; x_wconf 73' lang='lat' dir='ltr'><strong>ut,</strong></span> <span class='ocrx_word' id='word_1_248' title='bbox 1091 3753 1204 3841; x_wconf 71' lang='lat' dir='ltr'><strong>dixit,</strong></span> <span class='ocrx_word' id='word_1_249' title='bbox 1226 3770 1353 3830; x_wconf 86' lang='lat' dir='ltr'><strong>contra</strong></span> <span class='ocrx_word' id='word_1_250' title='bbox 1367 3780 1481 3858; x_wconf 89' lang='lat' dir='ltr'><strong>quem</strong></span> <span class='ocrx_word' id='word_1_251' title='bbox 1498 3752 1621 3828; x_wconf 89' lang='lat' dir='ltr'><strong>dictus</strong></span> <span class='ocrx_word' id='word_1_252' title='bbox 1639 3753 1698 3829; x_wconf 90' lang='lat' dir='ltr'><strong>Ma</strong></span> 
     </span>
     <span class='ocr_line' id='line_1_27' title="bbox 292 3880 1713 3991; baseline 0.001 -34"><span class='ocrx_word' id='word_1_253' title='bbox 292 3883 405 3987; x_wconf 89' lang='lat' dir='ltr'><strong>gister</strong></span> <span class='ocrx_word' id='word_1_254' title='bbox 426 3883 542 3960; x_wconf 89' lang='lat' dir='ltr'><strong>etalii</strong></span> <span class='ocrx_word' id='word_1_255' title='bbox 560 3885 738 3963; x_wconf 89' lang='lat' dir='ltr'><strong>dicuntur</strong></span> <span class='ocrx_word' id='word_1_256' title='bbox 757 3885 881 3991; x_wconf 92' lang='lat' dir='ltr'><strong>aliqua</strong></span> <span class='ocrx_word' id='word_1_257' title='bbox 901 3884 1014 3962; x_wconf 82' lang='lat' dir='ltr'><strong>fuisse</strong></span> <span class='ocrx_word' id='word_1_258' title='bbox 1033 3883 1211 3974; x_wconf 80' lang='lat' dir='ltr'><strong>consessi3</strong></span> <span class='ocrx_word' id='word_1_259' title='bbox 1233 3883 1281 3958; x_wconf 92' lang='lat' dir='ltr'><strong>ad</strong></span> <span class='ocrx_word' id='word_1_260' title='bbox 1298 3883 1404 3989; x_wconf 87' lang='lat' dir='ltr'><strong>cujus</strong></span> <span class='ocrx_word' id='word_1_261' title='bbox 1424 3880 1567 3958; x_wconf 91' lang='lat' dir='ltr'><strong>ordinis</strong></span> <span class='ocrx_word' id='word_1_262' title='bbox 1583 3881 1713 3959; x_wconf 86' lang='lat' dir='ltr'><strong>delen·</strong></span> 
     </span>
     <span class='ocr_line' id='line_1_28' title="bbox 292 4012 812 4093; baseline 0.015 -8"><span class='ocrx_word' id='word_1_263' title='bbox 292 4012 437 4088; x_wconf 87' lang='lat' dir='ltr'><strong>sionem</strong></span> <span class='ocrx_word' id='word_1_264' title='bbox 457 4041 497 4090; x_wconf 92' lang='lat' dir='ltr'><strong>se</strong></span> <span class='ocrx_word' id='word_1_265' title='bbox 517 4040 594 4091; x_wconf 91' lang='lat' dir='ltr'><strong>non</strong></span> <span class='ocrx_word' id='word_1_266' title='bbox 614 4015 812 4093; x_wconf 86' lang='lat' dir='ltr'><strong>obtulerat.</strong></span> 
     </span>
    </p>

    <p class='ocr_par' dir='ltr' id='par_1_3' title="bbox 295 4142 1780 4640">
     <span class='ocr_line' id='line_1_29' title="bbox 349 4142 1780 4253; baseline 0.006 -36"><span class='ocrx_word' id='word_1_267' title='bbox 349 4142 565 4246; x_wconf 87' lang='lat' dir='ltr'><strong>Requisitus</strong></span> <span class='ocrx_word' id='word_1_268' title='bbox 582 4145 611 4221; x_wconf 90' lang='lat' dir='ltr'><strong>si</strong></span> <span class='ocrx_word' id='word_1_269' title='bbox 628 4145 680 4221; x_wconf 92' lang='lat' dir='ltr'><strong>sic</strong></span> <span class='ocrx_word' id='word_1_270' title='bbox 695 4146 920 4253; x_wconf 90' lang='lat' dir='ltr'><strong>deposuerat</strong></span> <span class='ocrx_word' id='word_1_271' title='bbox 934 4173 1062 4252; x_wconf 88' lang='lat' dir='ltr'><strong>prece,</strong></span> <span class='ocrx_word' id='word_1_272' title='bbox 1077 4163 1265 4251; x_wconf 89' lang='lat' dir='ltr'><strong>precepto,</strong></span> <span class='ocrx_word' id='word_1_273' title='bbox 1282 4145 1431 4235; x_wconf 91' lang='lat' dir='ltr'><strong>timore,</strong></span> <span class='ocrx_word' id='word_1_274' title='bbox 1448 4172 1585 4234; x_wconf 88' lang='lat' dir='ltr'><strong>amore,</strong></span> <span class='ocrx_word' id='word_1_275' title='bbox 1605 4147 1710 4237; x_wconf 85' lang='lat' dir='ltr'><strong>odio,</strong></span> <span class='ocrx_word' id='word_1_276' title='bbox 1776 4163 1780 4171; x_wconf 83' lang='grc'><em>“</em></span> 
     </span>
     <span class='ocr_line' id='line_1_30' title="bbox 295 4268 1714 4384; baseline 0.008 -41"><span class='ocrx_word' id='word_1_277' title='bbox 295 4268 349 4343; x_wconf 92' lang='lat' dir='ltr'><strong>vel</strong></span> <span class='ocrx_word' id='word_1_278' title='bbox 367 4271 565 4375; x_wconf 91' lang='lat' dir='ltr'><strong>temporali</strong></span> <span class='ocrx_word' id='word_1_279' title='bbox 585 4272 746 4350; x_wconf 90' lang='lat' dir='ltr'><strong>comodo</strong></span> <span class='ocrx_word' id='word_1_280' title='bbox 765 4273 894 4350; x_wconf 88' lang='lat' dir='ltr'><strong>habito</strong></span> <span class='ocrx_word' id='word_1_281' title='bbox 909 4273 967 4350; x_wconf 86' lang='lat' dir='ltr'><strong>vel</strong></span> <span class='ocrx_word' id='word_1_282' title='bbox 986 4272 1181 4361; x_wconf 90' lang='lat' dir='ltr'><strong>habendo,</strong></span> <span class='ocrx_word' id='word_1_283' title='bbox 1198 4274 1393 4378; x_wconf 88' lang='lat' dir='ltr'><strong>respondit</strong></span> <span class='ocrx_word' id='word_1_284' title='bbox 1411 4274 1516 4384; x_wconf 88' lang='lat' dir='ltr'><strong>quod</strong></span> <span class='ocrx_word' id='word_1_285' title='bbox 1535 4305 1629 4368; x_wconf 90' lang='lat' dir='ltr'><strong>non,</strong></span> <span class='ocrx_word' id='word_1_286' title='bbox 1646 4279 1714 4356; x_wconf 88' lang='lat' dir='ltr'><strong>sed</strong></span> 
     </span>
     <span class='ocr_line' id='line_1_31' title="bbox 295 4399 1712 4511; baseline 0.007 -37"><span class='ocrx_word' id='word_1_287' title='bbox 295 4427 361 4503; x_wconf 93' lang='lat' dir='ltr'><strong>pro</strong></span> <span class='ocrx_word' id='word_1_288' title='bbox 376 4399 527 4477; x_wconf 88' lang='lat' dir='ltr'><strong>veritate</strong></span> <span class='ocrx_word' id='word_1_289' title='bbox 540 4401 718 4491; x_wconf 75' lang='lat' dir='ltr'><strong>dicenda,</strong></span> <span class='ocrx_word' id='word_1_290' title='bbox 734 4402 793 4477; x_wconf 92' lang='lat' dir='ltr'><strong>cui</strong></span> <span class='ocrx_word' id='word_1_291' title='bbox 805 4401 876 4479; x_wconf 86' lang='lat' dir='ltr'><strong>luit</strong></span> <span class='ocrx_word' id='word_1_292' title='bbox 885 4403 1096 4511; x_wconf 88' lang='lat' dir='ltr'><strong>injunctum</strong></span> <span class='ocrx_word' id='word_1_293' title='bbox 1106 4404 1210 4510; x_wconf 91' lang='lat' dir='ltr'><strong>quod</strong></span> <span class='ocrx_word' id='word_1_294' title='bbox 1220 4422 1297 4480; x_wconf 92' lang='lat' dir='ltr'><strong>nou</strong></span> <span class='ocrx_word' id='word_1_295' title='bbox 1305 4405 1486 4483; x_wconf 88' lang='lat' dir='ltr'><strong>revelaret</strong></span> <span class='ocrx_word' id='word_1_296' title='bbox 1496 4407 1591 4483; x_wconf 91' lang='lat' dir='ltr'><strong>hanc</strong></span> <span class='ocrx_word' id='word_1_297' title='bbox 1606 4435 1712 4484; x_wconf 90' lang='lat' dir='ltr'><strong>suam</strong></span> 
     </span>
     <span class='ocr_line' id='line_1_32' title="bbox 295 4528 1472 4640; baseline 0.006 -35"><span class='ocrx_word' id='word_1_298' title='bbox 295 4528 594 4634; x_wconf 87' lang='lat' dir='ltr'><strong>deposicionem,</strong></span> <span class='ocrx_word' id='word_1_299' title='bbox 615 4559 813 4638; x_wconf 88' lang='lat' dir='ltr'><strong>quousque</strong></span> <span class='ocrx_word' id='word_1_300' title='bbox 837 4534 1094 4611; x_wconf 88' lang='lat' dir='ltr'><strong>attestacioues</strong></span> <span class='ocrx_word' id='word_1_301' title='bbox 1114 4534 1256 4611; x_wconf 90' lang='lat' dir='ltr'><strong>fuerint</strong></span> <span class='ocrx_word' id='word_1_302' title='bbox 1273 4534 1472 4640; x_wconf 88' lang='lat' dir='ltr'><strong>publicate.</strong></span> 
     </span>
    </p>

    <p class='ocr_par' dir='ltr' id='par_1_4' title="bbox 295 4660 1714 4902">
     <span class='ocr_line' id='line_1_33' title="bbox 299 4660 1714 4773; baseline 0.009 -38"><span class='ocrx_word' id='word_1_303' title='bbox 299 4665 303 4671; x_wconf 86' lang='grc'><strong>’</strong></span> <span class='ocrx_word' id='word_1_304' title='bbox 350 4660 438 4736; x_wconf 80' lang='lat' dir='ltr'><strong>Acta</strong></span> <span class='ocrx_word' id='word_1_305' title='bbox 461 4660 615 4739; x_wconf 87' lang='lat' dir='ltr'><strong>luerunt</strong></span> <span class='ocrx_word' id='word_1_306' title='bbox 634 4662 705 4738; x_wconf 90' lang='lat' dir='ltr'><strong>hec</strong></span> <span class='ocrx_word' id='word_1_307' title='bbox 720 4662 833 4741; x_wconf 87' lang='lat' dir='ltr'><strong>dictis</strong></span> <span class='ocrx_word' id='word_1_308' title='bbox 848 4662 908 4742; x_wconf 90' lang='lat' dir='ltr'><strong>die</strong></span> <span class='ocrx_word' id='word_1_309' title='bbox 929 4682 967 4742; x_wconf 89' lang='lat' dir='ltr'><strong>et</strong></span> <span class='ocrx_word' id='word_1_310' title='bbox 984 4663 1084 4754; x_wconf 93' lang='lat' dir='ltr'><strong>loco,</strong></span> <span class='ocrx_word' id='word_1_311' title='bbox 1101 4665 1337 4771; x_wconf 87' lang='lat' dir='ltr'><strong>presentibus</strong></span> <span class='ocrx_word' id='word_1_312' title='bbox 1353 4667 1529 4773; x_wconf 89' lang='lat' dir='ltr'><strong>magistro</strong></span> <span class='ocrx_word' id='word_1_313' title='bbox 1548 4667 1714 4758; x_wconf 80' lang='lat' dir='ltr'><strong>Amisia,</strong></span> 
     </span>
     <span class='ocr_line' id='line_1_34' title="bbox 295 4789 1708 4902; baseline 0.009 -38"><span class='ocrx_word' id='word_1_314' title='bbox 295 4816 355 4864; x_wconf 89' lang='lat' dir='ltr'><strong>me</strong></span> <span class='ocrx_word' id='word_1_315' title='bbox 375 4789 629 4871; x_wconf 88' lang='lat' dir='ltr'><strong>Floriamonte</strong></span> <span class='ocrx_word' id='word_1_316' title='bbox 647 4792 862 4882; x_wconf 90' lang='lat' dir='ltr'><strong>Dondedei,</strong></span> <span class='ocrx_word' id='word_1_317' title='bbox 879 4811 918 4872; x_wconf 89' lang='lat' dir='ltr'><strong>et</strong></span> <span class='ocrx_word' id='word_1_318' title='bbox 939 4794 1020 4874; x_wconf 90' lang='lat' dir='ltr'><strong>aliis</strong></span> <span class='ocrx_word' id='word_1_319' title='bbox 1037 4796 1191 4873; x_wconf 86' lang='lat' dir='ltr'><strong>notariis</strong></span> <span class='ocrx_word' id='word_1_320' title='bbox 1208 4825 1319 4902; x_wconf 90' lang='lat' dir='ltr'><strong>supra</strong></span> <span class='ocrx_word' id='word_1_321' title='bbox 1336 4798 1474 4876; x_wconf 91' lang='lat' dir='ltr'><strong>ultimo</strong></span> <span class='ocrx_word' id='word_1_322' title='bbox 1491 4799 1708 4889; x_wconf 83' lang='lat' dir='ltr'><strong>nominatis,</strong></span> 
     </span>
    </p>
   </div>
   <div class='ocr_carea' id='block_1_3' title="bbox 0 0 2120 5956">
    <p class='ocr_par' dir='ltr' id='par_1_5' title="bbox 0 0 2120 5956">
     <span class='ocr_line' id='line_1_35' title="bbox 0 0 2120 5956; baseline 0 0"><span class='ocrx_word' id='word_1_323' title='bbox 0 0 2120 5956; x_wconf 95' lang='lat' dir='ltr'><strong> </strong></span> 
     </span>
    </p>
   </div>
  </div>
 </body>
</html>
