4230 5956
483 482 552 556 ru
864 459 1060 552 enocss
1087 479 1182 550 nus
1209 478 1511 552 rnurmnns.

479 621 716 713 mantellum,
735 638 772 698 et
794 622 874 728 ipse
895 638 933 697 et
952 637 1113 697 astantes
1128 617 1284 696 osculati
1305 618 1460 696 luerunt
1486 647 1573 696 eum
1596 620 1634 696 in
1656 649 1734 699 ore.
1752 623 1900 703 Deinde

477 754 585 831 allata
607 751 772 860 quadam
799 780 908 828 cruce
929 749 1120 826 metallina
1146 749 1182 826 in
1209 778 1283 855 qua
1305 765 1384 825 erat
1405 778 1538 856 ymago
1556 749 1732 828 Crucifixi
1751 783 1819 860 per
1842 758 1899 832 di·-

476 904 578 962 ctum
599 882 866 990 presbiterum,
889 880 1128 988 interrogavit
1148 880 1270 985 ipsum
1288 895 1423 956 testem
1446 880 1567 956 dictus
1585 900 1756 988 receptor
1772 886 1801 961 si
1823 916 1900 964 cre-

477 1015 589 1091 debat
608 1013 647 1088 in
665 1011 772 1088 illurn
792 1012 858 1118 qui
882 1010 1208 1116 representabatur
1227 1038 1295 1116 per
1313 1009 1450 1085 dictam
1470 1011 1683 1118 ymaginem
1704 1013 1897 1108 Crucifixi3

476 1173 552 1252 quo
568 1143 820 1248 respondente
840 1142 944 1246 quod
963 1142 1032 1231 sic,
1056 1141 1148 1216 dixit
1168 1140 1201 1215 ei
1221 1140 1326 1246 quod
1346 1168 1424 1216 non
1444 1139 1608 1217 debebat
1622 1142 1793 1234 credere,
1813 1147 1900 1251 qnia

477 1274 589 1351 falsus
605 1273 787 1379 propheta
807 1270 947 1359 luerat,
970 1288 1009 1347 et
1027 1271 1195 1376 precepit
1212 1271 1244 1345 ei
1266 1270 1369 1375 qnod
1390 1269 1593 1377 abnegaret
1617 1298 1705 1348 enm
1730 1291 1770 1349 et
1792 1304 1901 1380 spue-

478 1421 546 1480 ret
562 1431 673 1508 supra
698 1430 846 1478 crucem
875 1401 1100 1505 predictam,
1129 1417 1167 1476 et
1198 1416 1285 1475 tunc
1310 1400 1388 1504 ipse
1414 1400 1538 1487 testis,
1560 1428 1636 1477 non
1662 1404 1804 1480 audens
1832 1434 1900 1482 nec

478 1534 596 1608 sciens
609 1533 795 1620 resistere,
814 1560 899 1606 cnm
921 1547 1017 1607 esset
1034 1528 1199 1605 multum
1214 1528 1379 1635 juvenis,
1396 1528 1528 1606 dolens
1547 1547 1690 1619 tamen,
1707 1533 1900 1643 abnegavit

479 1692 542 1739 ore
562 1691 638 1740 non
657 1663 785 1751 corde,
804 1680 843 1738 et
860 1662 961 1768 spuit
971 1662 1075 1767 juxta
1091 1689 1167 1737 non
1184 1688 1293 1764 supra
1315 1659 1452 1735 dictam
1473 1689 1634 1738 crucem.
1655 1664 1899 1742 Postmodum

480 1794 572 1869 dixit
590 1794 624 1870 ei
650 1792 752 1898 quod
772 1808 919 1898 poterat
937 1790 1168 1867 commisceri
1195 1789 1391 1866 carnaliter
1405 1819 1491 1866 cum
1513 1789 1689 1868 fratribus
1701 1794 1843 1871 ordinis
1864 1813 1900 1870 et

481 1925 549 2029 ipsi
570 1952 657 2000 cum
678 1952 742 2013 θος
766 1924 843 2028 ipse
863 1939 989 1998 tamen
1015 1949 1092 1998 nou
1116 1920 1204 1996 lecit
1219 1947 1289 1997 nec
1308 1918 1379 1996 fuit
1399 1948 1565 2026 unquam
1586 1923 1802 2028 requisitus,
1831 1952 1900 2002 nec

481 2056 597 2130 credit
614 2055 716 2160 quod
731 2052 827 2130 illud
841 2069 1034 2158 peccatum
1050 2068 1327 2157 perpetraretur
1341 2051 1379 2126 in
1397 2051 1542 2128 ordine.
1559 2053 1773 2157 Requisitns
1787 2056 1817 2130 si
1831 2056 1901 2132 alia

482 2184 679 2259 inhonesta
699 2183 736 2255 in
757 2182 864 2257 diotis
888 2180 1052 2257 articulis
1074 2196 1247 2257 contenta
1268 2198 1333 2256 aut
1349 2180 1427 2257 alia
1452 2180 1718 2258 intervenirent
1742 2182 1780 2258 in
1806 2185 1902 2261 dicta

482 2342 548 2387 sua
564 2312 782 2416 recepcione
803 2309 860 2385 vel
881 2327 980 2414 post,
1002 2309 1196 2415 respondit
1211 2309 1316 2415 quod
1342 2338 1420 2387 non
1439 2311 1668 2388 recordetur.
1688 2313 1903 2418 Requisitus

483 2443 511 2518 si
536 2440 653 2516 credit
672 2439 778 2544 quod
797 2437 924 2520 illicita
944 2437 1146 2514 confessata
1165 2466 1233 2543 per
1252 2467 1341 2515 eum
1366 2438 1634 2516 intervenirent
1653 2443 1903 2519 communiter

484 2573 521 2645 in
549 2568 830 2675 receptionibus
860 2567 1021 2644 aliorum
1052 2567 1207 2645 fratrum
1243 2567 1299 2644 vel
1329 2585 1431 2672 post,
1460 2570 1655 2675 respondit
1686 2597 1724 2646 se
1750 2572 1901 2649 credere

484 2702 587 2806 quod
607 2700 672 2788 sic,
693 2699 782 2806 quia
800 2698 894 2774 vidit
915 2698 1048 2803 recipi,
1071 2715 1160 2774 sunt
1176 2724 1258 2776 xxvi
1283 2698 1370 2773 anni
1389 2697 1448 2773 vel
1468 2699 1579 2785 circa,
1599 2699 1697 2776 ultra
1721 2729 1839 2790 mare,
1864 2702 1903 2779 in

483 2832 645 2938 quadam
661 2858 804 2906 camera
832 2829 969 2905 domus
991 2827 1138 2932 Templi
1168 2828 1215 2905 de
1242 2829 1416 2913 Tortosa,
1441 2825 1592 2904 fratrem
1623 2828 1834 2907 Johannem
1867 2832 1903 2907 lo

484 2965 574 3037 Test
588 2960 635 3034 de
649 2958 783 3062 Apulia
801 2958 1039 3044 servientem,
1058 2959 1105 3033 de
1122 2957 1229 3065 cujus
1240 2957 1312 3033 vita
1324 2957 1385 3033 vel
1399 2973 1520 3034 morte
1531 2984 1608 3034 non
1623 2956 1737 3034 habet
1752 2961 1904 3037 certitu-

486 3091 635 3173 dinem,
651 3117 718 3193 per
729 3087 880 3163 fratrem
893 3086 1121 3164 Ademarum
1139 3088 1185 3164 de
1205 3090 1369 3196 Peyruna
1381 3087 1557 3175 militem,
1569 3088 1760 3195 quondam
1773 3090 1904 3166 castel-

486 3220 614 3295 lanum
636 3217 682 3293 de
702 3219 893 3305 Tortossa,
908 3217 1146 3323 presentibus
1162 3216 1338 3294 fratribus
1351 3218 1520 3293 Johanne
1536 3218 1583 3294 de
1598 3216 1721 3308 Acon,
1736 3219 1905 3296 Johanne

486 3350 533 3424 de
559 3346 724 3424 Nivernis
744 3346 1007 3435 servientibus,
1030 3348 1236 3425 Bertrando
1261 3346 1452 3424 Amblardi
1479 3364 1517 3423 et
1537 3349 1743 3426 Bertrando
1772 3349 1819 3426 de
1841 3349 1907 3426 Sa·

486 3479 618 3554 vinhac
642 3475 844 3567 militibus,
872 3475 1086 3565 deffunctis,
1116 3495 1153 3554 et
1177 3478 1350 3582 pluribus
1377 3475 1458 3553 aliis
1486 3505 1582 3583 quos
1606 3478 1727 3554 credit
1754 3478 1903 3554 obiisse.

487 3606 588 3683 Vidit
618 3608 733 3683 eciam
753 3607 867 3711 recipi
901 3607 938 3681 in
961 3606 1100 3712 capella
1126 3607 1262 3684 domus
1287 3606 1435 3712 Templi
1466 3607 1513 3683 de
1541 3605 1576 3682 la
1598 3608 1806 3714 Ransioyra⁴
1822 3606 1907 3685 Cla·

487 3737 733 3814 ramontensis
754 3736 927 3827 diocesis,
946 3754 1034 3814 sunt
1050 3737 1194 3814 circiter
1216 3735 1281 3816 xil
1301 3737 1406 3824 anni,
1426 3736 1578 3814 fratrem
1605 3738 1837 3842 Stephanum
1860 3737 1905 3814 de

488 3869 637 3945 Rialhac
649 3868 883 3956 servientem,
899 3868 1213 3946 Claramontensis
1232 3867 1409 3956 diocesis,
1428 3868 1495 3973 qui
1511 3866 1773 3958 transfretavit,
1790 3895 1904 3972 quem

488 4001 619 4105 recipit
638 3998 750 4076 lrater
768 3998 986 4106 Aymericus
1000 3997 1152 4104 Georgii
1173 4014 1370 4103 preceptor
1394 3996 1491 4072 dicte
1519 3998 1670 4086 domus,
1686 3996 1752 4102 qui
1775 3995 1907 4104 affugit

489 4127 638 4233 quando
659 4130 721 4204 alii
742 4130 835 4235 capti
864 4128 1035 4214 suerunt,
1057 4127 1294 4233 presentibus
1313 4125 1491 4203 fratribus
1511 4127 1676 4203 Roberto
1702 4126 1749 4203 de
1775 4127 1908 4204 Salita-

490 4259 584 4334 nhao
597 4257 925 4350 claramontensis,
949 4276 986 4335 et
1004 4258 1167 4368 Georgio
1188 4256 1250 4334 del
1265 4257 1404 4361 Saphet
1418 4256 1670 4333 Ruthenensis
1687 4255 1906 4343 diocesium,

489 4389 754 4474 servientibus,
783 4390 847 4496 qui
868 4390 1038 4466 vivebant
1060 4407 1231 4493 tempore
1258 4387 1460 4493 capciouis,
1476 4386 1516 4461 in
1536 4414 1698 4491 quorum
1723 4387 1909 4492 recepcio-

490 4519 602 4596 nibus
631 4520 724 4607 vidit
740 4519 845 4624 quod
872 4518 1138 4593 intervenirent
1163 4517 1263 4593 licita
1283 4534 1321 4592 et
1342 4516 1471 4592 illicita
1495 4514 1697 4592 conlassata
1718 4543 1786 4620 per
1805 4542 1905 4590 eum.

491 4649 658 4726 Plurium
680 4648 963 4755 recepcionibus
982 4674 1021 4723 se
1047 4647 1208 4722 adfuisse
1229 4673 1305 4723 non
1325 4647 1470 4735 recolit,
1492 4648 1659 4750 necipse
1684 4645 1822 4749 recepit
1841 4644 1908 4719 ali·

492 4805 617 4882 quem.
641 4781 749 4864 Item,
779 4779 871 4854 dixit
889 4805 928 4854 se
955 4776 1105 4852 credere
1125 4776 1229 4884 quod
1250 4775 1381 4853 fratres
1402 4776 1548 4852 ordinis
1573 4777 1768 4853 crederent
1788 4773 1904 4851 eccle·
