<?xml version="1.0" encoding="UTF-8"?>
<!DOCTYPE html PUBLIC "-//W3C//DTD XHTML 1.0 Transitional//EN"
    "http://www.w3.org/TR/xhtml1/DTD/xhtml1-transitional.dtd">
<html xmlns="http://www.w3.org/1999/xhtml" xml:lang="en" lang="en">
 <head>
  <title>
</title>
<meta http-equiv="Content-Type" content="text/html;charset=utf-8" />
  <meta name='ocr-system' content='tesseract 3.04.00' />
  <meta name='ocr-capabilities' content='ocr_page ocr_carea ocr_par ocr_line ocrx_word'/>
</head>
<body>
  <div class='ocr_page' id='page_1' title='image "./procsdestemplie01defegoog/procsdestemplie01defegoog_0330.png"; bbox 0 0 4230 5956; ppageno 0'>
   <div class='ocr_carea' id='block_1_1' title="bbox 416 461 1448 555">
    <p class='ocr_par' dir='ltr' id='par_1_1' title="bbox 416 461 1448 555">
     <span class='ocr_line' id='line_1_1' title="bbox 416 461 1448 555; baseline -0.005 0"><span class='ocrx_word' id='word_1_1' title='bbox 416 480 491 555; x_wconf 80' lang='lat' dir='ltr'><strong>soa</strong></span> <span class='ocrx_word' id='word_1_2' title='bbox 804 461 1000 554; x_wconf 66' lang='lat' dir='ltr'><strong>anoctis</strong></span> <span class='ocrx_word' id='word_1_3' title='bbox 1028 480 1124 551; x_wconf 80' lang='lat' dir='ltr'><strong>nus</strong></span> <span class='ocrx_word' id='word_1_4' title='bbox 1150 476 1448 551; x_wconf 73' lang='lat' dir='ltr'><strong>sanctinus.</strong></span> 
     </span>
    </p>
   </div>
   <div class='ocr_carea' id='block_1_2' title="bbox 416 621 1841 2939">
    <p class='ocr_par' dir='ltr' id='par_1_2' title="bbox 416 621 1839 1233">
     <span class='ocr_line' id='line_1_2' title="bbox 417 621 1839 729; baseline -0.001 -28"><span class='ocrx_word' id='word_1_5' title='bbox 417 652 503 701; x_wconf 91' lang='lat' dir='ltr'><strong>eum</strong></span> <span class='ocrx_word' id='word_1_6' title='bbox 529 622 744 728; x_wconf 79' lang='lat' dir='ltr'>abnegaret,</span> <span class='ocrx_word' id='word_1_7' title='bbox 768 638 804 697; x_wconf 90' lang='lat' dir='ltr'><strong>et</strong></span> <span class='ocrx_word' id='word_1_8' title='bbox 823 640 975 726; x_wconf 79' lang='lat' dir='ltr'>spueret</span> <span class='ocrx_word' id='word_1_9' title='bbox 995 650 1107 729; x_wconf 86' lang='lat' dir='ltr'><strong>supra</strong></span> <span class='ocrx_word' id='word_1_10' title='bbox 1125 622 1242 727; x_wconf 88' lang='lat' dir='ltr'><strong>ipsam</strong></span> <span class='ocrx_word' id='word_1_11' title='bbox 1266 622 1474 727; x_wconf 84' lang='lat' dir='ltr'>ymaginem</span> <span class='ocrx_word' id='word_1_12' title='bbox 1501 637 1568 698; x_wconf 91' lang='lat' dir='ltr'><strong>ter.</strong></span> <span class='ocrx_word' id='word_1_13' title='bbox 1589 621 1743 698; x_wconf 90' lang='lat' dir='ltr'><strong>Etcum</strong></span> <span class='ocrx_word' id='word_1_14' title='bbox 1765 623 1839 701; x_wconf 90' lang='lat' dir='ltr'><strong>hoc</strong></span> 
     </span>
     <span class='ocr_line' id='line_1_3' title="bbox 416 751 1837 860; baseline 0.001 -31"><span class='ocrx_word' id='word_1_15' title='bbox 416 754 535 831; x_wconf 78' lang='lat' dir='ltr'><strong>l&#39;aoere</strong></span> <span class='ocrx_word' id='word_1_16' title='bbox 550 769 753 839; x_wconf 81' lang='lat' dir='ltr'><strong>recusaret,</strong></span> <span class='ocrx_word' id='word_1_17' title='bbox 775 751 905 828; x_wconf 81' lang='lat' dir='ltr'><strong>fratres</strong></span> <span class='ocrx_word' id='word_1_18' title='bbox 925 753 1081 858; x_wconf 81' lang='lat' dir='ltr'><strong>predicti</strong></span> <span class='ocrx_word' id='word_1_19' title='bbox 1099 752 1241 836; x_wconf 87' lang='lat' dir='ltr'>ordinis</span> <span class='ocrx_word' id='word_1_20' title='bbox 1255 769 1444 858; x_wconf 84' lang='lat' dir='ltr'><strong>presentes</strong></span> <span class='ocrx_word' id='word_1_21' title='bbox 1459 751 1632 829; x_wconf 89' lang='lat' dir='ltr'><strong>dixerunt</strong></span> <span class='ocrx_word' id='word_1_22' title='bbox 1646 751 1715 829; x_wconf 94' lang='lat' dir='ltr'><strong>sibi</strong></span> <span class='ocrx_word' id='word_1_23' title='bbox 1733 755 1837 860; x_wconf 93' lang='lat' dir='ltr'><strong>quod</strong></span> 
     </span>
     <span class='ocr_line' id='line_1_4' title="bbox 416 877 1835 990; baseline 0 -29"><span class='ocrx_word' id='word_1_24' title='bbox 416 883 612 990; x_wconf 77' lang='lat' dir='ltr'><strong>oportebat</strong></span> <span class='ocrx_word' id='word_1_25' title='bbox 626 880 729 988; x_wconf 92' lang='lat' dir='ltr'><strong>quod</strong></span> <span class='ocrx_word' id='word_1_26' title='bbox 745 877 818 958; x_wconf 90' lang='lat' dir='ltr'><strong>hoc</strong></span> <span class='ocrx_word' id='word_1_27' title='bbox 834 882 988 974; x_wconf 80' lang='lat' dir='ltr'><strong>laceret3</strong></span> <span class='ocrx_word' id='word_1_28' title='bbox 1006 901 1043 960; x_wconf 89' lang='lat' dir='ltr'><strong>et</strong></span> <span class='ocrx_word' id='word_1_29' title='bbox 1060 899 1148 959; x_wconf 87' lang='lat' dir='ltr'><strong>tune</strong></span> <span class='ocrx_word' id='word_1_30' title='bbox 1163 884 1260 988; x_wconf 89' lang='lat' dir='ltr'><strong>ipse,</strong></span> <span class='ocrx_word' id='word_1_31' title='bbox 1282 882 1371 959; x_wconf 92' lang='lat' dir='ltr'><strong>licet</strong></span> <span class='ocrx_word' id='word_1_32' title='bbox 1383 881 1536 969; x_wconf 87' lang='lat' dir='ltr'><strong>invitus,</strong></span> <span class='ocrx_word' id='word_1_33' title='bbox 1552 882 1747 988; x_wconf 83' lang='lat' dir='ltr'><strong>abnegavit</strong></span> <span class='ocrx_word' id='word_1_34' title='bbox 1766 901 1835 973; x_wconf 87' lang='lat' dir='ltr'><strong>ter,</strong></span> 
     </span>
     <span class='ocr_line' id='line_1_5' title="bbox 417 1010 1839 1121; baseline 0 -29"><span class='ocrx_word' id='word_1_35' title='bbox 417 1030 455 1092; x_wconf 87' lang='lat' dir='ltr'><strong>et</strong></span> <span class='ocrx_word' id='word_1_36' title='bbox 480 1012 646 1121; x_wconf 87' lang='lat' dir='ltr'><strong>qualibet</strong></span> <span class='ocrx_word' id='word_1_37' title='bbox 668 1012 745 1089; x_wconf 85' lang='lat' dir='ltr'><strong>vice</strong></span> <span class='ocrx_word' id='word_1_38' title='bbox 767 1013 866 1117; x_wconf 86' lang='lat' dir='ltr'><strong>spuit</strong></span> <span class='ocrx_word' id='word_1_39' title='bbox 888 1042 1000 1118; x_wconf 86' lang='lat' dir='ltr'><strong>supra</strong></span> <span class='ocrx_word' id='word_1_40' title='bbox 1020 1042 1183 1116; x_wconf 77' lang='lat' dir='ltr'><strong>crucem3</strong></span> <span class='ocrx_word' id='word_1_41' title='bbox 1210 1013 1277 1089; x_wconf 91' lang='lat' dir='ltr'><strong>sed</strong></span> <span class='ocrx_word' id='word_1_42' title='bbox 1297 1013 1371 1089; x_wconf 90' lang='lat' dir='ltr'><strong>hoo</strong></span> <span class='ocrx_word' id='word_1_43' title='bbox 1389 1039 1466 1086; x_wconf 92' lang='lat' dir='ltr'><strong>non</strong></span> <span class='ocrx_word' id='word_1_44' title='bbox 1486 1010 1573 1088; x_wconf 88' lang='lat' dir='ltr'><strong>fecit</strong></span> <span class='ocrx_word' id='word_1_45' title='bbox 1600 1010 1730 1100; x_wconf 87' lang='lat' dir='ltr'><strong>corde,</strong></span> <span class='ocrx_word' id='word_1_46' title='bbox 1752 1013 1839 1092; x_wconf 93' lang='lat' dir='ltr'><strong>licet</strong></span> 
     </span>
     <span class='ocr_line' id='line_1_6' title="bbox 417 1122 1548 1233; baseline -0.008 -14"><span class='ocrx_word' id='word_1_47' title='bbox 417 1172 499 1233; x_wconf 87' lang='lat' dir='ltr'><strong>ore,</strong></span> <span class='ocrx_word' id='word_1_48' title='bbox 519 1161 562 1221; x_wconf 90' lang='lat' dir='ltr'><strong>ut</strong></span> <span class='ocrx_word' id='word_1_49' title='bbox 578 1144 681 1221; x_wconf 80' lang='lat' dir='ltr'><strong>dixit.</strong></span> <span class='ocrx_word' id='word_1_50' title='bbox 1544 1122 1548 1129; x_wconf 39' lang='lat'>¹</span> 
     </span>
    </p>

    <p class='ocr_par' dir='ltr' id='par_1_3' title="bbox 417 1270 1840 2292">
     <span class='ocr_line' id='line_1_7' title="bbox 473 1270 1840 1381; baseline -0.001 -29"><span class='ocrx_word' id='word_1_51' title='bbox 473 1277 566 1352; x_wconf 89' lang='lat' dir='ltr'><strong>Item</strong></span> <span class='ocrx_word' id='word_1_52' title='bbox 587 1275 677 1350; x_wconf 87' lang='lat' dir='ltr'><strong>dixit</strong></span> <span class='ocrx_word' id='word_1_53' title='bbox 691 1302 759 1378; x_wconf 89' lang='lat' dir='ltr'><strong>per</strong></span> <span class='ocrx_word' id='word_1_54' title='bbox 767 1274 1022 1381; x_wconf 87' lang='lat' dir='ltr'><strong>juramentum</strong></span> <span class='ocrx_word' id='word_1_55' title='bbox 1038 1275 1141 1379; x_wconf 94' lang='lat' dir='ltr'><strong>quod</strong></span> <span class='ocrx_word' id='word_1_56' title='bbox 1158 1273 1342 1378; x_wconf 89' lang='lat' dir='ltr'><strong>recipiens</strong></span> <span class='ocrx_word' id='word_1_57' title='bbox 1361 1271 1525 1378; x_wconf 86' lang='lat' dir='ltr'><strong>precepit</strong></span> <span class='ocrx_word' id='word_1_58' title='bbox 1545 1270 1615 1349; x_wconf 93' lang='lat' dir='ltr'><strong>sibi</strong></span> <span class='ocrx_word' id='word_1_59' title='bbox 1636 1274 1742 1378; x_wconf 91' lang='lat' dir='ltr'><strong>quod</strong></span> <span class='ocrx_word' id='word_1_60' title='bbox 1758 1274 1840 1350; x_wconf 89' lang='lat' dir='ltr'><strong>abs-</strong></span> 
     </span>
     <span class='ocr_line' id='line_1_8' title="bbox 417 1401 1839 1510; baseline -0.001 -29"><span class='ocrx_word' id='word_1_61' title='bbox 417 1407 553 1483; x_wconf 89' lang='lat' dir='ltr'><strong>tineret</strong></span> <span class='ocrx_word' id='word_1_62' title='bbox 571 1433 591 1480; x_wconf 89' lang='lat' dir='ltr'><strong>a</strong></span> <span class='ocrx_word' id='word_1_63' title='bbox 610 1404 848 1493; x_wconf 89' lang='lat' dir='ltr'><strong>mulieribus,</strong></span> <span class='ocrx_word' id='word_1_64' title='bbox 867 1421 905 1481; x_wconf 90' lang='lat' dir='ltr'><strong>et</strong></span> <span class='ocrx_word' id='word_1_65' title='bbox 923 1404 1071 1510; x_wconf 89' lang='lat' dir='ltr'><strong>quodsi</strong></span> <span class='ocrx_word' id='word_1_66' title='bbox 1088 1404 1220 1510; x_wconf 88' lang='lat' dir='ltr'><strong>aliquis</strong></span> <span class='ocrx_word' id='word_1_67' title='bbox 1238 1401 1397 1481; x_wconf 83' lang='lat' dir='ltr'><strong>fratrum</strong></span> <span class='ocrx_word' id='word_1_68' title='bbox 1415 1402 1528 1478; x_wconf 85' lang='lat' dir='ltr'><strong>vellet</strong></span> <span class='ocrx_word' id='word_1_69' title='bbox 1542 1430 1581 1478; x_wconf 90' lang='lat' dir='ltr'><strong>se</strong></span> <span class='ocrx_word' id='word_1_70' title='bbox 1598 1404 1839 1481; x_wconf 89' lang='lat' dir='ltr'><strong>commiscere</strong></span> 
     </span>
     <span class='ocr_line' id='line_1_9' title="bbox 419 1532 1837 1640; baseline -0.001 -29"><span class='ocrx_word' id='word_1_71' title='bbox 419 1562 584 1623; x_wconf 80' lang='lat' dir='ltr'><strong>cumea,</strong></span> <span class='ocrx_word' id='word_1_72' title='bbox 606 1532 711 1640; x_wconf 91' lang='lat' dir='ltr'><strong>quod</strong></span> <span class='ocrx_word' id='word_1_73' title='bbox 731 1534 803 1611; x_wconf 95' lang='lat' dir='ltr'><strong>hoc</strong></span> <span class='ocrx_word' id='word_1_74' title='bbox 822 1535 1070 1639; x_wconf 81' lang='lat' dir='ltr'><strong>permitteret3</strong></span> <span class='ocrx_word' id='word_1_75' title='bbox 1094 1550 1131 1611; x_wconf 90' lang='lat' dir='ltr'><strong>et</strong></span> <span class='ocrx_word' id='word_1_76' title='bbox 1150 1535 1308 1639; x_wconf 87' lang='lat' dir='ltr'><strong>ipsemet</strong></span> <span class='ocrx_word' id='word_1_77' title='bbox 1328 1533 1500 1610; x_wconf 90' lang='lat' dir='ltr'><strong>similiter</strong></span> <span class='ocrx_word' id='word_1_78' title='bbox 1519 1533 1775 1610; x_wconf 87' lang='lat' dir='ltr'><strong>commisceret</strong></span> <span class='ocrx_word' id='word_1_79' title='bbox 1798 1563 1837 1610; x_wconf 88' lang='lat' dir='ltr'><strong>se</strong></span> 
     </span>
     <span class='ocr_line' id='line_1_10' title="bbox 418 1662 1840 1770; baseline -0.001 -31"><span class='ocrx_word' id='word_1_80' title='bbox 418 1693 502 1741; x_wconf 91' lang='lat' dir='ltr'><strong>cum</strong></span> <span class='ocrx_word' id='word_1_81' title='bbox 520 1665 589 1752; x_wconf 89' lang='lat' dir='ltr'><strong>eis,</strong></span> <span class='ocrx_word' id='word_1_82' title='bbox 607 1665 637 1740; x_wconf 93' lang='lat' dir='ltr'><strong>si</strong></span> <span class='ocrx_word' id='word_1_83' title='bbox 652 1662 777 1752; x_wconf 88' lang='lat' dir='ltr'><strong>vellet,</strong></span> <span class='ocrx_word' id='word_1_84' title='bbox 795 1682 831 1741; x_wconf 91' lang='lat' dir='ltr'><strong>et</strong></span> <span class='ocrx_word' id='word_1_85' title='bbox 848 1694 959 1770; x_wconf 87' lang='lat' dir='ltr'><strong>super</strong></span> <span class='ocrx_word' id='word_1_86' title='bbox 974 1665 1046 1741; x_wconf 93' lang='lat' dir='ltr'><strong>hoc</strong></span> <span class='ocrx_word' id='word_1_87' title='bbox 1061 1664 1172 1741; x_wconf 80' lang='lat' dir='ltr'><strong>dabat</strong></span> <span class='ocrx_word' id='word_1_88' title='bbox 1186 1666 1220 1741; x_wconf 92' lang='lat' dir='ltr'><strong>ei</strong></span> <span class='ocrx_word' id='word_1_89' title='bbox 1235 1664 1449 1754; x_wconf 86' lang='lat' dir='ltr'><strong>licenciam;</strong></span> <span class='ocrx_word' id='word_1_90' title='bbox 1472 1663 1599 1739; x_wconf 89' lang='lat' dir='ltr'><strong>dicens</strong></span> <span class='ocrx_word' id='word_1_91' title='bbox 1618 1663 1722 1770; x_wconf 95' lang='lat' dir='ltr'><strong>quod</strong></span> <span class='ocrx_word' id='word_1_92' title='bbox 1739 1662 1840 1739; x_wconf 89' lang='lat' dir='ltr'><strong>dixe-</strong></span> 
     </span>
     <span class='ocr_line' id='line_1_11' title="bbox 418 1792 1839 1901; baseline -0.001 -31"><span class='ocrx_word' id='word_1_93' title='bbox 418 1811 506 1872; x_wconf 92' lang='lat' dir='ltr'><strong>runt</strong></span> <span class='ocrx_word' id='word_1_94' title='bbox 522 1793 593 1872; x_wconf 89' lang='lat' dir='ltr'><strong>sibi</strong></span> <span class='ocrx_word' id='word_1_95' title='bbox 613 1795 717 1900; x_wconf 91' lang='lat' dir='ltr'><strong>quod</strong></span> <span class='ocrx_word' id='word_1_96' title='bbox 737 1811 914 1872; x_wconf 89' lang='lat' dir='ltr'><strong>statutum</strong></span> <span class='ocrx_word' id='word_1_97' title='bbox 935 1811 991 1872; x_wconf 91' lang='lat' dir='ltr'><strong>est</strong></span> <span class='ocrx_word' id='word_1_98' title='bbox 1011 1823 1131 1872; x_wconf 89' lang='lat' dir='ltr'><strong>unum</strong></span> <span class='ocrx_word' id='word_1_99' title='bbox 1153 1795 1240 1870; x_wconf 89' lang='lat' dir='ltr'><strong>dicti</strong></span> <span class='ocrx_word' id='word_1_100' title='bbox 1263 1793 1422 1881; x_wconf 84' lang='lat' dir='ltr'><strong>ordinis,</strong></span> <span class='ocrx_word' id='word_1_101' title='bbox 1444 1794 1547 1901; x_wconf 92' lang='lat' dir='ltr'><strong>quod</strong></span> <span class='ocrx_word' id='word_1_102' title='bbox 1567 1792 1597 1869; x_wconf 92' lang='lat' dir='ltr'><strong>si</strong></span> <span class='ocrx_word' id='word_1_103' title='bbox 1617 1793 1752 1899; x_wconf 87' lang='lat' dir='ltr'><strong>aliquis</strong></span> <span class='ocrx_word' id='word_1_104' title='bbox 1767 1792 1839 1870; x_wconf 85' lang='lat' dir='ltr'><strong>sra-</strong></span> 
     </span>
     <span class='ocr_line' id='line_1_12' title="bbox 417 1923 1840 2030; baseline -0.001 -29"><span class='ocrx_word' id='word_1_105' title='bbox 417 1943 518 2001; x_wconf 90' lang='lat' dir='ltr'><strong>trum</strong></span> <span class='ocrx_word' id='word_1_106' title='bbox 543 1925 710 2030; x_wconf 90' lang='lat' dir='ltr'><strong>ipsorum</strong></span> <span class='ocrx_word' id='word_1_107' title='bbox 739 1926 879 2002; x_wconf 83' lang='lat' dir='ltr'><strong>revelat</strong></span> <span class='ocrx_word' id='word_1_108' title='bbox 909 1926 1020 2002; x_wconf 88' lang='lat' dir='ltr'><strong>alicui</strong></span> <span class='ocrx_word' id='word_1_109' title='bbox 1046 1925 1107 2001; x_wconf 87' lang='lat' dir='ltr'><strong>alii</strong></span> <span class='ocrx_word' id='word_1_110' title='bbox 1133 1941 1320 2001; x_wconf 91' lang='lat' dir='ltr'><strong>secretum</strong></span> <span class='ocrx_word' id='word_1_111' title='bbox 1350 1940 1543 2030; x_wconf 90' lang='lat' dir='ltr'><strong>peccatum</strong></span> <span class='ocrx_word' id='word_1_112' title='bbox 1568 1952 1636 2020; x_wconf 85' lang='lat' dir='ltr'><strong>seu</strong></span> <span class='ocrx_word' id='word_1_113' title='bbox 1661 1923 1840 2001; x_wconf 90' lang='lat' dir='ltr'><strong>delictum</strong></span> 
     </span>
     <span class='ocr_line' id='line_1_13' title="bbox 418 2054 1840 2170; baseline -0.003 -36"><span class='ocrx_word' id='word_1_114' title='bbox 418 2057 571 2135; x_wconf 88' lang='lat' dir='ltr'><strong>alterius</strong></span> <span class='ocrx_word' id='word_1_115' title='bbox 584 2056 706 2170; x_wconf 76' lang='lat' dir='ltr'><strong>fratris</strong></span> <span class='ocrx_word' id='word_1_116' title='bbox 719 2057 775 2133; x_wconf 90' lang='lat' dir='ltr'><strong>sui</strong></span> <span class='ocrx_word' id='word_1_117' title='bbox 792 2055 863 2132; x_wconf 93' lang='lat' dir='ltr'><strong>sibi</strong></span> <span class='ocrx_word' id='word_1_118' title='bbox 880 2056 926 2133; x_wconf 85' lang='lat' dir='ltr'><strong>ab</strong></span> <span class='ocrx_word' id='word_1_119' title='bbox 937 2084 982 2134; x_wconf 87' lang='lat' dir='ltr'><strong>eo</strong></span> <span class='ocrx_word' id='word_1_120' title='bbox 998 2056 1221 2145; x_wconf 85' lang='lat' dir='ltr'><strong>revelatum,</strong></span> <span class='ocrx_word' id='word_1_121' title='bbox 1238 2054 1316 2161; x_wconf 91' lang='lat' dir='ltr'><strong>ipse</strong></span> <span class='ocrx_word' id='word_1_122' title='bbox 1326 2055 1483 2160; x_wconf 89' lang='lat' dir='ltr'><strong>punitur</strong></span> <span class='ocrx_word' id='word_1_123' title='bbox 1493 2070 1530 2130; x_wconf 90' lang='lat' dir='ltr'><strong>et</strong></span> <span class='ocrx_word' id='word_1_124' title='bbox 1542 2054 1840 2159; x_wconf 88' lang='lat' dir='ltr'><strong>sustinetpenam</strong></span> 
     </span>
     <span class='ocr_line' id='line_1_14' title="bbox 417 2183 1622 2292; baseline -0.003 -29"><span class='ocrx_word' id='word_1_125' title='bbox 417 2216 529 2292; x_wconf 89' lang='lat' dir='ltr'><strong>quam</strong></span> <span class='ocrx_word' id='word_1_126' title='bbox 546 2186 771 2291; x_wconf 82' lang='lat' dir='ltr'><strong>delinquens</strong></span> <span class='ocrx_word' id='word_1_127' title='bbox 786 2186 850 2292; x_wconf 92' lang='lat' dir='ltr'><strong>qui</strong></span> <span class='ocrx_word' id='word_1_128' title='bbox 872 2186 942 2262; x_wconf 93' lang='lat' dir='ltr'><strong>sibi</strong></span> <span class='ocrx_word' id='word_1_129' title='bbox 961 2187 1034 2263; x_wconf 92' lang='lat' dir='ltr'><strong>hoc</strong></span> <span class='ocrx_word' id='word_1_130' title='bbox 1054 2185 1229 2263; x_wconf 88' lang='lat' dir='ltr'><strong>revelavit</strong></span> <span class='ocrx_word' id='word_1_131' title='bbox 1248 2185 1432 2262; x_wconf 88' lang='lat' dir='ltr'><strong>sustinere</strong></span> <span class='ocrx_word' id='word_1_132' title='bbox 1456 2183 1622 2261; x_wconf 90' lang='lat' dir='ltr'><strong>deberet.</strong></span> 
     </span>
    </p>

    <p class='ocr_par' dir='ltr' id='par_1_4' title="bbox 416 2314 1841 2939">
     <span class='ocr_line' id='line_1_15' title="bbox 473 2314 1840 2422; baseline -0.001 -30"><span class='ocrx_word' id='word_1_133' title='bbox 473 2317 565 2392; x_wconf 87' lang='lat' dir='ltr'><strong>Item</strong></span> <span class='ocrx_word' id='word_1_134' title='bbox 586 2314 678 2389; x_wconf 84' lang='lat' dir='ltr'><strong>dixit</strong></span> <span class='ocrx_word' id='word_1_135' title='bbox 695 2342 763 2419; x_wconf 88' lang='lat' dir='ltr'><strong>per</strong></span> <span class='ocrx_word' id='word_1_136' title='bbox 779 2317 1036 2422; x_wconf 90' lang='lat' dir='ltr'><strong>juramentum</strong></span> <span class='ocrx_word' id='word_1_137' title='bbox 1060 2345 1186 2403; x_wconf 90' lang='lat' dir='ltr'><strong>suum,</strong></span> <span class='ocrx_word' id='word_1_138' title='bbox 1209 2315 1331 2391; x_wconf 89' lang='lat' dir='ltr'><strong>adhuc</strong></span> <span class='ocrx_word' id='word_1_139' title='bbox 1350 2345 1371 2391; x_wconf 90' lang='lat' dir='ltr'><strong>a</strong></span> <span class='ocrx_word' id='word_1_140' title='bbox 1391 2315 1490 2391; x_wconf 92' lang='lat' dir='ltr'><strong>dicto</strong></span> <span class='ocrx_word' id='word_1_141' title='bbox 1511 2314 1669 2392; x_wconf 90' lang='lat' dir='ltr'><strong>domino</strong></span> <span class='ocrx_word' id='word_1_142' title='bbox 1688 2315 1840 2422; x_wconf 89' lang='lat' dir='ltr'><strong>inquisi-</strong></span> 
     </span>
     <span class='ocr_line' id='line_1_16' title="bbox 416 2442 1836 2551; baseline 0.001 -32"><span class='ocrx_word' id='word_1_143' title='bbox 416 2463 499 2522; x_wconf 88' lang='lat' dir='ltr'><strong>tore</strong></span> <span class='ocrx_word' id='word_1_144' title='bbox 518 2443 721 2549; x_wconf 87' lang='lat' dir='ltr'><strong>repetitum</strong></span> <span class='ocrx_word' id='word_1_145' title='bbox 740 2457 778 2518; x_wconf 90' lang='lat' dir='ltr'><strong>et</strong></span> <span class='ocrx_word' id='word_1_146' title='bbox 791 2442 987 2547; x_wconf 89' lang='lat' dir='ltr'><strong>prestitum</strong></span> <span class='ocrx_word' id='word_1_147' title='bbox 999 2442 1046 2519; x_wconf 92' lang='lat' dir='ltr'><strong>ab</strong></span> <span class='ocrx_word' id='word_1_148' title='bbox 1062 2443 1196 2520; x_wconf 90' lang='lat' dir='ltr'><strong>eodem</strong></span> <span class='ocrx_word' id='word_1_149' title='bbox 1209 2442 1321 2520; x_wconf 83' lang='lat' dir='ltr'><strong>fratre</strong></span> <span class='ocrx_word' id='word_1_150' title='bbox 1334 2442 1556 2551; x_wconf 86' lang='lat' dir='ltr'><strong>Hymberto,</strong></span> <span class='ocrx_word' id='word_1_151' title='bbox 1577 2443 1681 2550; x_wconf 93' lang='lat' dir='ltr'><strong>quod</strong></span> <span class='ocrx_word' id='word_1_152' title='bbox 1694 2445 1772 2551; x_wconf 91' lang='lat' dir='ltr'><strong>ipse</strong></span> <span class='ocrx_word' id='word_1_153' title='bbox 1785 2446 1836 2529; x_wconf 85' lang='lat' dir='ltr'><strong>vi,</strong></span> 
     </span>
     <span class='ocr_line' id='line_1_17' title="bbox 417 2573 1839 2680; baseline 0.001 -31"><span class='ocrx_word' id='word_1_154' title='bbox 417 2573 483 2649; x_wconf 84' lang='lat' dir='ltr'><strong>vel·</strong></span> <span class='ocrx_word' id='word_1_155' title='bbox 493 2587 597 2649; x_wconf 90' lang='lat' dir='ltr'><strong>metu</strong></span> <span class='ocrx_word' id='word_1_156' title='bbox 618 2573 773 2648; x_wconf 88' lang='lat' dir='ltr'><strong>carceris</strong></span> <span class='ocrx_word' id='word_1_157' title='bbox 793 2573 850 2650; x_wconf 89' lang='lat' dir='ltr'><strong>vel</strong></span> <span class='ocrx_word' id='word_1_158' title='bbox 867 2573 1061 2662; x_wconf 91' lang='lat' dir='ltr'><strong>tormenti,</strong></span> <span class='ocrx_word' id='word_1_159' title='bbox 1085 2602 1162 2650; x_wconf 93' lang='lat' dir='ltr'><strong>non</strong></span> <span class='ocrx_word' id='word_1_160' title='bbox 1183 2573 1276 2650; x_wconf 90' lang='lat' dir='ltr'><strong>dixit</strong></span> <span class='ocrx_word' id='word_1_161' title='bbox 1290 2573 1393 2651; x_wconf 90' lang='lat' dir='ltr'><strong>aliud</strong></span> <span class='ocrx_word' id='word_1_162' title='bbox 1414 2603 1525 2680; x_wconf 89' lang='lat' dir='ltr'><strong>quam</strong></span> <span class='ocrx_word' id='word_1_163' title='bbox 1545 2576 1754 2664; x_wconf 87' lang='lat' dir='ltr'><strong>veritatem,</strong></span> <span class='ocrx_word' id='word_1_164' title='bbox 1770 2604 1839 2652; x_wconf 92' lang='lat' dir='ltr'><strong>nec</strong></span> 
     </span>
     <span class='ocr_line' id='line_1_18' title="bbox 418 2703 1841 2812; baseline 0.002 -33"><span class='ocrx_word' id='word_1_165' title='bbox 418 2703 609 2808; x_wconf 88' lang='lat' dir='ltr'><strong>premissis</strong></span> <span class='ocrx_word' id='word_1_166' title='bbox 637 2703 839 2780; x_wconf 90' lang='lat' dir='ltr'><strong>immiscuit</strong></span> <span class='ocrx_word' id='word_1_167' title='bbox 864 2703 1024 2811; x_wconf 86' lang='lat' dir='ltr'><strong>aliquam</strong></span> <span class='ocrx_word' id='word_1_168' title='bbox 1049 2703 1263 2793; x_wconf 78' lang='lat' dir='ltr'><strong>falsitatem,</strong></span> <span class='ocrx_word' id='word_1_169' title='bbox 1288 2704 1356 2783; x_wconf 89' lang='lat' dir='ltr'><strong>sed</strong></span> <span class='ocrx_word' id='word_1_170' title='bbox 1380 2733 1513 2812; x_wconf 87' lang='lat' dir='ltr'><strong>puram</strong></span> <span class='ocrx_word' id='word_1_171' title='bbox 1538 2705 1731 2783; x_wconf 87' lang='lat' dir='ltr'><strong>veritatem</strong></span> <span class='ocrx_word' id='word_1_172' title='bbox 1750 2706 1841 2782; x_wconf 85' lang='lat' dir='ltr'><strong>dixit</strong></span> 
     </span>
     <span class='ocr_line' id='line_1_19' title="bbox 419 2834 861 2939; baseline -0.005 -27"><span class='ocrx_word' id='word_1_173' title='bbox 419 2864 487 2939; x_wconf 92' lang='lat' dir='ltr'><strong>pro</strong></span> <span class='ocrx_word' id='word_1_174' title='bbox 507 2834 622 2913; x_wconf 88' lang='lat' dir='ltr'><strong>salute</strong></span> <span class='ocrx_word' id='word_1_175' title='bbox 643 2834 767 2911; x_wconf 87' lang='lat' dir='ltr'><strong>anime</strong></span> <span class='ocrx_word' id='word_1_176' title='bbox 782 2863 861 2912; x_wconf 89' lang='lat' dir='ltr'><strong>sue.</strong></span> 
     </span>
    </p>
   </div>
   <div class='ocr_carea' id='block_1_3' title="bbox 418 3097 1840 4250">
    <p class='ocr_par' dir='ltr' id='par_1_5' title="bbox 418 3097 1840 4250">
     <span class='ocr_line' id='line_1_20' title="bbox 474 3097 1839 3204; baseline 0.001 -33"><span class='ocrx_word' id='word_1_177' title='bbox 474 3098 584 3172; x_wconf 81' lang='lat' dir='ltr'><strong>Facte</strong></span> <span class='ocrx_word' id='word_1_178' title='bbox 599 3113 725 3173; x_wconf 89' lang='lat' dir='ltr'><strong>autem</strong></span> <span class='ocrx_word' id='word_1_179' title='bbox 740 3114 827 3172; x_wconf 91' lang='lat' dir='ltr'><strong>sunt</strong></span> <span class='ocrx_word' id='word_1_180' title='bbox 843 3098 912 3173; x_wconf 90' lang='lat' dir='ltr'><strong>hee</strong></span> <span class='ocrx_word' id='word_1_181' title='bbox 924 3097 1175 3176; x_wconf 79' lang='lat' dir='ltr'><strong>consessiones</strong></span> <span class='ocrx_word' id='word_1_182' title='bbox 1187 3116 1224 3175; x_wconf 88' lang='lat' dir='ltr'><strong>et</strong></span> <span class='ocrx_word' id='word_1_183' title='bbox 1238 3099 1495 3204; x_wconf 89' lang='lat' dir='ltr'><strong>deposiciones</strong></span> <span class='ocrx_word' id='word_1_184' title='bbox 1510 3098 1648 3176; x_wconf 87' lang='lat' dir='ltr'><strong>adictis</strong></span> <span class='ocrx_word' id='word_1_185' title='bbox 1663 3097 1839 3174; x_wconf 84' lang='lat' dir='ltr'><strong>fratribus</strong></span> 
     </span>
     <span class='ocr_line' id='line_1_21' title="bbox 420 3224 1840 3338; baseline 0.001 -34"><span class='ocrx_word' id='word_1_186' title='bbox 420 3224 622 3304; x_wconf 89' lang='lat' dir='ltr'><strong>Guillelmo</strong></span> <span class='ocrx_word' id='word_1_187' title='bbox 643 3244 680 3303; x_wconf 90' lang='lat' dir='ltr'><strong>et</strong></span> <span class='ocrx_word' id='word_1_188' title='bbox 699 3226 903 3332; x_wconf 84' lang='lat' dir='ltr'><strong>Hymberto</strong></span> <span class='ocrx_word' id='word_1_189' title='bbox 929 3227 1070 3305; x_wconf 91' lang='lat' dir='ltr'><strong>ordinis</strong></span> <span class='ocrx_word' id='word_1_190' title='bbox 1095 3229 1232 3305; x_wconf 88' lang='lat' dir='ltr'><strong>milicie</strong></span> <span class='ocrx_word' id='word_1_191' title='bbox 1250 3230 1418 3337; x_wconf 86' lang='lat' dir='ltr'><strong>Templi,</strong></span> <span class='ocrx_word' id='word_1_192' title='bbox 1435 3230 1658 3338; x_wconf 87' lang='lat' dir='ltr'><strong>juramentis</strong></span> <span class='ocrx_word' id='word_1_193' title='bbox 1678 3229 1724 3306; x_wconf 87' lang='lat' dir='ltr'><strong>ab</strong></span> <span class='ocrx_word' id='word_1_194' title='bbox 1740 3229 1840 3335; x_wconf 91' lang='lat' dir='ltr'><strong>ipso-</strong></span> 
     </span>
     <span class='ocr_line' id='line_1_22' title="bbox 420 3356 1839 3464; baseline 0.004 -33"><span class='ocrx_word' id='word_1_195' title='bbox 420 3384 504 3432; x_wconf 90' lang='lat' dir='ltr'><strong>rum</strong></span> <span class='ocrx_word' id='word_1_196' title='bbox 521 3356 705 3462; x_wconf 89' lang='lat' dir='ltr'><strong>quolibet,</strong></span> <span class='ocrx_word' id='word_1_197' title='bbox 725 3373 767 3433; x_wconf 90' lang='lat' dir='ltr'><strong>ut</strong></span> <span class='ocrx_word' id='word_1_198' title='bbox 785 3358 1023 3461; x_wconf 88' lang='lat' dir='ltr'><strong>premittitur,</strong></span> <span class='ocrx_word' id='word_1_199' title='bbox 1040 3360 1219 3464; x_wconf 90' lang='lat' dir='ltr'><strong>prestitis,</strong></span> <span class='ocrx_word' id='word_1_200' title='bbox 1236 3360 1414 3449; x_wconf 89' lang='lat' dir='ltr'><strong>Parisius,</strong></span> <span class='ocrx_word' id='word_1_201' title='bbox 1431 3361 1470 3437; x_wconf 93' lang='lat' dir='ltr'><strong>in</strong></span> <span class='ocrx_word' id='word_1_202' title='bbox 1491 3360 1666 3438; x_wconf 91' lang='lat' dir='ltr'><strong>domibus</strong></span> <span class='ocrx_word' id='word_1_203' title='bbox 1684 3359 1839 3437; x_wconf 91' lang='lat' dir='ltr'><strong>lratrum</strong></span> 
     </span>
     <span class='ocr_line' id='line_1_23' title="bbox 420 3486 1837 3595; baseline 0 -32"><span class='ocrx_word' id='word_1_204' title='bbox 420 3486 714 3576; x_wconf 80' lang='lat' dir='ltr'><strong>Predicatorum3</strong></span> <span class='ocrx_word' id='word_1_205' title='bbox 734 3489 772 3562; x_wconf 95' lang='lat' dir='ltr'><strong>in</strong></span> <span class='ocrx_word' id='word_1_206' title='bbox 798 3490 1004 3593; x_wconf 90' lang='lat' dir='ltr'><strong>presencia,</strong></span> <span class='ocrx_word' id='word_1_207' title='bbox 1032 3506 1074 3565; x_wconf 94' lang='lat' dir='ltr'><strong>ut</strong></span> <span class='ocrx_word' id='word_1_208' title='bbox 1092 3492 1333 3595; x_wconf 91' lang='lat' dir='ltr'><strong>premittitur,</strong></span> <span class='ocrx_word' id='word_1_209' title='bbox 1361 3509 1398 3567; x_wconf 92' lang='lat' dir='ltr'><strong>et</strong></span> <span class='ocrx_word' id='word_1_210' title='bbox 1425 3520 1567 3567; x_wconf 89' lang='lat' dir='ltr'><strong>camera</strong></span> <span class='ocrx_word' id='word_1_211' title='bbox 1588 3491 1676 3568; x_wconf 91' lang='lat' dir='ltr'><strong>dicti</strong></span> <span class='ocrx_word' id='word_1_212' title='bbox 1699 3491 1837 3568; x_wconf 91' lang='lat' dir='ltr'><strong>domini</strong></span> 
     </span>
     <span class='ocr_line' id='line_1_24' title="bbox 419 3617 1840 3726; baseline 0.002 -35"><span class='ocrx_word' id='word_1_213' title='bbox 419 3617 663 3723; x_wconf 83' lang='lat' dir='ltr'><strong>inquisitoris,</strong></span> <span class='ocrx_word' id='word_1_214' title='bbox 686 3646 803 3706; x_wconf 91' lang='lat' dir='ltr'><strong>anno,</strong></span> <span class='ocrx_word' id='word_1_215' title='bbox 827 3617 1030 3708; x_wconf 89' lang='lat' dir='ltr'><strong>indicione,</strong></span> <span class='ocrx_word' id='word_1_216' title='bbox 1053 3620 1287 3726; x_wconf 88' lang='lat' dir='ltr'><strong>pontificatu,</strong></span> <span class='ocrx_word' id='word_1_217' title='bbox 1306 3649 1404 3698; x_wconf 90' lang='lat' dir='ltr'><strong>anno</strong></span> <span class='ocrx_word' id='word_1_218' title='bbox 1421 3638 1459 3697; x_wconf 91' lang='lat' dir='ltr'><strong>et</strong></span> <span class='ocrx_word' id='word_1_219' title='bbox 1475 3621 1535 3697; x_wconf 92' lang='lat' dir='ltr'><strong>die</strong></span> <span class='ocrx_word' id='word_1_220' title='bbox 1552 3622 1744 3726; x_wconf 86' lang='lat' dir='ltr'><strong>predictis,</strong></span> <span class='ocrx_word' id='word_1_221' title='bbox 1761 3649 1840 3723; x_wconf 89' lang='lat' dir='ltr'><strong>pre·</strong></span> 
     </span>
     <span class='ocr_line' id='line_1_25' title="bbox 419 3747 1834 3856; baseline -0.001 -33"><span class='ocrx_word' id='word_1_222' title='bbox 419 3748 586 3824; x_wconf 90' lang='lat' dir='ltr'><strong>sentibus</strong></span> <span class='ocrx_word' id='word_1_223' title='bbox 603 3747 769 3824; x_wconf 89' lang='lat' dir='ltr'><strong>discretis</strong></span> <span class='ocrx_word' id='word_1_224' title='bbox 787 3766 823 3825; x_wconf 92' lang='lat' dir='ltr'><strong>et</strong></span> <span class='ocrx_word' id='word_1_225' title='bbox 842 3749 1024 3856; x_wconf 84' lang='lat' dir='ltr'><strong>religiosis</strong></span> <span class='ocrx_word' id='word_1_226' title='bbox 1040 3752 1125 3828; x_wconf 87' lang='lat' dir='ltr'><strong>viris</strong></span> <span class='ocrx_word' id='word_1_227' title='bbox 1147 3752 1270 3855; x_wconf 89' lang='lat' dir='ltr'><strong>priore</strong></span> <span class='ocrx_word' id='word_1_228' title='bbox 1288 3753 1377 3828; x_wconf 89' lang='lat' dir='ltr'><strong>dicti</strong></span> <span class='ocrx_word' id='word_1_229' title='bbox 1394 3752 1483 3840; x_wconf 91' lang='lat' dir='ltr'><strong>loci,</strong></span> <span class='ocrx_word' id='word_1_230' title='bbox 1502 3750 1676 3827; x_wconf 84' lang='lat' dir='ltr'><strong>fratribus</strong></span> <span class='ocrx_word' id='word_1_231' title='bbox 1691 3752 1834 3825; x_wconf 88' lang='lat' dir='ltr'><strong>Horveo</strong></span> 
     </span>
     <span class='ocr_line' id='line_1_26' title="bbox 418 3877 1837 3986; baseline -0.001 -33"><span class='ocrx_word' id='word_1_232' title='bbox 418 3878 553 3955; x_wconf 89' lang='lat' dir='ltr'><strong>Natalis</strong></span> <span class='ocrx_word' id='word_1_233' title='bbox 579 3879 754 3983; x_wconf 88' lang='lat' dir='ltr'><strong>magistro</strong></span> <span class='ocrx_word' id='word_1_234' title='bbox 775 3879 813 3953; x_wconf 93' lang='lat' dir='ltr'><strong>in</strong></span> <span class='ocrx_word' id='word_1_235' title='bbox 831 3879 1037 3985; x_wconf 86' lang='lat' dir='ltr'><strong>theologia,</strong></span> <span class='ocrx_word' id='word_1_236' title='bbox 1060 3882 1168 3957; x_wconf 92' lang='lat' dir='ltr'><strong>Petro</strong></span> <span class='ocrx_word' id='word_1_237' title='bbox 1185 3880 1231 3956; x_wconf 92' lang='lat' dir='ltr'><strong>de</strong></span> <span class='ocrx_word' id='word_1_238' title='bbox 1249 3880 1436 3981; x_wconf 81' lang='lat' dir='ltr'><strong>Condeto,</strong></span> <span class='ocrx_word' id='word_1_239' title='bbox 1461 3879 1664 3986; x_wconf 88' lang='lat' dir='ltr'><strong>Reginaldo</strong></span> <span class='ocrx_word' id='word_1_240' title='bbox 1687 3878 1733 3953; x_wconf 94' lang='lat' dir='ltr'><strong>de</strong></span> <span class='ocrx_word' id='word_1_241' title='bbox 1749 3877 1837 3953; x_wconf 89' lang='lat' dir='ltr'><strong>Cre-</strong></span> 
     </span>
     <span class='ocr_line' id='line_1_27' title="bbox 419 4006 1840 4118; baseline 0.001 -36"><span class='ocrx_word' id='word_1_242' title='bbox 419 4006 521 4084; x_wconf 91' lang='lat' dir='ltr'><strong>dolio</strong></span> <span class='ocrx_word' id='word_1_243' title='bbox 547 4025 584 4084; x_wconf 89' lang='lat' dir='ltr'><strong>et</strong></span> <span class='ocrx_word' id='word_1_244' title='bbox 602 4009 769 4084; x_wconf 82' lang='lat' dir='ltr'><strong>Johanne</strong></span> <span class='ocrx_word' id='word_1_245' title='bbox 795 4008 842 4085; x_wconf 92' lang='lat' dir='ltr'><strong>de</strong></span> <span class='ocrx_word' id='word_1_246' title='bbox 868 4010 1003 4087; x_wconf 90' lang='lat' dir='ltr'><strong>Sancto</strong></span> <span class='ocrx_word' id='word_1_247' title='bbox 1023 4011 1222 4088; x_wconf 90' lang='lat' dir='ltr'><strong>Vincenoio</strong></span> <span class='ocrx_word' id='word_1_248' title='bbox 1243 4012 1400 4118; x_wconf 88' lang='lat' dir='ltr'><strong>predicti</strong></span> <span class='ocrx_word' id='word_1_249' title='bbox 1420 4010 1562 4086; x_wconf 89' lang='lat' dir='ltr'><strong>ordinis</strong></span> <span class='ocrx_word' id='word_1_250' title='bbox 1578 4008 1735 4084; x_wconf 89' lang='lat' dir='ltr'><strong>lratrum</strong></span> <span class='ocrx_word' id='word_1_251' title='bbox 1756 4010 1840 4084; x_wconf 92' lang='lat' dir='ltr'><strong>Pre-</strong></span> 
     </span>
     <span class='ocr_line' id='line_1_28' title="bbox 421 4136 1356 4250; baseline 0.005 -38"><span class='ocrx_word' id='word_1_252' title='bbox 421 4136 646 4226; x_wconf 86' lang='lat' dir='ltr'><strong>dicatorum,</strong></span> <span class='ocrx_word' id='word_1_253' title='bbox 668 4139 825 4217; x_wconf 90' lang='lat' dir='ltr'><strong>testibus</strong></span> <span class='ocrx_word' id='word_1_254' title='bbox 843 4140 975 4218; x_wconf 87' lang='lat' dir='ltr'><strong>adhoc</strong></span> <span class='ocrx_word' id='word_1_255' title='bbox 994 4143 1130 4219; x_wconf 86' lang='lat' dir='ltr'><strong>vocatis</strong></span> <span class='ocrx_word' id='word_1_256' title='bbox 1152 4160 1188 4219; x_wconf 92' lang='lat' dir='ltr'><strong>et</strong></span> <span class='ocrx_word' id='word_1_257' title='bbox 1209 4142 1356 4250; x_wconf 91' lang='lat' dir='ltr'><strong>rogatis.</strong></span> 
     </span>
    </p>
   </div>
   <div class='ocr_carea' id='block_1_4' title="bbox 475 4400 1838 4508">
    <p class='ocr_par' dir='ltr' id='par_1_6' title="bbox 475 4400 1838 4508">
     <span class='ocr_line' id='line_1_29' title="bbox 475 4400 1838 4508; baseline 0.001 -32"><span class='ocrx_word' id='word_1_258' title='bbox 475 4400 522 4477; x_wconf 88' lang='lat' dir='ltr'><strong>Et</strong></span> <span class='ocrx_word' id='word_1_259' title='bbox 541 4428 609 4508; x_wconf 91' lang='lat' dir='ltr'><strong>ego</strong></span> <span class='ocrx_word' id='word_1_260' title='bbox 630 4402 791 4479; x_wconf 83' lang='lat' dir='ltr'><strong>Amisius</strong></span> <span class='ocrx_word' id='word_1_261' title='bbox 812 4403 858 4479; x_wconf 91' lang='lat' dir='ltr'><strong>de</strong></span> <span class='ocrx_word' id='word_1_262' title='bbox 873 4403 1072 4480; x_wconf 82' lang='lat' dir='ltr'><strong>Aureliano</strong></span> <span class='ocrx_word' id='word_1_263' title='bbox 1089 4404 1209 4481; x_wconf 88' lang='lat' dir='ltr'><strong>dictus</strong></span> <span class='ocrx_word' id='word_1_264' title='bbox 1221 4404 1257 4481; x_wconf 91' lang='lat' dir='ltr'><strong>le</strong></span> <span class='ocrx_word' id='word_1_265' title='bbox 1273 4402 1387 4495; x_wconf 86' lang='lat' dir='ltr'><strong>Ratil,</strong></span> <span class='ocrx_word' id='word_1_266' title='bbox 1411 4404 1587 4492; x_wconf 91' lang='lat' dir='ltr'><strong>clericus,</strong></span> <span class='ocrx_word' id='word_1_267' title='bbox 1611 4418 1838 4479; x_wconf 86' lang='lat' dir='ltr'><strong>sacrosancte</strong></span> 
     </span>
    </p>
   </div>
   <div class='ocr_carea' id='block_1_5' title="bbox 418 4534 1840 4903">
    <p class='ocr_par' dir='ltr' id='par_1_7' title="bbox 418 4534 1840 4903">
     <span class='ocr_line' id='line_1_30' title="bbox 418 4534 1840 4643; baseline 0.001 -36"><span class='ocrx_word' id='word_1_268' title='bbox 418 4534 584 4609; x_wconf 85' lang='lat' dir='ltr'><strong>Romane</strong></span> <span class='ocrx_word' id='word_1_269' title='bbox 605 4535 758 4610; x_wconf 89' lang='lat' dir='ltr'><strong>ecclesie</strong></span> <span class='ocrx_word' id='word_1_270' title='bbox 779 4535 995 4611; x_wconf 89' lang='lat' dir='ltr'><strong>auctoritate</strong></span> <span class='ocrx_word' id='word_1_271' title='bbox 1014 4536 1178 4613; x_wconf 90' lang='lat' dir='ltr'><strong>notarius</strong></span> <span class='ocrx_word' id='word_1_272' title='bbox 1198 4535 1385 4641; x_wconf 88' lang='lat' dir='ltr'><strong>publicus,</strong></span> <span class='ocrx_word' id='word_1_273' title='bbox 1405 4536 1593 4643; x_wconf 89' lang='lat' dir='ltr'><strong>premissis</strong></span> <span class='ocrx_word' id='word_1_274' title='bbox 1606 4534 1840 4642; x_wconf 90' lang='lat' dir='ltr'><strong>juramento-</strong></span> 
     </span>
     <span class='ocr_line' id='line_1_31' title="bbox 418 4661 1835 4769; baseline -0.002 -31"><span class='ocrx_word' id='word_1_275' title='bbox 418 4691 502 4739; x_wconf 91' lang='lat' dir='ltr'><strong>rum</strong></span> <span class='ocrx_word' id='word_1_276' title='bbox 522 4665 818 4768; x_wconf 89' lang='lat' dir='ltr'><strong>prestacionibus</strong></span> <span class='ocrx_word' id='word_1_277' title='bbox 840 4683 877 4741; x_wconf 92' lang='lat' dir='ltr'><strong>et</strong></span> <span class='ocrx_word' id='word_1_278' title='bbox 899 4664 1194 4744; x_wconf 83' lang='lat' dir='ltr'><strong>confessionibus</strong></span> <span class='ocrx_word' id='word_1_279' title='bbox 1216 4685 1254 4744; x_wconf 93' lang='lat' dir='ltr'><strong>et</strong></span> <span class='ocrx_word' id='word_1_280' title='bbox 1277 4668 1456 4745; x_wconf 92' lang='lat' dir='ltr'><strong>omnibus</strong></span> <span class='ocrx_word' id='word_1_281' title='bbox 1483 4666 1565 4742; x_wconf 91' lang='lat' dir='ltr'><strong>aliis</strong></span> <span class='ocrx_word' id='word_1_282' title='bbox 1596 4682 1634 4741; x_wconf 89' lang='lat' dir='ltr'><strong>et</strong></span> <span class='ocrx_word' id='word_1_283' title='bbox 1662 4661 1835 4769; x_wconf 84' lang='lat' dir='ltr'><strong>singulis,</strong></span> 
     </span>
     <span class='ocr_line' id='line_1_32' title="bbox 419 4789 1838 4903; baseline -0.003 -35"><span class='ocrx_word' id='word_1_284' title='bbox 419 4809 530 4898; x_wconf 87' lang='lat' dir='ltr'><strong>prout</strong></span> <span class='ocrx_word' id='word_1_285' title='bbox 547 4794 586 4868; x_wconf 93' lang='lat' dir='ltr'><strong>in</strong></span> <span class='ocrx_word' id='word_1_286' title='bbox 608 4811 704 4871; x_wconf 89' lang='lat' dir='ltr'><strong>carta</strong></span> <span class='ocrx_word' id='word_1_287' title='bbox 725 4824 789 4873; x_wconf 90' lang='lat' dir='ltr'><strong>seu</strong></span> <span class='ocrx_word' id='word_1_288' title='bbox 806 4796 909 4902; x_wconf 88' lang='lat' dir='ltr'><strong>pecia</strong></span> <span class='ocrx_word' id='word_1_289' title='bbox 929 4798 1090 4900; x_wconf 83' lang='lat' dir='ltr'><strong>presenti</strong></span> <span class='ocrx_word' id='word_1_290' title='bbox 1108 4815 1145 4875; x_wconf 90' lang='lat' dir='ltr'><strong>et</strong></span> <span class='ocrx_word' id='word_1_291' title='bbox 1163 4796 1452 4903; x_wconf 87' lang='lat' dir='ltr'><strong>precedentibus</strong></span> <span class='ocrx_word' id='word_1_292' title='bbox 1472 4797 1577 4903; x_wconf 89' lang='lat' dir='ltr'><strong>signo</strong></span> <span class='ocrx_word' id='word_1_293' title='bbox 1590 4820 1676 4871; x_wconf 92' lang='lat' dir='ltr'><strong>meo</strong></span> <span class='ocrx_word' id='word_1_294' title='bbox 1689 4789 1838 4896; x_wconf 90' lang='lat' dir='ltr'><strong>signatis</strong></span> 
     </span>
    </p>
   </div>
   <div class='ocr_carea' id='block_1_6' title="bbox 0 0 2122 5956">
    <p class='ocr_par' dir='ltr' id='par_1_8' title="bbox 0 0 2122 5956">
     <span class='ocr_line' id='line_1_33' title="bbox 0 0 2122 5956; baseline 0 0"><span class='ocrx_word' id='word_1_295' title='bbox 0 0 2122 5956; x_wconf 95' lang='lat' dir='ltr'><strong> </strong></span> 
     </span>
    </p>
   </div>
  </div>
 </body>
</html>
