4230 5956
490 436 564 509 sss
875 418 1073 509 nnocns
1098 437 1193 507 nus
1219 436 1518 511 rennuens,

490 577 620 683 petivit-
634 576 680 652 ab
704 604 748 653 eo
769 593 895 653 utrum
916 577 1084 654 crederet
1109 577 1147 651 in
1172 604 1259 653 eum
1284 577 1391 682 cujus
1417 604 1549 684 ymago
1571 592 1649 655 erat
1667 576 1739 668 ibi,
1765 581 1902 686 etipse

489 707 581 783 dixit
600 706 705 811 quod
718 706 787 796 sic;
806 724 842 782 et
860 724 949 782 tunc
970 707 1061 783 dixit
1079 706 1149 783 sibi
1171 706 1274 813 quod
1291 734 1367 783 non
1389 706 1549 785 debebat
1566 706 1719 787 credere
1739 710 1776 783 in
1796 738 1899 797 eum,

487 841 576 946 quia
596 839 708 915 salsus
723 839 904 943 propheta
920 857 1016 925 erat,
1039 855 1077 914 et
1096 838 1198 944 quod
1219 866 1296 914 non
1317 838 1485 915 crederet
1504 837 1575 915 nisi
1593 838 1631 914 in
1647 840 1770 917 Deum
1789 868 1901 945 supe-

486 971 643 1058 riorem,
666 988 703 1045 et
717 970 821 1074 quod
836 970 874 1045 in
892 971 1040 1077 signum
1053 969 1156 1074 quod
1170 996 1245 1044 non
1262 969 1431 1045 crederet
1443 986 1594 1074 spueret
1611 997 1723 1074 supra
1737 999 1898 1058 crucem3

487 1116 523 1176 et
540 1118 630 1176 tunc
650 1101 728 1203 ipse
744 1100 844 1204 spuit
861 1116 919 1175 ter
928 1101 1029 1205 juxta
1048 1127 1213 1185 crucem,
1236 1096 1380 1204 lingens
1399 1126 1533 1204 spuere
1550 1127 1661 1204 supra
1680 1127 1840 1176 crucem.
1855 1103 1901 1175 Et

487 1246 576 1307 tunc
598 1229 750 1335 quidam
776 1229 888 1306 frater
919 1246 1039 1305 astans
1062 1229 1114 1304 ibi
1142 1228 1233 1303 dixit
1255 1259 1263 1302 :
1288 1229 1396 1304 «Non
1414 1227 1555 1305 faciatis
1575 1257 1748 1337 magnam
1766 1231 1840 1304 vim
1855 1230 1900 1305 de

487 1360 573 1445 isto,
590 1362 678 1465 quia
695 1360 806 1435 nimis
820 1360 966 1466 juvenis
983 1376 1047 1434 est.
1066 1396 1078 1425 »
1097 1360 1347 1463 Interrogatus
1365 1358 1412 1434 de
1433 1359 1579 1447 osculo,
1603 1359 1695 1435 dixit
1715 1388 1784 1464 per
1798 1360 1901 1464 jura-

485 1507 653 1567 mentum
681 1519 790 1566 suum
822 1490 925 1595 quod
953 1488 1019 1565 ille
1044 1488 1226 1592 recipiens
1251 1488 1417 1592 precepit
1441 1487 1511 1565 sibi
1541 1488 1645 1594 quod
1672 1489 1900 1565 oscularetur

485 1648 573 1696 eum
589 1620 635 1695 in.
644 1618 720 1707 fine
736 1621 840 1726 spine
859 1620 976 1707 dorsi,
998 1619 1037 1694 in
1057 1618 1236 1694 umbilico
1252 1634 1290 1693 et
1307 1618 1346 1693 in
1365 1644 1446 1706 ore,
1469 1634 1522 1706 et,
1539 1644 1615 1695 non
1636 1617 1807 1695 obstante
1820 1648 1900 1723 pre-

484 1768 608 1855 cepto,
632 1748 723 1825 dixit
741 1778 809 1855 per
818 1751 1071 1856 juramentum
1092 1776 1201 1825 suum
1217 1747 1320 1852 quod
1334 1774 1410 1824 non
1430 1746 1617 1825 osculatus
1635 1746 1707 1824 fuit
1726 1777 1814 1825 eum
1827 1750 1897 1824 nisi

483 1882 523 1956 in
542 1879 723 1956 umbilico
744 1897 781 1955 et
801 1880 840 1955 in
860 1908 936 1956 ore.
953 1880 1055 1957 Dixit
1072 1878 1188 1954 eciam
1208 1906 1276 1982 per
1290 1878 1543 1984 juramentum
1561 1906 1672 1960 suum
1691 1879 1795 1983 quod
1811 1907 1897 1981 pro·

483 2010 608 2087 hibuit
620 2009 690 2086 sibi
705 2009 1022 2086 cohabitacionem
1033 2007 1251 2095 mulierum,
1265 2007 1332 2085 sed
1345 2008 1436 2085 dixit
1449 2006 1520 2083 sibi
1533 2005 1728 2112 quodlecti
1743 2006 1897 2083 fratrum

485 2157 606 2216 essent
626 2167 843 2215 communes
863 2141 960 2216 inter
979 2140 1090 2246 ipsos.

539 2271 788 2375 Interrogatus
816 2286 941 2347 utrum
965 2270 1015 2355 vi,
1045 2268 1103 2345 vel
1126 2286 1228 2344 metu
1256 2269 1411 2345 carceris
1431 2296 1498 2344 seu
1517 2285 1803 2356 tormentorum,
1834 2290 1897 2345 aut

482 2395 553 2472 alin
580 2397 628 2472 de
649 2425 771 2485 causa,
801 2397 962 2504 aliquam
984 2398 1118 2475 dixerit
1136 2396 1331 2475 falsitatem
1352 2398 1410 2475 vel
1429 2397 1675 2475 immiscuerit
1695 2398 1733 2473 in
1754 2398 1897 2501 deposi-

482 2527 683 2616 omnesne,
703 2528 794 2604 dixit
808 2556 875 2632 per
885 2529 1138 2634 juramentum
1154 2556 1266 2605 suum
1284 2529 1387 2634 qnod
1406 2556 1499 2616 nom
1521 2528 1640 2605 immo
1658 2528 1750 2604 dixit
1764 2557 1895 2632 puram

482 2674 520 2734 et
532 2686 673 2735 meram
687 2659 888 2735 veritatem.

508 2966 513 2971 ·
536 2925 628 2999 Item
658 2922 770 2999 frater
793 2922 982 2999 lohannes
1005 2923 1051 2997 de
1071 2920 1265 3009 Chonnes,
1293 2921 1399 2999 etatis
1418 2946 1514 2996 xxxu
1534 2945 1733 3006 annorum,
1749 2920 1894 3023 juratus

480 3051 615 3127 eodem
636 3052 751 3128 modo
767 3051 814 3126 de
836 3080 874 3126 se
891 3069 928 3127 et
944 3049 1024 3126 aliis
1045 3053 1083 3127 in
1099 3078 1206 3149 cause
1221 3049 1310 3126 lidei
1326 3050 1450 3126 dicere
1463 3049 1669 3138 veritatem,
1687 3067 1725 3123 et
1738 3050 1895 3126 interro·

478 3194 584 3281 gatus
612 3180 659 3252 de
685 3195 855 3282 tempore
879 3197 916 3254 et
935 3180 1048 3254 modo
1073 3209 1138 3256 sue
1167 3181 1409 3284 recepcionis‚
1441 3181 1531 3257 dixit
1550 3210 1617 3288 per
1639 3182 1892 3287 juramentum

479 3335 588 3381 suum
608 3306 713 3410 quod
726 3308 796 3382 luit
810 3324 979 3410 receptus
996 3310 1033 3381 in
1048 3308 1162 3384 domo
1181 3307 1228 3382 de
1243 3308 1418 3385 Chonnes
1437 3340 1505 3415 per
1527 3312 1677 3387 fratrem
1692 3315 1891 3417 Symonem

480 3437 526 3512 de
553 3437 688 3528 Quinci
708 3456 965 3544 preceptorem
985 3438 1083 3513 dicte
1103 3439 1255 3524 (lomus,
1278 3467 1325 3515 xu
1346 3441 1431 3514 enni
1452 3459 1538 3517 sunt
1559 3443 1691 3547 elapsi,
1713 3446 1893 3547 presenti—

476 3568 547 3645 bus
562 3568 671 3644 lratre
688 3569 838 3647 Geltero
855 3571 902 3645 dc
925 3570 957 3645 ln
974 3570 1117 3646 Sotiere
1138 3587 1175 3644 et
1188 3569 1414 3674 quibusdam
1430 3571 1511 3647 aliis
1528 3572 1574 3647 de
1593 3601 1755 3679 quorum
1776 3577 1893 3650 nomi-

477 3698 586 3774 nibus
599 3728 674 3775 non
687 3699 826 3776 recolit.
842 3699 942 3777 Dixit
956 3701 1070 3775 eciam
1086 3729 1153 3804 per
1165 3701 1418 3806 juramentum
1434 3730 1543 3777 suum
1563 3703 1681 3807 quod,
1696 3719 1780 3806 post
1795 3704 1892 3778 mul-

476 3847 530 3905 tns
550 3831 813 3934 promissiones
832 3831 878 3906 ab
897 3859 942 3906 eo
958 3830 1067 3906 factus
1087 3832 1133 3906 de
1155 3830 1393 3907 observandis
1414 3832 1555 3907 statutis
1576 3849 1613 3906 et
1635 3834 1781 3909 secretis
1801 3833 1888 3908 dicti

478 3960 636 4047 ordinis,
658 3978 694 4037 et
711 3960 889 4036 mantello
906 3960 974 4036 sibi
997 3962 1044 4035 ad
1065 3960 1200 4035 collum
1220 3961 1360 4064 posito,
1384 3961 1506 4036 dictus
1528 3962 1711 4065 recipiens
1731 3962 1891 4039 ostendit

477 4086 547 4162 sibi
563 4091 761 4194 quamdam
780 4120 927 4168 crucem
946 4092 993 4166 de
1016 4090 1116 4197 ligno
1138 4120 1222 4165 cum
1243 4091 1413 4196 ymagine
1434 4092 1549 4168 Jhesu
1568 4091 1706 4167 Christi
1728 4092 1889 4167 crucifixi

478 4245 568 4292 enea
589 4219 725 4295 elevata
745 4251 857 4327 super
876 4250 1039 4307 crucem,
1065 4238 1103 4295 et
1129 4221 1257 4325 petivit
1277 4220 1321 4295 ab
1347 4248 1392 4296 eo
1414 4237 1537 4295 utrum
1558 4223 1726 4296 crederet
1745 4222 1782 4295 in
1805 4249 1890 4296 eum

476 4349 581 4455 cujus
601 4350 716 4456 ligura
738 4370 814 4428 erat
835 4354 899 4429 ibi.
917 4353 994 4443 Qui
1013 4352 1203 4456 respondit
1217 4352 1322 4457 quod
1335 4353 1402 4439 sic;
1423 4368 1459 4426 et
1474 4369 1564 4428 tunc
1576 4352 1696 4427 dictus
1710 4353 1899 4457 recipiens

476 4477 567 4554 dixit
587 4480 657 4555 sibi
676 4511 683 4554 :
701 4516 714 4545 ι
729 4482 788 4554 Tu
809 4480 904 4554 mele
923 4481 1059 4567 credis,
1082 4483 1168 4584 quin
1183 4481 1337 4587 quidem
1356 4480 1468 4557 falsus
1482 4481 1663 4586 propheta
1679 4499 1749 4570 est;
1764 4482 1891 4556 credas

475 4608 712 4687 solummodo
738 4611 777 4684 in
798 4611 921 4685 Deum
946 4609 1031 4694 celi,
1057 4626 1095 4684 et
1116 4639 1191 4686 non
1212 4612 1250 4686 in
1269 4611 1393 4686 istum.
1411 4647 1423 4677 r
1439 4613 1484 4686 Et
1504 4612 1582 4715 ipse
1603 4611 1716 4687 dixit:
1739 4611 1889 4686 «Credo

475 4735 512 4808 in
533 4737 677 4814 Patrem
697 4756 736 4814 et
755 4739 890 4815 Filium
911 4755 947 4814 et
965 4739 1145 4842 Spiritum
1160 4741 1353 4827 Sanctum,
1373 4742 1438 4844 qui
1457 4739 1528 4821 tuit
1549 4758 1658 4817 natus
1678 4741 1724 4817 de
1739 4740 1887 4841 Virgine
