4230 5956
505 439 578 511 aaa
888 416 1085 510 enoc'ns
1110 434 1207 505 ons
1233 432 1532 505 reuertens.

504 579 701 683 prestitum
716 605 738 651 a
755 577 933 681 receptis,
954 576 1059 682 quod
1077 592 1260 681 perpetuo
1271 591 1414 650 secrete
1426 589 1580 650 teneant
1595 575 1722 648 omnia
1737 601 1818 678 que
1833 574 1938 650 fiant

504 711 542 783 in
563 708 736 814 capitulis
755 708 996 793 eorumdem
1017 705 1125 782 aliter
1143 722 1253 812 negat
1272 705 1483 809 predictum
1500 702 1714 779 artictdum.

559 840 615 915 ,td
627 838 687 915 ln
701 839 901 915 articulum
917 837 1166 943 respondens,
1182 837 1329 940 negavit
1343 864 1431 911 eum
1447 834 1680 940 simpliciter,
1690 835 1932 942 prontjacet.

558 970 616 1044 Ad
627 969 699 1044 lxxi
711 968 913 1044 artiuxlum
926 967 1176 1072 respondens,
1190 966 1285 1041 dixit
1295 966 1400 1071 quod
1414 993 1501 1042 cum
1515 965 1753 1069 reoepciones
1764 964 1932 1043 fratrum

504 1101 600 1175 liunt
619 1101 658 1174 in
674 1097 844 1203 capitulis
858 1098 947 1174 dicti
963 1098 1130 1202 Templi,
1148 1096 1358 1203 injungitur
1370 1096 1427 1172 eis
1442 1096 1512 1202 qni
1531 1095 1669 1201 recepti
1688 1113 1779 1173 sunt
1792 1112 1936 1174 utem·

502 1232 562 1304 nia
578 1247 616 1305 et
634 1228 781 1335 singula
794 1258 869 1334 que
890 1229 929 1303 in
942 1228 1114 1333 capitulis
1132 1245 1212 1303 acta
1224 1244 1313 1303 sunt
1332 1244 1369 1303 et
1388 1226 1533 1332 agenda
1549 1244 1691 1304 secreta
1707 1244 1880 1303 teneant

558 1361 614 1435 ,td
635 1360 721 1435 lxxu
741 1358 943 1435 articulum
962 1358 1209 1463 respondens,
1230 1356 1324 1432 dixit
1344 1386 1473 1433 verum
1492 1385 1574 1432 esse
1592 1357 1698 1462 quod
1716 1358 1935 1462 precipitur

501 1491 675 1565 fratribus
697 1489 935 1594 presentibus
953 1491 991 1562 in
1011 1489 1100 1593 ipsis
1117 1485 1288 1592 capitulis
1305 1488 1412 1593 quod
1432 1515 1508 1563 non
1529 1489 1693 1564 audeant
1713 1488 1822 1593 loqui
1841 1488 1933 1599 aliis

501 1621 676 1696 fratribus
693 1619 864 1726 ejusdem
884 1616 1046 1706 ordinis,
1064 1619 1135 1694 nisi
1155 1636 1279 1694 tamen
1298 1616 1372 1694 illis
1389 1617 1567 1695 iratribus
1579 1618 1647 1723 qui
1662 1618 1701 1693 in
1721 1619 1815 1724 ipsis
1826 1621 1932 1724 mpi-

499 1752 590 1827 tulis
605 1751 807 1827 affuerimt.
824 1751 905 1855 lpse
921 1768 1046 1825 tamen
1062 1747 1176 1824 frater
1188 1747 1556 1853 Bartholomeusqui
1567 1748 1638 1824 bec
1649 1747 1821 1854 loquitm
1831 1778 1931 1825 nus-

499 1911 611 1987 quam
632 1881 719 1968 fuit,
742 1900 784 1957 ut
801 1880 911 1969 dixit,
939 1881 979 1954 in
999 1878 1189 1985 aliquibus
1206 1879 1379 1983 capitulis
1397 1880 1469 1969 nisi
1489 1879 1528 1954 in
1548 1879 1648 1955 diota
1664 1879 1783 1956 domo
1801 1881 1928 1957 blansi

498 2013 569 2088 Dei
590 2012 751 2088 diocesis
771 2011 956 2100 Elnensis,
979 2027 1018 2086 et
1037 2008 1140 2086 idem
1161 2009 1280 2086 credit
1299 2007 1382 2084 fieri
1403 2028 1441 2084 et
1456 2011 1592 2087 servari
1611 2009 1651 2084 in
1669 2011 1806 2087 ceteris
1824 2013 1930 2116 capi-

500 2143 589 2218 tulis
604 2144 695 2219 dicti
715 2143 876 2248 Templi.

557 2273 611 2347 Ad
623 2273 722 2348 lxxm
732 2272 930 2347 articulum
943 2273 1191 2376 respondens,
1210 2290 1318 2376 negat
1332 2274 1455 2378 ipsum
1467 2272 1683 2357 articulum,
1696 2272 1794 2349 siem
1802 2275 1925 2379 jacet.

500 2402 664 2478 adiciens
680 2430 720 2477 se
740 2430 933 2506 nunquam
950 2399 1084 2477 vidisse
1100 2401 1174 2477 dici
1189 2401 1245 2477 rel
1266 2401 1347 2477 fieri
1368 2419 1544 2479 contenta
1560 2403 1598 2478 in
1619 2430 1677 2479 co.

555 2532 615 2607 ‚ld
631 2530 746 2608 lxxnn
760 2532 960 2608 articulum
978 2531 1229 2637 respondens,
1250 2532 1369 2608 dixit.
1387 2593 1397 2607 .
1416 2593 1425 2607 .
1444 2593 1453 2609 .
1471 2562 1551 2622 se,
1570 2550 1610 2608 et
1623 2534 1791 2609 sicretm
1804 2534 1924 2611 baisse

498 2682 683 2740 senatum
703 2666 801 2740 inter
818 2662 949 2740 fratres
968 2662 1059 2739 dicti
1076 2662 1237 2751 ordinis,
1263 2663 1366 2768 quod
1390 2665 1734 2770 quocienscumque
1751 2664 1924 2770 aliquem

498 2795 555 2870 vel
567 2796 712 2902 aliquos
720 2795 875 2872 fratrum
887 2853 1009 2871 .....
1032 2794 1222 2898 contingat
1239 2794 1334 2870 velle
1345 2794 1515 2871 confiteri
1535 2811 1779 2898 peoontasua,
1796 2795 1926 2902 injun

497 2928 598 3029 gitur
617 2928 670 3003 eis
690 2945 732 3002 ut
751 2925 855 3001 fratri
875 2925 1066 3031 capellano
1089 2924 1260 3030 ejusdem
1279 2926 1424 3003 ordinis
1441 2954 1556 3031 quem
1576 2922 1640 3031 [in]
1658 2944 1840 3032 promptu
1862 2928 1923 3002 ba

497 3054 587 3129 bere
607 3073 765 3159 possunt
782 3085 850 3131 sua
865 3055 1112 3132 confiteantur
1129 3073 1296 3161 peccata3
1317 3055 1470 3161 quando
1492 3084 1580 3133 vem
1598 3056 1689 3132 dicti
1713 3055 1839 3132 fratris
1861 3087 1924 3132 ca-

498 3181 632 3284 pellani
664 3212 732 3286 pro
763 3186 922 3287 peccatis
951 3185 1115 3289 [ipsorum
1146 3184 1376 3290 con]fitendis
1407 3187 1636 3291 presenciam
1670 3185 1808 3263 habere
1841 3215 1922 3263 non

497 3328 669 3414 possunt,
693 3313 803 3387 datur
824 3314 878 3387 eis
907 3313 1061 3389 facultas
1085 3313 1203 3389 libera
1226 3315 1387 3391 adeundi
1410 3315 1540 3393 fratres
1558 3318 1724 3394 Minores
1743 3316 1810 3423 [rel
1828 3319 1920 3394 Pre-

498 3440 707 3545 dicutlores,
726 3443 782 3517 rel
800 3445 836 3516 in
852 3472 984 3518 eorum
1003 3444 1164 3519 deffectu
1177 3447 1426 3549 presbiterum
1441 3447 1646 3522 secularem
1664 3447 1836 3551 ejusdem
1849 3448 1917 3523 dio

498 3573 606 3658 cesis,
629 3574 688 3647 cui
706 3572 762 3647 vel
782 3572 920 3677 quibus
939 3604 1004 3650 sua
1025 3593 1173 3679 peccata
1187 3576 1329 3651 valeant
1352 3579 1562 3652 confiteri..
1582 3639 1590 3650 .
1610 3638 1617 3650 .
1638 3637 1646 3651 .
1672 3579 1921 3681 penitentiam

499 3706 664 3808 recipere
682 3704 879 3779 salutarem
897 3722 933 3779 et
954 3706 1158 3809 injunctam
1175 3735 1329 3782 servare.

554 3836 612 3909 Ad
629 3835 710 3911 lxxv
725 3836 924 3911 articulum
941 3838 1184 3940 respondens,
1200 3838 1291 3913 dixit
1305 3867 1344 3913 se
1359 3838 1436 3942 [aon
1449 3836 1592 3943 uidisse
1608 3867 1675 3914 nec
1687 3839 1835 3913 scivisse
1848 3869 1919 3915 nec

497 3963 681 4041 auditisse
704 3964 853 4042 fratrem
875 3964 931 4041 vel
949 3965 1081 4042 [ratres
1099 3968 1246 4072 Templi
1266 3968 1431 4072 aliquem
1448 3967 1505 4043 rel
1525 3967 1671 4074 aliquos
1695 3996 1846 4044 errores
1870 3970 1919 4044 de

498 4093 636 4197 quibus
655 4097 774 4201 agitur
792 4097 830 4171 in
847 4096 1076 4201 preambulis
1094 4098 1256 4174 articulis
1273 4101 1513 4175 commisisse.
1536 4099 1773 4204 Quapropter
1795 4098 1919 4203 negli-

497 4224 624 4327 gencia
645 4225 819 4328 imputari
836 4256 910 4303 non
931 4230 1056 4332 potuit
1076 4257 1142 4304 nec
1161 4228 1292 4306 debuit
1313 4231 1448 4334 cuique
1469 4229 1623 4304 fratrum
1641 4229 1730 4304 dicti
1752 4230 1917 4313 ordinis,

496 4358 527 4431 si
548 4357 652 4433 locus
670 4360 889 4435 correctioni
910 4360 1076 4464 predicte
1092 4389 1167 4437 non
1188 4361 1269 4435 [uit.

553 4488 610 4564 ‚td
635 4490 732 4567 lxxt't
752 4489 949 4565 articulum
971 4492 1217 4594 respondens,
1245 4491 1336 4565 dixit
1355 4492 1460 4596 quod
1481 4493 1568 4567 ideo
1594 4521 1668 4567 non
1692 4493 1919 4567 nunciarunt

496 4619 657 4695 [eclesie
675 4639 798 4697 sancte
819 4623 905 4705 Dei,
926 4623 1030 4725 quod
1047 4649 1113 4696 nec
1134 4623 1201 4699 scit
1223 4651 1291 4698 nec
1314 4622 1433 4698 credit
1456 4622 1604 4726 aliquos
1623 4650 1768 4698 errores
1788 4640 1918 4699 contra

496 4745 611 4822 {idem
627 4750 846 4826 catholicam
864 4751 977 4827 fuisse
993 4752 1211 4829 commissos
1226 4754 1323 4828 inter
1336 4752 1467 4828 fratres
1487 4752 1629 4829 ordinis
1645 4753 1734 4828 dicti
1749 4752 1916 4857 Templi.
