4230 5956
338 427 412 502 use
627 500 636 505 ,
709 405 1044 512 ‚recensens
1069 419 1367 496 rrurmrns.

339 569 435 678 pelle
449 569 547 644 dicte
561 567 698 645 domus
712 567 831 645 Monoi
851 567 938 654 Dei,
955 567 1080 672 januis
1094 563 1246 654 clausis,
1268 579 1307 642 et
1318 559 1407 641 solis
1419 561 1593 640 fratribus
1607 588 1766 670 prooem
1875 539 1884 550 ⁸

337 700 441 781 tibus
459 697 529 804 qui
540 699 583 777 in.
600 697 678 803 ipso
698 698 814 775 domo
833 715 925 774 turm
945 714 1065 787 emnt;
1091 696 1161 773 sed
1179 722 1326 774 caustun
1344 722 1459 800 quere
1482 693 1617 771 clausis
1635 696 1767 803 junms

341 830 433 907 fucta
451 828 537 915 suit,
562 829 653 904 dixit
674 858 713 905 se
733 829 888 905 nescire.

397 959 454 1034 Ad
474 957 689 1033 xl-lxxxur
706 958 882 1034 articulos
894 956 1087 1047 inclusive,
1102 951 1765 1062 diligenteretsigillatimintemoga·

341 1111 418 1178 tus,
433 1089 580 1196 negavit
592 1088 697 1192 ipsos
705 1088 881 1165 articulos
891 1105 929 1164 et
941 1087 1069 1165 omnio
1081 1103 1119 1164 et
1132 1086 1276 1193 singuln
1291 1101 1465 1164 contenta
1475 1085 1594 1175 ineis,
1610 1102 1765 1191 excepto

342 1220 447 1325 quod
469 1216 658 1297 confessus
683 1218 866 1325 estquod
889 1217 971 1322 ipse
991 1234 1029 1293 et
1053 1217 1169 1294 ceteri
1194 1216 1326 1292 fratros
1349 1214 1445 1292 dieti
1466 1213 1636 1303 ordinis‚·
1651 1233 1768 1321 prout

343 1349 478 1435 credit,
511 1364 662 1453 portent
687 1348 861 1424 continue
893 1346 1040 1452 cingulo
1068 1346 1143 1423 sire
1170 1345 1344 1423 cordules
1371 1371 1486 1451 super
1514 1344 1705 1421 mmisinm
1725 1345 1766 1421 iu

344 1481 492 1585 signum
511 1479 686 1556 castitatis
711 1476 912 1563 servandos
928 1504 1006 1553 non
1026 1493 1152 1552 temen
1176 1505 1263 1553 oum
1287 1475 1362 1552 ittts
1380 1491 1583 1580 tnngtmtur
1603 1475 1663 1552 vel
1688 1477 1769 1552 cin-

344 1627 481 1716 guntur
500 1609 619 1715 cupito
635 1608 831 1716 ydolorum
858 1636 927 1684 nec
944 1606 1072 1712 ulique
1088 1605 1209 1712 ydola.

400 1742 494 1817 Item
514 1737 704 1816 confessus
724 1756 780 1814 est
798 1737 907 1843 quod
919 1736 1128 1842 injungitur
1145 1736 1235 1841 ipsis
1253 1734 1614 1841 fratribustenpore
1629 1763 1698 1814 sue
1710 1765 1770 1814 re-

347 1871 533 1975 cepcionie
551 1870 655 1975 quod
680 1897 723 1945 ea
749 1897 829 1974 que
848 1867 945 1943 liunt
970 1867 1014 1951 iu¹
1029 1895 1163 1943 eorrxm
1190 1865 1364 1971 capitulis
1390 1892 1466 1941 non
1486 1865 1669 1958 rovelent,
1698 1895 1770 1960 nec

347 1999 549 2105 loquantur
566 1999 688 2076 eciam.
704 2027 790 2075 cum
810 1997 893 2073 aliis
911 1995 1087 2073 frutribus
1105 1995 1276 2102 ejusdem
1298 1995 1443 2073 ordinis
1462 1997 1534 2101 qui
1552 2024 1629 2075 non
1655 1997 1772 2076 inter·

347 2127 501 2206 fuerunt
531 2129 570 2205 in
601 2128 694 2233 ipsis
718 2126 889 2233 capitulis
915 2143 1084 2232 tempore
1107 2154 1185 2232 quo
1208 2125 1368 2232 capitulo
1388 2125 1441 2202 ibi
1461 2124 1576 2219 fiunt,
1596 2144 1635 2204 et
1652 2127 1684 2204 si
1704 2129 1769 2234 qui

349 2259 489 2336 inventi
516 2274 639 2334 essent
657 2245 724 2362 ¹qui
743 2264 888 2333 secretu
903 2255 1055 2361 capituli
1074 2255 1558 2360 revelassent‚·punireutur
1573 2258 1683 2364 penis
1700 2274 1773 2334 sta-

348 2388 439 2463 tutis
459 2387 499 2461 in
518 2386 857 2462 constitucionibus.
868 2385 1102 2464 eorumdem.

406 2514 465 2591 Ad
477 2514 741 2593 lxxtttt-lxxxt
755 2514 932 2592 articulos
947 2514 1136 2604 inclusive,
1153 2514 1403 2622 diligenteret
1416 2514 1603 2622 sigillatim
1617 2517 1774 2596 interro

351 2665 473 2754 gatus,
493 2646 882 2752 respondensnegarit
896 2647 996 2751 ipsos
1015 2645 1191 2722 mucellos
1206 2662 1245 2722 ct
1257 2647 1383 2724 omnia
1394 2646 1778 2754 etsingulnooutente

354 2805 388 2853 m
411 2807 476 2854 ers.

409 2908 512 2985 Dixit
536 2924 662 2983 temen
682 2907 788 3013 quod
807 2907 884 3013 ipse
904 2908 970 3012 qui
995 2907 1163 3013 loquitur
1180 2908 1220 2983 in
1239 2906 1367 3013 aliquo
1384 2905 1462 2983 alio
1479 2926 1664 2985 conventu
1682 2908 1773 2986 dicti

355 3035 654 3140 ordinisTompli
671 3065 867 3142 nunquam
874 3036 947 3115 fuit
956 3036 1027 3113 nisi
1038 3037 1077 3113 in
1087 3054 1272 3117 conventu
1283 3037 1419 3113 domus
1433 3038 1650 3128 Manui-Dei,
1660 3039 1776 3116 etihi·

357 3166 442 3242 dem
458 3165 589 3241 stando
601 3165 791 3242 confessus
800 3165 870 3241 suit
881 3195 947 3243 sue
961 3185 1109 3271 peccata
1122 3166 1225 3243 fratri
1240 3166 1430 3272 capellano
1439 3167 1609 3275 ejusdem
1623 3169 1773 3247 domus.

356 3293 565 3396 Atempore
576 3294 797 3368 tumencitra
808 3323 883 3398 quo
899 3313 1026 3399 ceptus
1041 3296 1179 3372 exstitit
1188 3298 1267 3400 ipse
1283 3313 1321 3373 et
1333 3298 1446 3375 ceteri
1457 3296 1589 3376 lintres
1605 3301 1774 3407 ejusdem

358 3421 518 3512 ordinis,
537 3420 727 3498 consessus
748 3441 803 3498 est
822 3422 1022 3528 aliquando
1043 3424 1216 3502 fratribus
1235 3426 1447 3503 Minoribus
1467 3430 1706 3507 venientibus
1730 3433 1775 3508 ad

360 3553 495 3628 dictam
511 3553 686 3638 domum,
709 3553 863 3630 credens
881 3554 986 3659 quod
1000 3556 1077 3659 ipse
1094 3572 1130 3630 et
1143 3557 1255 3633 ceteri
1277 3557 1407 3633 fratres
1428 3558 1516 3634 dicti
1534 3560 1677 3637 ordinis
1692 3590 1779 3666 pos-

360 3682 431 3758 sint
452 3682 620 3759 confiteri
642 3683 722 3759 aliis
741 3684 956 3787 presbiteris
977 3687 1207 3791 regularibus
1233 3707 1270 3765 et
1291 3690 1518 3767 secularibus
1539 3709 1776 3798 preterquam
1809 3685 1816 3694 ’

360 3814 519 3918 propriis
540 3814 737 3918 capellanis
757 3832 795 3890 et
812 3816 900 3920 ipsis
918 3817 1034 3891 eciam
1055 3817 1229 3895 fratribus
1249 3820 1459 3925 capellanis.

416 3942 471 4016 Ad
489 3941 596 4017 lxxxu
617 3944 814 4020 articulum
837 3945 1033 4050 diligenter
1055 3947 1317 4054 interrogatus,
1341 3951 1433 4028 dixit
1453 3952 1556 4058 quod
1576 3950 1629 4027 illi
1648 3952 1781 4028 fratres

362 4069 409 4144 de
434 4070 571 4174 quibus
594 4074 633 4148 iu
655 4075 809 4151 articulo
836 4074 877 4150 [it
901 4078 1058 4164 mentio,
1087 4078 1117 4154 si
1138 4079 1293 4156 confessi
1315 4099 1400 4179 sunt
1424 4101 1536 4187 prout
1560 4086 1598 4160 in
1623 4083 1779 4159 articulo

362 4201 584 4288 continetur,
600 4204 756 4282 confessi
772 4223 857 4280 sunt
872 4224 999 4283 contra
1017 4237 1162 4296 verum,
1185 4228 1228 4287 ut
1245 4210 1335 4288 dixit
1351 4230 1389 4288 et
1408 4213 1541 4303 crodit,
1558 4230 1595 4291 et
1609 4241 1780 4320 magnam

363 4330 557 4408 falsitatem
580 4334 762 4411 dixerunt.

419 4461 476 4538 Ad
494 4462 631 4556 lxxxur,
653 4465 786 4542 lxxxun
801 4485 837 4543 et
854 4466 958 4545 lxxxv
974 4470 1147 4549 articulos
1170 4473 1365 4564 inclusive,
1380 4475 1579 4581 diligenter
1593 4492 1630 4552 et
1645 4473 1782 4582 sigille-

364 4591 431 4667 tim
446 4592 707 4700 iuterrogatus,
728 4599 959 4702 respondens
979 4601 1071 4677 dixit
1089 4603 1194 4708 quod
1210 4603 1263 4680 illi
1278 4604 1407 4683 fratres
1426 4608 1491 4712 qui
1507 4608 1672 4713 predicto
1692 4635 1781 4684 con-

364 4717 449 4794 sessi
465 4741 551 4798 sunt
572 4725 608 4798 in
629 4729 818 4828 presencie
831 4731 1046 4807 sanctissimi
1069 4733 1211 4809 domini
1233 4738 1348 4813 nostri
1368 4764 1462 4843 pape
1483 4755 1520 4814 et
1538 4738 1779 4817 dominorum
1815 4777 1818 4781 ·
1841 4795 1842 4798 ,
