4230 5956
550 454 748 546 rancus
775 472 870 544 nas
896 472 1194 544 rrurnrnes.
1534 482 1581 554 es

160 613 266 720 quod
282 641 358 691 non
375 611 518 690 viderat
533 612 758 690 intervenire
774 611 903 689 illicita
920 613 1087 719 predicta
1107 614 1146 688 in
1167 617 1385 719 recepcione
1410 621 1497 695 dicti
1515 621 1584 699 Ge-

160 743 278 830 raldi,
299 743 423 820 statim
447 771 533 819 cum
556 745 728 822 avisasset
748 770 805 832 se,
831 742 923 819 dixit
942 743 1048 849 quod
1069 772 1110 819 ea
1132 743 1272 820 viderat
1293 744 1386 823 sieri.
1411 749 1582 854 Requisi-

160 894 223 952 tus
237 875 323 982 quis
341 902 474 953 eorum
495 875 618 980 primo
634 875 723 952 lecit
744 874 843 951 dicta
857 874 1003 962 illicita,
1025 874 1222 980 respondit
1237 905 1276 952 se
1291 904 1366 953 non
1381 883 1579 956 recordari.

160 1004 379 1113 Requisitus
397 1006 461 1112 qui
482 1004 636 1087 luerunt
654 1022 848 1113 presentes
871 1006 1024 1111 quando
1046 1007 1168 1082 dictus
1187 1005 1373 1085 Geraldus
1392 1009 1478 1085 lecit
1498 1041 1582 1116 pre·

161 1138 261 1215 dicta
280 1136 407 1214 illicita
423 1137 462 1213 in
482 1138 617 1215 eodem
632 1138 715 1215 loco
730 1136 771 1213 in
785 1165 861 1242 quo
879 1137 1054 1243 deposuit
1074 1165 1112 1214 se
1134 1138 1300 1243 predicta
1321 1138 1467 1232 fecisse,
1490 1158 1528 1217 et
1551 1143 1579 1218 si

162 1267 234 1345 luit
255 1267 388 1357 eadem
414 1296 518 1358 crux,
547 1265 743 1374 respondit
761 1267 866 1373 quod
886 1268 949 1344 sic.
975 1269 1087 1355 Item,
1121 1267 1212 1344 dixit
1239 1297 1277 1345 se
1298 1272 1451 1348 credere
1478 1273 1581 1378 quod

161 1424 294 1476 eorum
317 1397 528 1475 sacerdotes
544 1398 671 1504 debite
698 1397 946 1487 celebrarent,
969 1415 1007 1475 et
1033 1399 1138 1504 quod
1158 1399 1219 1474 alii
1240 1398 1370 1476 fratres
1385 1403 1581 1479 crederent

162 1529 418 1606 ecelesiasticis
446 1529 702 1616 sacramentis,
729 1527 869 1634 quibus
891 1529 970 1634 ipse
991 1529 1177 1606 credebat.
1207 1529 1359 1607 Dictum
1386 1530 1456 1608 luit
1484 1533 1517 1609 ei
1543 1533 1579 1606 in

160 1659 379 1767 recepcione
393 1688 460 1737 sua
475 1660 580 1766 quod
593 1660 718 1738 statim
733 1687 803 1765 pro
817 1660 985 1766 professo
998 1660 1218 1738 habebatur.
1234 1661 1476 1739 Clandestine
1492 1664 1581 1738 reci·

158 1792 372 1896 piebantur‚
395 1791 509 1868 nullis
529 1791 768 1897 presentibus
792 1793 863 1870 nisi
888 1791 1064 1869 fratribus
1094 1793 1249 1870 ordinis.
1279 1792 1457 1885 Cordulis
1478 1794 1578 1868 unde

161 1920 335 2000 volebant
354 1923 553 2028 assumptis
567 1921 815 2029 cingebantur
828 1950 941 2026 super
961 1923 1127 1999 camisias
1142 1951 1228 1998 cum
1245 1922 1383 2026 quibus
1393 1925 1577 2028 jacebant.

160 2051 375 2158 lnjunctum
395 2050 520 2127 fuitei
545 2051 650 2156 quod
669 2078 747 2128 non
776 2051 958 2127 revelaret
978 2069 1118 2127 secreta
1143 2051 1394 2156 capitulorum
1413 2079 1481 2128 nec
1507 2080 1582 2128 mo

162 2179 256 2256 dum
274 2180 503 2286 recepcionis
522 2207 607 2265 sue,
635 2196 673 2255 et
694 2179 765 2255 fuit
787 2180 820 2254 ei
843 2179 985 2256 dietim
1005 2180 1110 2284 quod
1132 2180 1167 2256 si
1183 2181 1379 2271 revelaret,
1407 2181 1580 2285 perderet

161 2309 346 2387 habitum.
374 2310 526 2415 Absque
549 2309 719 2395 licencia,
746 2328 904 2416 excepto
922 2339 1009 2387 casu
1035 2312 1279 2402 necessitatis,
1304 2340 1380 2388 non
1405 2330 1580 2416 poterant

161 2442 232 2517 nisi
261 2441 518 2533 sacerdotibus
543 2441 688 2518 ordinis
711 2442 896 2519 confiteri.
918 2443 1067 2519 Fratres
1084 2443 1241 2519 scientes
1261 2471 1407 2520 errores
1425 2441 1581 2519 luerunt

160 2573 393 2681 negligentes
413 2572 597 2678 quianon
617 2589 860 2650 correxerunt
883 2600 948 2651 eos
968 2601 1037 2650 nee
1061 2573 1383 2651 denunciaverunt
1401 2574 1577 2652 Ecclesie.

161 2704 286 2780 Nescit
305 2703 335 2779 si
357 2703 563 2781 elemosine
589 2721 627 2780 et
645 2703 878 2809 hospitalitas
898 2703 1140 2782 servabantur
1160 2704 1285 2780 debite
1307 2706 1344 2778 in
1368 2703 1501 2779 ordine
1522 2706 1577 2780 vel

160 2860 255 2921 non,
277 2832 456 2940 quianluit
473 2850 620 2918 tantum
636 2834 676 2909 in
690 2833 860 2940 quadam„
874 2834 988 2910 domo
1009 2833 1153 2910 ordinis
1168 2833 1268 2937 apud
1287 2830 1484 2908 Belvacum
1501 2862 1580 2909 me

161 2980 279 3055 ratus,
297 2965 336 3039 in
352 2993 426 3070 qua
442 2991 518 3040 non
535 2979 614 3039 erat
628 2981 852 3041 consuetum
869 2962 1090 3039 elemosinas
1105 2962 1186 3038 lieri
1203 2989 1272 3036 nec
1289 2961 1577 3065 hospitalitatem

159 3094 308 3171 servari.
328 3094 510 3173 Ordinato
526 3121 595 3200 per
608 3094 827 3201 Magistrum
847 3122 934 3174 curn
957 3109 1142 3170 conventu
1158 3108 1260 3169 totus
1276 3092 1369 3168 ordo
1385 3113 1576 3183 servasset,

161 3243 288 3303 contra
306 3253 437 3331 quem,
457 3240 611 3331 propter
623 3225 807 3329 predicta,
824 3225 978 3332 grandia
992 3223 1181 3314 scandala,
1199 3224 1362 3329 suspicio
1375 3241 1413 3300 et
1429 3223 1578 3300 infamia

160 3372 249 3431 sunt
271 3373 408 3432 exorta.
433 3353 648 3434 Confessam
672 3381 740 3460 per
764 3383 851 3432 eum
876 3355 995 3431 eredit
1018 3354 1122 3460 quod
1150 3371 1273 3431 essent
1292 3371 1380 3429 nota
1404 3353 1580 3429 fratribus

161 3485 323 3574 ordinis,
343 3503 471 3563 contra
485 3513 598 3591 quern
615 3485 757 3562 audivit
774 3485 848 3562 dici
864 3514 1043 3593 magnum
1060 3485 1279 3592 Magistrum
1296 3500 1333 3559 et
1347 3484 1439 3560 alios
1456 3486 1577 3593 aliqua

161 3615 274 3694 luisse
295 3616 503 3706 confessos3
526 3617 573 3693 ad
593 3617 701 3723 cujus
717 3617 860 3694 ordinis
877 3616 1150 3712 deffensionem
1166 3645 1221 3706 se,
1243 3645 1295 3692 er
1307 3615 1475 3692 fatuitate
1494 3647 1576 3705 sua,

162 3745 369 3840 obtulerat,
389 3749 487 3825 sicut
506 3747 610 3824 dixit.
634 3748 709 3825 Nec
728 3747 780 3826 sic
804 3748 1030 3854 deposuerat
1052 3776 1180 3853 prece,
1205 3764 1401 3853 precepto,
1424 3749 1576 3833 timore,

160 3905 306 3966 amore,
328 3879 417 3956 odio
434 3877 707 3985 veltemporali
728 3879 888 3957 comodo
908 3878 1038 3956 habito
1058 3878 1116 3954 vel
1137 3877 1331 3960 habendo,
1353 3877 1419 3953 sed
1434 3903 1502 3978 pro
1519 3905 1579 3950 ve-

160 4009 269 4086 ritate
293 4011 471 4097 dicenda,
488 4011 586 4092 sicut
605 4009 718 4099 dixit3
745 4010 805 4086 cui
829 4009 901 4086 luit
925 4008 1139 4116 injunctum
1166 4008 1272 4113 quod
1300 4032 1377 4080 non
1401 4004 1580 4081 revelaret

159 4138 257 4213 hanc
275 4166 383 4216 suam
400 4140 702 4245 deposicionem,
724 4167 924 4247 quousque
940 4139 1199 4224 attestaciones
1210 4133 1351 4211 fuerint
1373 4134 1575 4239 publicate.

217 4398 346 4489 Frater
363 4397 559 4502 Philippus
572 4396 619 4472 de
640 4396 859 4473 Lavercines
880 4394 1061 4483 serviens,
1079 4394 1308 4472 Belvacensis
1331 4397 1504 4482 diocesis,
1519 4414 1578 4470 te-

159 4528 229 4605 stis
241 4555 355 4633 supra
365 4527 529 4635 juratus,
548 4526 855 4636 septuagenarius
873 4544 910 4604 et
926 4525 1042 4615 ultra,
1056 4526 1122 4633 qui
1133 4525 1341 4604 voluntarie
1354 4524 1576 4602 mantellum

161 4657 304 4735 ordinis
323 4659 518 4736 dimiserat
531 4674 571 4734 et
582 4657 664 4735 radi
685 4656 824 4735 fecerat
838 4657 910 4733 sibi
925 4656 1096 4746 barbam,
1119 4658 1211 4756 etin
1228 4657 1388 4734 coneilio
1403 4658 1577 4737 Remensi

161 4787 357 4868 absolutus
376 4807 414 4867 et
433 4788 696 4865 reconciliatus
717 4787 840 4866 luerat
860 4817 929 4893 per
947 4787 1145 4866 dominum
1166 4789 1488 4893 arehiepiscopum
1509 4791 1579 4865 Re·
