4230 5956
617 439 816 531 procus
841 457 936 530 nus
963 457 1267 531 rnnrxrnns.
1572 460 1644 534 aas

230 627 305 705 que
321 615 399 675 acta
415 615 503 674 sunt
520 599 558 673 in
575 598 736 703 capitulo
751 626 818 676 sue
832 599 1059 703 recepcionis
1071 599 1129 674 vel
1140 599 1234 674 dicta
1248 627 1317 675 nec
1332 598 1447 674 eciam
1462 600 1504 677 iu
1517 603 1649 679 ceteris

231 728 401 834 capitulis
419 728 583 833 pandant
595 729 653 806 vel
674 729 900 816 <tiemone
915 729 1152 806 collationem
1170 729 1330 805 babeant
1339 757 1425 805 cum
1435 728 1517 806 aliis
1532 732 1648 808 eciam

216 858 420 947 fratribus,
441 858 511 935 nisi
532 889 617 935 cum
641 861 694 936 eis
709 861 886 936 duntaxat
899 860 964 966 qui
983 860 1021 934 in
1040 860 1129 964 ipsis
1149 859 1320 965 capitulis
1339 858 1538 948 affuenmt,
1562 863 1647 938 etsi

229 1017 337 1067 secus
357 1019 377 1065 a
396 1017 549 1095 quoque
564 989 688 1079 fieret,
711 1018 787 1068 non
808 990 948 1066 audivit
966 991 1071 1096 quod
1091 1018 1187 1095 pena
1206 990 1328 1095 aliqua
1354 988 1589 1094 plecteretur.

285 1120 344 1197 Ad
363 1120 403 1197 id
423 1138 548 1197 autem
563 1121 668 1226 quod
686 1121 821 1196 dicitur
836 1121 941 1225 quod
954 1120 1188 1224 presidentes
1212 1119 1335 1197 ordini
1355 1120 1486 1195 fratres
1505 1147 1648 1197 errores

228 1251 415 1356 predictos
430 1252 486 1327 vel
508 1279 639 1328 eorum
656 1251 802 1356 aliquos
817 1251 1004 1356 corripere
1025 1279 1091 1327 seu
1112 1252 1296 1357 corrigere
1311 1269 1374 1326 aut
1387 1251 1562 1327 nunciare
1578 1253 1645 1329 Dei

228 1380 392 1458 Ecclesia
412 1381 671 1489 neglexerunt,
691 1380 887 1484 respondit
903 1395 940 1456 et
959 1379 1051 1456 dixit
1069 1409 1108 1456 se
1129 1381 1271 1457 nescire
1283 1407 1357 1456 nec
1377 1378 1529 1456 credere
1546 1409 1650 1459 erro-

229 1541 288 1588 res
307 1512 355 1588 de
376 1513 514 1617 quibus
534 1513 655 1618 agitur
673 1540 839 1618 unquam
860 1510 973 1589 fuisse
993 1539 1063 1588 nec
1088 1511 1229 1593 essein
1249 1511 1383 1587 ordine
1403 1511 1589 1617 predict0,
1612 1531 1649 1589 et

228 1643 332 1746 quod
353 1670 428 1718 non
449 1641 602 1718 fuerunt
621 1670 690 1718 nec
708 1642 864 1747 reperiri
884 1659 1088 1746 potuerunt
1110 1643 1148 1717 in
1169 1642 1249 1745 ipso
1269 1640 1417 1728 ordine,
1439 1658 1551 1744 prout
1570 1670 1648 1717 cre-

228 1771 299 1856 dit,
315 1800 389 1848 non
406 1772 476 1848 fuit
488 1800 638 1849 necesse
652 1801 718 1850 eos
731 1772 865 1879 corrigi
878 1800 948 1848 nec
960 1772 1125 1848 Ecclesie
1138 1770 1322 1860 nunciari3
1336 1770 1441 1875 quod
1454 1771 1559 1875 quod
1570 1798 1645 1847 non

228 1918 284 1978 est
303 1928 426 2006 neque
442 1902 512 1977 fuit
527 1929 602 1979 non
618 1903 743 2007 potuit
759 1902 895 2006 corripi
910 1929 979 1978 nec
991 1900 1151 1978 Ecclesie
1165 1898 1350 1986 nunciari,
1368 1924 1437 1974 nec
1451 1899 1499 1977 ab
1513 1900 1645 1976 ordine

227 2031 265 2105 in
280 2059 356 2136 quo
377 2059 453 2107 non
468 2030 615 2108 fuerant
629 2032 800 2136 separari.

284 2159 636 2247 nummularius
650 2176 688 2236 et
699 2159 803 2239 lxxxv
811 2159 985 2237 articulos
996 2160 1189 2247 inclusive,
1200 2160 1399 2267 diligenter
1408 2177 1447 2235 et
1458 2161 1645 2266 sigillatim

228 2289 492 2396 interrogatus,
516 2283 775 2395 respondit'et
795 2289 888 2367 dixit
909 2319 948 2367 se
973 2293 1126 2367 credere
1155 2290 1259 2395 quod
1286 2289 1417 2365 fratres
1437 2290 1484 2366 de
1509 2290 1646 2396 quibus

227 2420 348 2526 agitur
366 2421 405 2495 in
425 2419 588 2497 articulis
603 2420 877 2498 confessionem
892 2421 1046 2497 fecerint
1067 2421 1113 2496 de
1133 2420 1312 2525 predictis
1330 2418 1521 2496 erroribus
1541 2435 1579 2496 et
1598 2420 1644 2496 de

227 2548 309 2624 aliis
328 2551 511 2626 contentis
529 2551 567 2627 in
588 2551 697 2626 dictis
716 2550 896 2638 articulis,
918 2579 1044 2628 coram
1065 2550 1294 2626 sanctissimo
1314 2566 1417 2654 patre
1436 2567 1473 2625 et
1492 2549 1645 2626 domino

228 2697 353 2755 nostro
366 2708 459 2785 papa
473 2699 510 2756 et
525 2681 604 2786 ejus
623 2681 845 2758 consistorio*
853 2698 891 2757 et
902 2709 1028 2758 coram
1047 2680 1212 2756 dominis
1232 2679 1482 2756 cardinalibus
1502 2695 1540 2754 et
1556 2704 1645 2756 non-

226 2807 338 2884 nullis
359 2808 440 2884 aliis
463 2811 510 2885 de
532 2810 669 2916 quibus
689 2809 732 2885 lit
754 2811 897 2888 mentio
918 2810 957 2886 in
979 2808 1144 2886 articulis
1164 2807 1372 2913 prelibatis;
1403 2825 1440 2884 et
1464 2809 1535 2885 boc
1557 2809 1662 2885 ideo'

228 2939 345 3014 credit
374 2941 476 3044 quod
498 2940 640 3017 fuerint
659 2940 814 3019 confessi
839 2940 998 3046 predicti
1024 2941 1089 3046 qui
1115 2937 1245 3015 fratres
1271 2939 1514 3044 appellantur,
1541 2918 1644 3045 quod

227 3069 348 3146 dictus
368 3071 542 3148 dominus
561 3090 687 3149 noster
704 3101 800 3178 papa
817 3070 890 3149 hoc
909 3071 948 3147 in
963 3099 1027 3148 sua
1042 3070 1163 3147 littera
1182 3071 1312 3146 asserit
1327 3086 1364 3144 et
1375 3068 1524 3153 fatetur.
1544 3069 1646 3145 Dixit

225 3214 356 3279 tamen.
364 3200 433 3276 iste
446 3201 558 3278 frater
568 3203 634 3309 qui
650 3203 818 3308 loquitur
836 3200 958 3307 quod,
972 3200 1142 3306 ejusdem
1158 3199 1302 3276 domini
1318 3226 1411 3304 pape
1433 3199 1527 3275 salva
1547 3226 1644 3276 sem-

226 3355 293 3433 per
314 3358 380 3407 sue
405 3331 606 3409 sanctitatis
634 3332 869 3419 excellentia,
890 3330 1024 3436 suique
1052 3330 1261 3408 consistorii
1287 3347 1325 3407 et
1343 3359 1450 3407 sacre
1476 3330 1586 3408 Sedis
1604 3360 1646 3407 ac

226 3456 381 3536 fratrum
403 3464 490 3567 ejus.
503 3463 747 3545 dominorum
768 3460 1013 3538 cardinalium
1029 3461 1238 3538 reverencia
1254 3477 1293 3536 et
1306 3459 1465 3545 honore,
1487 3460 1644 3564 predicti

225 3590 292 3694 qui
302 3589 433 3668 fratres
443 3592 532 3667 dicti
544 3592 688 3668 ordinis
698 3608 914 3668 asseruntur
924 3589 1121 3665 falsitatem
1133 3616 1264 3691 puram
1282 3605 1319 3664 et
1334 3614 1473 3663 meram
1486 3587 1643 3665 confessi

225 3736 326 3806 sunt,
350 3736 388 3793 et
410 3719 448 3792 in
474 3719 597 3821 capud
617 3719 811 3823 proprium
836 3714 922 3794 sunt
941 3716 1103 3803 mentiti,
1134 3715 1238 3820 quod
1263 3743 1331 3791 nec
1350 3717 1418 3791 scit
1437 3726 1505 3791 nec
1518 3716 1645 3793 ,credit

225 3847 329 3951 quod
357 3846 513 3950 predicti
543 3873 689 3923 errores
712 3873 781 3922 nec
805 3872 889 3950 pars
912 3843 1036 3949 eliqua
1062 3843 1267 3920 eorundem
1293 3872 1458 3951 unquam
1486 3844 1641 3922 confessi

225 3975 364 4053 fuerint
380 4004 448 4052 nec
468 3975 583 4052 auditi
604 3976 642 4051 in
664 3975 795 4052 ordine
817 3974 906 4051 dicti
925 3973 1089 4078 Templi.
1117 4040 1121 4049 ,

281 4106 339 4183 Ad
370 4107 488 4185 lxxxvi
525 4105 724 4183 articulum
755 4104 956 4209 diligenter
994 4103 1253 4210 interrogatus,
1292 4105 1522 4210 respondens
1554 4106 1645 4185 dixit

226 4236 326 4340 quod
347 4235 460 4313 frater
473 4236 519 4314 G.
535 4236 582 4312 de
596 4233 751 4313 Abelars
769 4252 858 4311 tunc
875 4249 1070 4340 preceptor
1089 4232 1185 4308 dicte
1207 4233 1342 4311 domus
1359 4234 1478 4313 Mansi
1498 4236 1584 4322 Dei,
1604 4235 1642 4311 in

225 4393 356 4443 mense
381 4364 496 4443 madii
524 4366 691 4471 proxime
717 4365 881 4449 venienti
909 4380 1019 4441 erunt
1047 4390 1091 4440 xv
1121 4364 1204 4440 anni
1232 4364 1290 4443 rel
1318 4365 1413 4443 circa
1443 4365 1573 4468 elapsi,
1603 4382 1645 4441 ut

225 4496 358 4587 credit,
377 4497 444 4573 sed
468 4497 515 4573 de
531 4495 592 4572 die
614 4495 705 4571 dixit
724 4523 763 4572 se
783 4523 858 4573 non
879 4493 1084 4582 recordari,
1113 4495 1253 4600 recepit
1271 4495 1395 4600 ipsum
1412 4495 1563 4573 fratrem
1578 4497 1642 4602 qui

224 4624 394 4731 loquitur
417 4645 455 4703 et
476 4626 628 4703 fratrem
656 4627 713 4702 Bri
740 4627 787 4704 de
813 4626 904 4703 Rivo
924 4606 965 4701 in
988 4623 1119 4701 fratres
1143 4624 1286 4701 ordinis
1307 4624 1397 4702 dicti
1419 4626 1586 4731 Templi,
1604 4627 1642 4703 in

225 4754 362 4860 capella
376 4755 474 4845 dicte
489 4756 626 4833 domus
641 4755 757 4834 blansi
779 4755 869 4843 Dei,
883 4755 1007 4863 januis
1025 4753 1173 4843 clausis,
1195 4753 1432 4859 presentibus
1449 4773 1485 4832 et
1499 4754 1641 4845 ibidem
