4268 5946
469 448 542 519 sos
852 423 1047 516 procus
1073 443 1168 515 nus
1194 442 1494 516 runrmnns

468 585 623 663 exclusis
641 580 798 690 reliqu-is
817 583 883 688 qui
910 593 986 660 non
1005 601 1092 661 sunt
1109 582 1239 661 fratres
1259 583 1400 662 ordinis
1426 583 1597 689 predicti.
1623 583 1699 659 Nec
1717 609 1898 692 tauquam·

467 714 571 791 scivit
590 742 659 791 nec
679 708 931 822 audivitjquod
943 713 1067 819 aliqua
1082 713 1174 790 inibi
1187 713 1321 791 fierent
1333 713 1391 791 vel
1405 713 1631 803 dicerentur,
1643 712 1713 789 nisi
1727 713 1789 791 illa
1805 742 1881 820 que

444 845 669 923 ,necessaria
687 861 774 921 sunt
793 841 932 932 ordini,
954 843 1161 920 secundum
1181 843 1251 921 Dei
1270 843 1545 949 beneplacitum
1565 860 1602 918 et
1622 843 1819 932 honorem,
1841 862 1881 921 et

465 1004 539 1082 que
566 991 671 1081 putat
696 1002 774 1050 esse
797 972 901 1050 utilia
926 991 963 1050 et
988 973 1161 1079 expedire
1186 973 1380 1050 animabus
1412 972 1569 1052 fratrum
1593 973 1736 1051 ordinis
1759 1002 1881 1080 supra·

467 1106 573 1197 dicti;
595 1124 632 1183 et
651 1105 714 1181 illa
733 1105 954 1211 promittunt
973 1104 1062 1182 dicti
1078 1104 1207 1181 fratres
1223 1104 1342 1182 clausa
1357 1122 1394 1181 et
1407 1121 1547 1180 secreta
1566 1122 1709 1195 tenere,
1731 1133 1800 1181 nec
1819 1134 1882 1195 su·

465 1264 533 1342 per
557 1234 631 1312 illis
655 1235 890 1313 collationem
909 1234 1065 1325 habere,
1086 1235 1156 1312 nisi
1177 1236 1275 1313 inter
1295 1263 1359 1312 eos
1378 1234 1510 1312 fratres
1527 1234 1627 1313 solos
1646 1234 1713 1342 qui
1732 1235 1777 1311 in
1792 1235 1883 1341 ipsis

466 1365 632 1471 capitulis
651 1366 853 1455 affuerunt3
876 1383 913 1441 et
938 1365 973 1444 si
992 1366 1190 1472 quisquam
1214 1394 1321 1445 secus
1343 1365 1494 1454 faceret,
1516 1393 1611 1470 pena
1632 1381 1729 1442 certa
1746 1383 1881 1457 statuta

467 1513 522 1572 est
539 1514 665 1572 eontra
685 1524 772 1573 eum
792 1512 834 1572 ut
853 1524 891 1571 se
912 1497 1090 1599 privatum
1112 1496 1246 1572 sentiat
1262 1495 1470 1573 commodis
1489 1495 1587 1571 dicte
1606 1493 1756 1572 domus.

522 1625 667 1732 Adjecit
679 1626 793 1701 eciam
811 1654 850 1701 se
865 1624 1007 1701 nescire
1023 1653 1092 1700 nec
1111 1654 1276 1731 unquam
1291 1626 1438 1703 scivisse
1455 1624 1559 1731 quod
1569 1624 1610 1701 in
1621 1624 1754 1702 ordine
1767 1628 1882 1702 Tem-

467 1756 538 1863 pli,
555 1783 624 1832 nec
643 1756 682 1831 in
698 1755 819 1861 aliqua
835 1771 939 1860 parte
953 1754 1011 1831 vel
1024 1754 1148 1858 aliquo
1162 1753 1247 1831 loco
1261 1755 1358 1860 ejus,
1374 1753 1512 1831 fuerint
1526 1781 1670 1832 errores
1683 1753 1729 1831 de
1745 1755 1882 1861 quibus

464 1902 640 1962 tractatur
657 1885 697 1961 in
718 1883 882 1960 articulis
900 1882 1106 1990 prelibatis3
1125 1901 1162 1961 et
1174 1885 1260 1962 ideo
1273 1884 1503 1988 presidentes
1522 1882 1591 1988 ipsi
1609 1883 1731 1962 ordini
1751 1879 1799 1961 de
1813 1912 1881 1962 ne·

464 2014 637 2121 gligentia
666 2013 890 2120 corripiendi
911 2012 969 2089 vel
988 2013 1237 2090 denunciandi
1262 2013 1538 2122 EcclesielDei,
1566 2013 1624 2090 vel
1650 2013 1697 2090 de
1723 2012 1880 2093 fratrum

466 2144 724 2223 desistenciaa
746 2143 853 2221 dictis
872 2143 1060 2221 erroribus
1082 2144 1147 2249 qui
1171 2172 1361 2251 uunquam
1380 2142 1532 2225 fuerunt
1548 2142 1589 2219 in
1609 2142 1709 2221 dicto
1729 2143 1878 2232 ordine,

464 2292 576 2381 prout
593 2274 727 2361 credit,
751 2290 947 2380 nequeunt
965 2274 1174 2380 aliqualiter
1193 2274 1437 2381 reprehendi,
1467 2302 1536 2350 nec
1555 2272 1666 2351 dolus
1684 2301 1752 2352 nec
1770 2274 1881 2380 culpa

465 2402 587 2509 aliqua
607 2404 684 2479 dari
711 2403 764 2480 eis
786 2403 887 2509 juste
907 2403 1047 2508 potuit,
1073 2403 1160 2509 quia
1190 2403 1315 2510 puniri
1333 2403 1392 2481 rel
1411 2402 1636 2509 reprehendi
1658 2420 1722 2481 aut
1745 2404 1879 2509 corrigi

465 2534 523 2610 vel
543 2533 709 2640 castigari
728 2560 805 2609 non
819 2532 943 2638 potuit
956 2532 1060 2640 quod
1078 2561 1154 2611 non
1172 2532 1254 2611 fuit.

521 2662 579 2742 Ad
598 2664 736 2758 lxxxm,
757 2663 891 2740 lxxxuu
906 2679 942 2739 et
957 2661 1062 2741 lxxxv
1076 2663 1250 2749 articulos
1268 2663 1461 2755 inclusive,
1479 2663 1679 2773 diligenter
1693 2680 1733 2741 et
1747 2663 1881 2770 sigilla-

464 2795 532 2871 tim
549 2794 811 2901 interrogatus,
828 2794 1056 2899 respondeus
1076 2793 1172 2902 dixit·
1185 2794 1289 2901 quod
1308 2794 1438 2874 fratres
1457 2795 1522 2902 qui
1542 2795 1581 2871 in
1595 2793 1784 2900 presencia
1798 2822 1880 2871 san·

465 2926 617 3003 ctissimi
637 2924 778 3001 domini
802 2924 917 3002 nostri
943 2925 1079 3001 summi
1104 2922 1290 3030 pontilicis
1310 2942 1348 3001 et
1373 2925 1612 3003 dominorum
1638 2922 1880 3001 cardinalium

463 3055 619 3132 fratrum
630 3056 726 3162 ejus,
741 3054 907 3161 predicta
921 3054 961 3130 in
974 3053 1135 3132 articulis
1150 3072 1322 3132 contenta
1338 3043 1554 3153 asseruntur
1569 3053 1682 3131 fuisse
1703 3053 1876 3141 confessi,

464 3183 666 3288 respondet
685 3199 723 3258 et
747 3183 837 3259 dicit
856 3212 895 3259 se
915 3183 1067 3261 credere
1087 3185 1187 3287 ipsos
1205 3182 1337 3262 lintres
1362 3183 1597 3263 inomnibus
1613 3200 1651 3261 et
1668 3211 1735 3290 per
1751 3183 1879 3259 omnia

463 3309 549 3387 falsa
576 3338 655 3387 esse
673 3308 859 3388 confessos
879 3327 916 3387 et
936 3329 1067 3389 contra
1094 3313 1349 3391 omnimodam
1374 3314 1583 3402 veritatem,
1613 3312 1879 3418 salvasemper

464 3440 681 3518 excellencia
697 3440 880 3518 societatis
898 3441 1065 3548 ejusdem
1081 3441 1224 3519 domini
1245 3444 1361 3521 nostri
1382 3472 1476 3549 pape
1497 3461 1535 3521 et
1552 3443 1790 3522 dominorum
1801 3471 1878 3519 car·

463 3571 645 3651 dinalium
664 3573 874 3649 reverencia
894 3589 930 3649 et
948 3573 1270 3651 sacriconsistorii
1289 3591 1413 3651 sancte
1432 3573 1551 3652 Sedis.
1600 3628 1603 3633 Α
1770 3656 1774 3661 ,

518 3703 576 3780 Ad
593 3703 710 3782 lxxxvi
725 3702 920 3781 articulum
936 3703 1133 3809 diligenter
1147 3705 1409 3812 interrogatus,
1426 3704 1657 3811 respondens
1672 3704 1764 3781 dixit
1773 3703 1877 3810 quod

460 3830 574 3909 frater
586 3831 776 3909 Amaldus
795 3831 842 3908 de
857 3832 1067 3910 Torrosella
1082 3850 1172 3910 tunc
1188 3852 1385 3939 preceptor
1397 3834 1494 3911 dicte
1511 3834 1648 3912 domus
1660 3833 1776 3911 Mami
1788 3833 1875 3922 Dei,

460 3963 499 4039 in
518 3963 613 4041 festo
632 3964 892 4042 Penthecostes
917 3964 1082 4070 proxime
1105 3963 1232 4041 futuro
1253 3982 1361 4041 erunt
1379 3991 1424 4044 xv
1445 3965 1530 4042 anni
1551 3963 1664 4070 elapsi
1687 3962 1875 4052 vel-cirea,

461 4091 603 4197 recepit
624 4093 746 4198 ipsum
763 4092 828 4198 qui
847 4092 1015 4198 loquitur
1033 4094 1071 4167 in
1098 4091 1248 4170 fratrem
1270 4093 1359 4170 dicti
1380 4093 1540 4183 ordinis,
1561 4093 1600 4169 in
1619 4092 1759 4198 capella
1779 4092 1876 4170 dicte

460 4223 596 4301 domus
614 4223 733 4300 Mansi
759 4223 848 4314 Dei,
864 4223 1100 4329 presentibus
1120 4238 1157 4300 et
1172 4222 1315 4303 ibidem
1330 4224 1534 4302 astantibus
1547 4221 1612 4301 Ar'
1626 4224 1770 4312 Rocha,
1783 4225 1876 4330 Ray-

459 4355 600 4433 mundo
619 4353 759 4460 Sageti,
780 4354 978 4431 Laurentio
999 4352 1161 4462 Regalis,
1182 4353 1319 4432 Jacobo
1336 4355 1383 4431 de
1404 4354 1540 4432 Oleriis
1557 4371 1595 4432 et
1610 4352 1783 4461 pluribus
1794 4352 1877 4431 aliis

459 4482 634 4562 fratribus
654 4483 744 4561 dicti
763 4482 916 4562 ordinis.

514 4613 570 4690 De
585 4613 700 4692 modo
711 4630 835 4692 autem
844 4642 911 4691 sue
919 4614 1145 4721 recepcionis
1158 4631 1196 4693 et
1203 4616 1469 4695 coherentibus
1477 4616 1525 4705 ei,
1542 4615 1634 4693 dixit
1648 4615 1751 4693 idem
1770 4615 1811 4690 in
1825 4611 1875 4691 ef·

458 4741 660 4821 feetu‘sicut
669 4743 1073 4828 fraterBartholomeus
1083 4745 1129 4823 de
1139 4748 1258 4825 Turre
1267 4745 1720 4854 testisprimusdeposuit,
1735 4761 1773 4823 et
1781 4745 1875 4823 sicut
