4230 5956
422 485 492 555 ios
804 462 997 554 raucus
1024 481 1119 554 uas
1146 481 1448 556 sanctinus.

416 622 633 701 Nannatesis
655 622 830 709 diocesis,
852 624 891 697 in
914 623 1055 729 capella
1076 622 1175 701 dicte
1195 625 1351 715 domus,
1373 642 1461 702 sunt
1481 624 1627 702 circiter
1645 655 1707 703 sex
1726 631 1831 717 anni,

416 771 589 860 presente
603 753 714 829 lrotre
723 751 929 829 Guillelmo
944 752 990 828 de
1004 754 1121 829 Bosco
1134 754 1289 841 Ferrici,
1302 754 1549 832 commoranti
1556 754 1595 831 in
1608 755 1704 833 dicta
1718 756 1833 834 domo

419 884 467 959 de
485 883 649 970 Clisson,
672 901 710 958 et
729 883 810 987 ipso
827 899 937 974 teste,
968 882 1005 957 in
1033 882 1135 960 bunc
1161 885 1345 963 modum:
1372 913 1458 960 nam
1479 914 1565 961 cum
1584 887 1835 992 requisivisset

418 1042 554 1119 panem
569 1031 605 1088 et
618 1041 749 1117 aquam
767 1013 922 1100 ordinis,
932 1030 970 1089 et
986 1013 1020 1088 ei
1033 1041 1205 1092 concessa
1218 1015 1391 1103 luissent,
1406 1032 1444 1091 et
1456 1016 1615 1091 vovisset
1629 1031 1668 1092 et
1673 1015 1834 1122 jurasset

421 1171 564 1221 servare
589 1143 710 1220 bonos
734 1173 823 1220 usus
847 1161 884 1220 et
908 1143 1026 1220 bonas
1055 1145 1348 1223 consuetudines
1372 1144 1530 1232 ordinis,
1553 1162 1591 1221 et
1610 1143 1715 1250 quod
1739 1163 1835 1221 esset

421 1300 548 1350 servus
574 1264 738 1351 esclavus
764 1275 852 1351 dicti
880 1275 1039 1368 ordinis,
1071 1277 1276 1353 castitatem
1296 1292 1334 1352 et
1352 1274 1628 1364 obedienciam,
1657 1290 1695 1351 et
1713 1274 1835 1351 vivere

421 1404 503 1479 sine
516 1404 685 1509 proprio,
702 1420 740 1480 et
755 1405 992 1511 imposuisset
1007 1409 1041 1483 ei
1058 1406 1294 1494 mantellum,
1309 1422 1347 1482 et
1359 1432 1492 1482 omnes
1507 1403 1663 1481 osculati
1678 1390 1839 1482 luissent

423 1561 510 1609 eum
531 1533 571 1608 in
591 1562 671 1620 ore,
693 1535 779 1610 lecit
797 1564 884 1611 eum
903 1554 962 1612 ter
980 1538 1165 1644 abnegare
1180 1537 1353 1625 Jhesum,
1373 1536 1421 1611 de
1432 1534 1581 1613 Christo
1592 1534 1697 1611 nulla
1709 1533 1835 1612 habita

423 1665 636 1754 moncione,
655 1684 692 1740 et
703 1668 869 1771 precepit
886 1669 986 1771 quod
1005 1683 1157 1774 spueret
1169 1695 1281 1771 super
1295 1667 1496 1772 quamdam
1510 1692 1660 1741 crucem
1673 1666 1835 1772 ligneam

422 1792 461 1868 in
476 1823 549 1900 qua
564 1823 641 1871 non
660 1813 738 1872 erat
755 1825 888 1904 ymago
907 1795 1099 1887 Crucifixi,
1122 1797 1240 1873 nescit
1259 1823 1326 1900 per
1339 1823 1451 1901 wem
1468 1793 1634 1884 allatam,
1660 1810 1699 1869 et
1714 1793 1837 1869 dictus

423 1924 594 2002 Nicolaus
610 1930 710 2033 spuit
724 1929 828 2035 juxta
845 1959 943 2016 eam,
966 1946 1005 2006 et
1019 1945 1190 2035 receptor
1205 1927 1274 2004 suit
1294 1925 1481 2003 osculatus
1495 1925 1619 2030 ipsum
1639 1923 1834 2001 Nicolaum

423 2055 463 2128 in
484 2055 643 2134 humero
665 2077 827 2165 exparte
848 2060 1025 2137 anteriori
1041 2076 1078 2135 et
1091 2057 1288 2164 posteriori
1309 2082 1422 2159 super
1439 2070 1576 2140 vestem
1598 2070 1636 2130 et
1648 2081 1716 2158 per
1732 2081 1839 2129 eum·

424 2182 511 2257 dem
540 2185 694 2261 modum
717 2187 809 2262 dixit
832 2189 955 2264 eidem
980 2190 1065 2276 testi
1091 2215 1131 2264 se
1151 2186 1263 2264 fnisse
1280 2200 1472 2289 receptum
1500 2182 1540 2256 in
1560 2182 1658 2258 dicta
1678 2181 1836 2286 capella,

424 2311 518 2387 circa
533 2314 669 2388 festum
683 2313 864 2389 Omnium
881 2315 1100 2391 Sanctorum
1116 2316 1282 2419 proxime
1295 2311 1516 2419 preteritum
1528 2309 1682 2393 bierunt
1694 2310 1838 2388 circiter

426 2441 556 2516 decem
577 2458 614 2516 et
633 2458 717 2517 octo
738 2444 844 2532 anni,
868 2472 936 2547 per
955 2442 1106 2520 lratrem
1124 2443 1329 2520 Oliverium
1351 2444 1379 2516 F
1381 2440 1518 2516 lumeni
1539 2439 1699 2517 militem
1716 2467 1837 2546 quon·

426 2571 529 2656 darn,
550 2588 809 2675 preceptorem
832 2589 922 2648 tunc
945 2572 992 2649 de
1012 2572 1111 2648 Malo
1132 2575 1277 2661 Leone,
1305 2569 1544 2675 presentibus
1562 2568 1737 2646 fratribus
1754 2571 1838 2647 Ste-

425 2701 550 2805 phano
569 2701 692 2777 Enrici
714 2702 881 2806 predicto
905 2723 942 2781 et
960 2704 1129 2779 lobanne
1148 2702 1194 2778 de
1213 2703 1349 2779 Sancto
1364 2699 1556 2776 Maxencio
1576 2699 1838 2786 servientibus,

426 2828 641 2921 deffunctis,
663 2850 701 2907 et
721 2832 840 2909 credit
864 2835 968 2938 quod
994 2862 1061 2939 per
1081 2832 1257 2909 eumdem
1280 2831 1437 2908 modum
1462 2830 1720 2936 reciperentur
1737 2857 1840 2907 com-

426 2962 594 3038 muniter
604 2989 738 3037 omnes
752 2962 814 3037 alii
830 2964 868 3037 in
886 2965 1038 3055 ordine,
1059 2981 1096 3041 et
1109 2962 1212 3070 quod
1225 2961 1413 3038 nullaalia
1427 2959 1557 3037 illicita
1572 2961 1841 3037 intervenirent

425 3089 465 3162 in
488 3090 771 3192 recepcionibus
797 3092 958 3169 aliorum
981 3095 1039 3170 vel
1063 3093 1298 3201 post,·plurn
1325 3091 1495 3167 nesciens
1524 3089 1777 3167 decantantis
1802 3092 1843 3165 in

427 3218 535 3295 dictis
549 3219 730 3309 articulis,
750 3247 819 3297 nec
834 3221 902 3297 alia
922 3222 1078 3298 credens
1099 3251 1177 3301 esse
1196 3251 1280 3298 vcra
1298 3221 1345 3297 de
1360 3221 1545 3297 contentis
1562 3220 1601 3295 in
1618 3221 1671 3296 eis
1685 3221 1756 3296 nisi
1770 3221 1843 3299 hoc

426 3348 531 3453 quod
558 3350 739 3453 sequitur.
769 3352 859 3426 Nam
885 3352 977 3428 dixit
1004 3381 1042 3430 se
1064 3353 1217 3429 credere
1245 3350 1498 3428 ecclesiasticis
1525 3351 1779 3442 sacramentis,
1806 3369 1843 3427 ct

350 3516 355 3527 ·
426 3479 532 3582 quod
550 3478 611 3553 alii
629 3477 759 3555 fratres
775 3482 918 3557 ordinis
935 3482 1070 3559 eodem
1090 3483 1204 3560 modo
1226 3481 1437 3571 crederent,
1458 3496 1495 3555 et
1515 3480 1621 3585 quod
1637 3508 1771 3557 eorum
1787 3509 1843 3556 sa-

426 3606 597 3683 cerdotes
617 3607 741 3684 debite
758 3611 1014 3691 celebrarent..
1026 3613 1166 3690 duravit
1184 3613 1263 3717 ipse
1280 3627 1316 3687 et
1331 3610 1452 3686 dictus
1472 3609 1646 3687 Nicolaus
1666 3610 1839 3686 ordinem

426 3764 503 3812 non
522 3737 638 3822 exire,
660 3738 815 3815 credens
832 3742 936 3846 quod
953 3742 1133 3819 aliiidem
1149 3742 1336 3849 jurarent,
1357 3757 1396 3815 et
1413 3740 1557 3816 dictum
1575 3739 1647 3816 luit
1665 3741 1719 3817 cis
1736 3740 1840 3845 quod

426 3869 552 3943 statim
571 3891 640 3972 pro
660 3869 834 3972 prolessis
854 3871 1100 3947 habebantur.
1129 3870 1371 3948 Clandestine
1399 3870 1691 3975 recipiebantur,
1725 3867 1841 3944 nullis

426 3996 662 4101 presentibus
682 3999 752 4073 nisi
771 3998 946 4076 fratribus
971 4001 1133 4087 ordinis,
1160 4028 1205 4076 ex
1219 4027 1296 4105 quo
1312 4000 1430 4076 credit
1449 3998 1554 4104 quod
1568 4013 1664 4074 esset
1677 3996 1840 4101 suspicio

426 4143 552 4201 contra
572 4155 648 4202 eos.
670 4129 846 4207 Cordulis
862 4132 963 4207 unde
983 4130 1158 4208 volebant
1176 4132 1375 4235 assumptis
1392 4129 1637 4236 cingebantur
1651 4154 1765 4232 super
1784 4155 1842 4203 ca·

424 4254 551 4333 misius
575 4284 659 4332 cum
688 4259 827 4364 quibus
841 4262 1027 4367 jacebant,
1052 4261 1322 4370 lnjungebatur
1340 4261 1393 4337 eis
1412 4288 1479 4363 per
1498 4273 1771 4335 sacramentum
1793 4285 1841 4333 ne

425 4386 632 4464 revelarent
655 4408 796 4468 secreta
815 4393 1082 4497 capitulorum,
1104 4395 1221 4483 eciam
1242 4391 1418 4468 fratribus
1440 4391 1508 4496 qui
1532 4417 1611 4466 non
1629 4387 1839 4473 adfuerant,

320 4505 322 4509 ’
425 4517 473 4594 de
488 4519 605 4595 modo
620 4522 848 4625 recepcionis
869 4523 1022 4625 speciali
1043 4549 1118 4598 non
1140 4521 1266 4598 habita
1287 4522 1506 4606 mencione3
1536 4518 1601 4625 qui
1617 4516 1842 4594 revelassent

425 4648 583 4751 graviter
600 4651 720 4753 puniti
740 4629 913 4737 luissent,
939 4650 1005 4726 scd
1028 4649 1145 4727 nescit
1164 4652 1335 4757 qualiter.
1359 4626 1553 4745 Quamdiu
1576 4647 1714 4726 habere
1732 4662 1841 4752 pote·

425 4793 508 4852 rant
521 4780 731 4856 sacerdotes
743 4780 904 4866 ordinis,
920 4806 995 4856 non
1019 4780 1209 4858 debebant
1227 4783 1310 4858 aliis
1328 4780 1513 4859 confiteri.
1533 4781 1679 4855 Fratres
1696 4774 1841 4853 ordinis
