4230 5956
353 379 422 453 iss
734 364 930 454 esoces
957 380 1051 453 oss
1076 381 1380 458 mancusas.

348 521 532 600 Cordnlas
557 521 658 598 unde
683 521 858 600 volebant
883 540 1090 629 assumptas
1117 525 1316 632 portabant
1336 557 1451 636 super
1486 530 1656 610 caenisim
1679 558 1766 611 cum

346 650 484 759 quibus
499 651 686 761 jacebant.
713 654 844 733 Credit
862 653 967 760 quod
986 653 1151 761 predicta
1175 656 1304 735 illicita
1319 656 1439 737 lacere
1458 679 1686 756 recusantes,
1707 665 1766 742 val

347 812 390 860 ea
403 802 468 863 aut
486 802 627 863 secreta
643 785 906 894 capituliorum
927 785 1149 879 revelantes,
1169 789 1340 897 graviter,
1362 791 1429 867 sed
1454 792 1572 870 nascit
1588 793 1764 900 qualiter,

347 916 468 1021 puniti
490 915 657 994 luissent.
679 915 833 1022 Absque
854 916 1010 993 licencia
1035 945 1112 992 non
1134 935 1307 1024 poterant
1327 919 1410 997 aliis
1428 950 1542 1028 quam
1563 924 1766 1005 sacerdoti-

345 1047 418 1126 bus
442 1048 585 1125 ordinis
618 1047 801 1125 confiteri.
836 1048 983 1125 Fratres
1017 1076 1112 1153 quos
1139 1048 1260 1126 credit
1295 1051 1442 1129 scivisse
1471 1051 1594 1132 dictos
1622 1082 1767 1137 errores

347 1179 579 1289 negligentes
598 1177 767 1268 bierunt,
795 1178 884 1285 quia
903 1206 980 1256 non
996 1195 1239 1256 correxerunt
1262 1207 1328 1257 eos
1348 1209 1419 1258 noc
1445 1181 1768 1267 denunciaverunt

346 1309 520 1389 Ecclesie.
553 1312 594 1387 In
623 1309 804 1387 domibus
833 1308 976 1387 ordinis
1006 1311 1047 1385 in
1071 1308 1223 1416 quibus.
1244 1311 1367 1388 extitit
1394 1332 1648 1394 commoratus
1672 1320 1766 1405 vidit

346 1441 569 1520 elemosinas
589 1458 626 1518 et
643 1440 935 1546 hospitalitatem
955 1440 1221 1518 convenienter
1239 1439 1322 1517 fieri
1343 1457 1381 1518 et
1399 1445 1553 1534 seruar'n
1582 1462 1621 1522 et
1645 1451 1764 1541 semel

345 1574 385 1649 in
406 1575 535 1651 Monte
555 1573 757 1651 Pessulano
778 1571 1001 1678 capitulum,
1023 1588 1107 1677 post
1125 1571 1290 1648 mediam
1308 1590 1477 1665 noctem,
1497 1604 1678 1656 sermone
1700 1610 1765 1686 per

346 1733 467 1784 unum
493 1705 728 1813 religiossum
756 1702 866 1792 sacto,
896 1703 991 1780 clam
1017 1718 1085 1809 per
1108 1700 1260 1780 fratrem
1293 1705 1500 1810 quemdam
1520 1707 1763 1788 Rossolinum

345 1836 480 1927 teneri,
499 1837 625 1945 januis
652 1835 801 1924 clausis,
823 1831 1197 1939 nullis-presentibus
1212 1831 1298 1919 ¹nisi
1325 1832 1503 1912 iratribus
1524 1836 1672 1919 ¹ordinis
1700 1870 1765 1918 an.

344 1968 491 2056 tedicd,
515 1968 553 2043 in
578 1995 653 2074 quo
678 1984 863 2045 servatum
893 1964 1025 2043 luisset
1044 1965 1158 2072 quod·
1172 1990 1339 2071 *magnus
1370 1966 1547 2074 Magister
1571 1997 1657 2047 cum
1677 1998 1765 2050 con-

345 2116 457 2176 ventu
484 2098 690 2175 statuisset.
724 2099 880 2177 Contra·
899 2126 1016 2203 quem
1043 2095 1219 2179 ordinem
1251 2120 1352 2175 nnnc
1386 2099 1543 2205 grandia
1573 2103 1761 2193 scandala,

344 2229 567 2334 suspiciost
592 2224 745 2306 infamia
770 2245 858 2307 sunt
879 2245 1033 2317 exorta‚·
1050 2243 1090 2305 et
1113 2243 1242 2304 contra
1263 2255 1377 2334 quem
1407 2229 1552 2315 audivit
1583 2231 1657 2309 dici
1686 2263 1763 2311 rna-

343 2389 461 2468 gnum
483 2359 701 2466 Magistrum
726 2378 764 2437 et
783 2358 876 2436 alios
900 2358 1025 2466 aliqua
1049 2357 1162 2436 inisse
1189 2356 1395 2449 coulessos;
1414 2360 1464 2438 ad
1488 2361 1595 2470 cujus
1619 2365 1762 2442 ordinis

345 2489 618 2568 deffensionem
640 2518 679 2568 se
699 2516 778 2566 non
792 2489 994 2568 obtulerat.

400 2620 615 2728 Requisitus
639 2621 671 2698 si
704 2621 758 2698 sio
785 2621 1010 2728 deposuerat
1038 2646 1168 2730 prece,
1196 2639 1395 2730 precepto,
1429 2621 1596 2711 timore‚-
1616 2652 1759 2713 amore,

365 2753 468 2842 odio,
497 2752 555 2829 vel
572 2752 771 2860 temporali
801 2754 961 2832 comodo
992 2753 1122 2831 habito
1143 2753 1201 2834 vel
1223 2755 1411 2847 habendo,
1430 2756 1629 2860 respondit
1656 2759 1761 2862 qnod

343 2912 434 2975 non,
450 2885 518 2961 sed
531 2911 600 2990 pro
619 2885 771 2963 veritate
788 2884 965 2974 dicenda;
984 2885 1045 2960 cui
1063 2883 1135 2962 fuit
1149 2884 1363 2992 injunctum
1372 2884 1478 2994 quod
1489 2913 1567 2963 non
1582 2886 1763 2965 revelaret

343 3014 440 3092 hanc
457 3036 563 3092 suam
585 3015 886 3122 deposicionem,
908 3043 1107 3125 quousque
1127 3017 1388 3098 attesteciones
1399 3016 1545 3100 tuerint
1558 3017 1759 3126 pmblicate

399 3300 525 3373 Frater
541 3297 671 3373 Petrus
687 3295 848 3377 Gotandi
866 3313 1066 3402 preceptor
1085 3295 1222 3374 domus
1246 3297 1294 3375 da
1323 3296 1360 3374 la
1379 3297 1569 3378 Gavtlaria
1602 3300 1762 3379 diocesis

341 3429 607 3514 Ruthenensis,
635 3429 813 3520 serviens,
841 3428 947 3504 testis
978 3452 1089 3535 snpra
1110 3427 1276 3535 juratus,
1303 3425 1526 3507 mantellum
1548 3447 1586 3507 et
1604 3429 1758 3508 barbam

342 3556 541 3646 defferens,
567 3559 918 3667 quinquagenarius·
938 3558 996 3636 vel
1016 3560 1130 3650 circa,
1161 3584 1247 3635 cum
1275 3584 1353 3665 quo
1379 3558 1601 3666 inquisitum
1622 3559 1756 3651 fuerat,

339 3690 533 3768 absolutus
553 3708 590 3767 et
613 3690 875 3770 reconciliatus
897 3717 966 3797 per
986 3690 1183 3769 dominum
1210 3689 1429 3795 episcopum
1458 3690 1754 3778 narbonensem,

340 3823 611 3928 protestacione
642 3823 822 3930 premissa
846 3823 954 3929 quod
982 3850 1059 3899 non
1078 3820 1241 3898 intendit
1265 3821 1442 3898 recedere
1468 3849 1489 3896 a
1517 3820 1756 3928 deposicione

340 3979 405 4057 per
424 3983 514 4031 eum
536 3954 629 4032 sacta
651 3980 775 4033 coram
797 3955 896 4032 dicto
917 3954 1072 4031 domino
1090 3953 1283 4059 episcopo,
1302 3951 1407 4030 lectis
1424 3969 1463 4029 et
1481 3951 1681 4059 diligenter
1699 3979 1760 4029 ex-

339 4084 468 4187 positis
488 4084 559 4162 sibi
584 4085 763 4164 omnibus
784 4104 821 4163 et
841 4086 998 4195 singulis
1017 4082 1423 4191 articulissrespondic
1439 4083 1662 4175 senescire,
1689 4110 1758 4160 nec

338 4213 509 4308 credero,
533 4244 603 4293 nec
620 4217 805 4295 audivisse
835 4217 907 4295 dici
935 4217 982 4293 de
1008 4215 1195 4295 contentis
1214 4214 1255 4290 in
1276 4214 1329 4291 eis
1355 4213 1427 4290 nisi
1447 4212 1555 4320 quod
1574 4214 1756 4320 sequitur.

337 4347 437 4425 Dixit
454 4376 591 4456 nempe
621 4373 659 4427 se
681 4365 719 4425 et
738 4347 891 4426 fratrem
911 4349 1173 4456 Raymundnm
1196 4328 1384 4425 Bemandi
1407 4345 1648 4435 servientem,
1672 4345 1756 4421 dio-

337 4480 429 4556 cesis
451 4475 696 4569 Lodoiensis‚
722 4479 915 4585 quondam
936 4478 1048 4557 fnisse
1073 4497 1242 4586 receptos
1262 4477 1302 4554 in
1321 4475 1462 4584 capella
1486 4475 1622 4553 domus
1640 4477 1756 4551 Tem-

336 4609 389 4712 pli
411 4608 542 4687 Sancte
572 4608 717 4687 Eulalie
744 4607 842 4684 dicte
867 4604 1043 4696 diocesis,
1077 4625 1203 4687 octava
1236 4609 1298 4685 die
1333 4624 1418 4714 post
1446 4608 1588 4684 instans
1616 4603 1755 4681 festum

336 4739 572 4818 Pentecostes
592 4754 705 4815 erunt
724 4737 870 4815 circiter
890 4763 962 4816 xxn
980 4738 1082 4826 anni,
1106 4766 1175 4843 per
1197 4736 1349 4815 fratrem
1369 4740 1522 4815 Petrum
1543 4734 1755 4844 Raymundi
1862 4828 1864 4833 Ι
