4230 5956
455 451 529 523 aaa
844 427 1038 523 rnocts
1064 444 1159 517 ons
1184 443 1480 517 renarrans.

508 591 601 667 Item
616 586 730 664 frater
744 588 972 664 Laurencius
987 586 1033 663 de
1047 587 1207 691 Trenay,
1228 575 1336 661 etatis
1352 580 1593 688 quadraginta
1610 609 1813 669 annornm,
1830 601 1871 660 ut

454 717 617 805 dicebat,
636 715 769 793 eodem
790 715 904 793 modo
925 715 1164 808 constitutus,
1176 713 1322 821 juratus
1338 728 1376 788 et
1388 711 1605 818 requisitus,
1626 711 1718 789 dixit
1728 740 1797 819 per
1807 712 1871 818 ju-

452 862 665 924 ramentum
684 874 795 922 suum
811 845 914 950 quod
933 843 1004 920 fuit
1022 859 1194 949 receptus
1212 842 1252 918 in
1267 842 1380 920 domo
1398 842 1536 921 Cursus
1553 840 1718 920 Gibouin
1732 843 1868 948 Lingo-

453 977 580 1054 nensis
590 975 763 1066 diocesis,
775 975 929 1051 sexenni
942 989 1027 1050 sunt
1040 972 1169 1078 elapsi,
1180 970 1407 1077 perfratrem
1421 971 1651 1076 Stephanum
1660 970 1866 1077 d’Espeilly‚

452 1103 688 1210 presentibus
714 1102 824 1181 fratre
844 1103 1054 1182 Laurencio
1077 1101 1127 1178 de
1154 1100 1286 1192 belna,
1313 1100 1424 1178 fratre
1444 1101 1658 1181 Christiano
1680 1101 1870 1207 quondam

452 1234 711 1312 barbitonsore
728 1234 923 1311 visitatoris
939 1232 1109 1320 Francis,
1131 1248 1170 1308 et
1183 1230 1410 1336 quibusdam
1424 1230 1505 1315 aliis
1521 1231 1570 1310 de
1579 1259 1744 1338 quorum
1756 1231 1872 1307 nomi-

454 1362 566 1442 nibus
585 1391 662 1440 non
681 1362 908 1441 recordatur.
928 1363 1030 1441 Dixit
1044 1361 1161 1439 eciam
1179 1360 1509 1466 perjuramentum
1527 1389 1639 1439 snum
1655 1359 1777 1467 quod,
1789 1378 1871 1464 post

453 1491 590 1579 multas
607 1493 870 1597 promissiones
890 1492 937 1568 de
952 1491 1192 1569 observandis
1211 1489 1374 1578 statutis,
1394 1490 1554 1569 decretis
1574 1507 1612 1567 et
1623 1489 1871 1568 observanciis

455 1620 544 1698 dicti
568 1622 711 1698 ordinis
729 1622 776 1698 ab
796 1649 841 1699 eo
861 1620 988 1708 factas,
1013 1621 1135 1697 dictus
1157 1619 1343 1724 recipiens
1370 1620 1551 1724 aportavit
1570 1619 1641 1698 sibi
1667 1619 1868 1725 quamdam

453 1777 604 1826 crucem
613 1778 761 1855 parvam
770 1750 926 1827 viridem
937 1750 985 1825 de
995 1749 1115 1855 ligno,
1126 1773 1199 1823 nec
1209 1746 1360 1825 videtur
1369 1746 1440 1825 sibi
1450 1747 1616 1854 quodibi
1629 1764 1725 1825 esset
1735 1775 1868 1854 ymago

454 1877 634 1968 crucifixi3
660 1895 699 1956 ct
721 1879 889 1983 precepit
911 1877 982 1954 sibi
1002 1875 1107 1981 quod
1128 1891 1281 1981 spueret
1298 1902 1410 1979 supra
1433 1903 1582 1953 crucem
1604 1893 1674 1963 ter,
1696 1876 1785 1979 quia
1809 1876 1868 1952 hic

455 2024 534 2084 erat
548 2007 686 2085 modus
702 2023 739 2084 et
754 2035 845 2085 usus
863 2005 1008 2083 ordinis
1026 2003 1192 2110 Templi;
1210 2004 1340 2109 etipse
1358 2004 1425 2109 qui
1442 2003 1612 2109 loquitur
1623 2020 1716 2083 tunc
1728 2004 1869 2109 lingens

454 2155 513 2215 ter
525 2164 660 2242 spuere
670 2163 784 2241 supra
794 2163 961 2224 crucem,
978 2133 1078 2240 spuit
1095 2134 1143 2211 ad
1161 2150 1312 2211 terram.

468 2352 474 2360 ¹
510 2268 759 2371 lnterrogatus
779 2267 826 2342 de
851 2263 996 2353 osculo,
1023 2262 1116 2339 dixit
1132 2289 1200 2368 per
1213 2262 1474 2368 juramentum·
1496 2291 1607 2341 suum
1628 2264 1732 2366 quod
1751 2263 1869 2340 dictus

453 2393 637 2499 recipiens
653 2392 740 2470 lecit
753 2421 792 2470 se
813 2391 970 2470 osculari
984 2392 1030 2469 ab
1051 2417 1096 2469 eo
1111 2391 1152 2467 in
1168 2391 1367 2482 umbilico,
1387 2391 1586 2471 sublevatis
1603 2392 1766 2470 vestibus
1778 2394 1866 2469 suis.

452 2522 554 2602 Dixit
578 2521 694 2598 eciam
712 2551 780 2628 per
797 2523 1051 2629 juramentum
1070 2549 1182 2599 suum
1199 2520 1399 2628 requisitus
1419 2522 1526 2629 quod
1544 2522 1668 2601 dictus
1686 2522 1868 2627 recipiens

455 2650 547 2730 dixit
558 2651 631 2729 sibi
650 2652 753 2757 quod
771 2632 803 2728 si
822 2650 924 2729 calor
939 2649 1118 2730 naturalis
1130 2669 1296 2730 moveret
1309 2680 1415 2740 enm,
1430 2651 1535 2756 quod
1550 2668 1696 2757 poterat
1715 2677 1754 2728 se
1766 2678 1869 2728 com-

453 2783 608 2860 miscere
630 2781 824 2859 carnaliter
843 2810 929 2859 eum
947 2781 1121 2860 fratribus
1141 2780 1228 2860 dicti
1243 2781 1397 2859 ordinis.

509 2914 759 3019 Interrogatus
778 2927 904 2989 utrum
922 2913 975 3000 vi,
1001 2929 1064 2990 aut
1086 2929 1191 2989 metu
1215 2927 1490 2989 tormentorum
1514 2911 1573 2989 vel
1599 2911 1772 2998 carceris,
1805 2939 1871 2988 seu

457 3040 579 3146 aliqua
600 3041 736 3118 alinde
755 3069 878 3129 causa,
899 3041 1061 3148 aliquam
1078 3040 1276 3120 falsitatem
1294 3042 1540 3119 immiscuerit
1561 3041 1603 3119 in
1629 3039 1868 3145 deposicione

456 3176 540 3256 s'ua,
561 3186 625 3245 aut
641 3170 832 3246 veritatem
850 3170 1021 3259 tacuerit,
1044 3170 1136 3247 dixit
1159 3198 1228 3275 per
1242 3170 1497 3287 juramentum
1513 3199 1623 3249 suum
1643 3169 1746 3276 quod
1770 3196 1867 3256 non3

455 3297 571 3373 immo
590 3324 721 3401 puram
746 3296 886 3373 dixerat
905 3299 1107 3376 veritatem.

510 3559 601 3633 ltem
621 3555 735 3635 frater
755 3557 942 3635 lohannes
965 3559 1012 3636 de
1034 3560 1206 3638 Poissons
1227 3560 1439 3667 borgenne,
1462 3561 1567 3639 etatis
1586 3588 1669 3637 xxix
1688 3587 1868 3636 annorum

455 3686 512 3763 vel
526 3688 637 3775 circa,
659 3704 702 3763 ut
720 3688 880 3777 dicebat,
906 3690 1040 3766 eodem
1060 3690 1175 3769 modo
1191 3691 1427 3779 constitutus,
1444 3693 1591 3797 juratus
1611 3707 1650 3767 et
1666 3691 1868 3792 interroga·

453 3834 532 3907 tus,
562 3816 654 3894 dixit
681 3843 749 3922 per
767 3820 1022 3924 juramentum
1053 3849 1164 3898 suum
1190 3820 1295 3926 quod
1322 3820 1395 3898 luit
1418 3836 1590 3925 receptus
1614 3821 1652 3896 in
1679 3821 1792 3897 domo
1819 3818 1868 3892 de

454 3946 611 4023 Buxiere
635 3948 881 4053 Lingonensis
912 3949 1084 4039 diocesis,
1110 3979 1177 4056 per
1202 3951 1352 4028 fratrem
1381 3949 1601 4028 Ymbertum
1630 3948 1677 4026 de
1696 3947 1870 4028 Vianesio

455 4093 709 4179 preceptorem
730 4078 889 4156 baillivis
909 4078 1139 4169 d'Aveleure,
1161 4080 1396 4185 presentibus
1416 4079 1594 4157 fratribus
1613 4078 1801 4184 Stephano
1823 4078 1869 4152 de

455 4201 642 4293 Vianesio,
668 4205 869 4285 Guillelmo
892 4207 939 4284 de
961 4209 1056 4288 Gres
1075 4226 1113 4287 et
1135 4208 1338 4288 Guillelmo
1359 4208 1406 4286 de
1425 4210 1559 4296 Bures,
1582 4225 1619 4284 ct
1644 4206 1869 4313 quibusdam

455 4332 535 4410 aliis
554 4333 601 4410 de
621 4363 784 4440 quorum
801 4338 1017 4418 nominibus
1035 4368 1112 4417 non
1131 4340 1273 4418 recolit.

510 4464 611 4542 Dixit
621 4466 738 4542 eciam
750 4496 818 4572 per
826 4468 1082 4574 juramentum
1098 4498 1207 4547 suum
1221 4470 1344 4576 quod,
1360 4488 1445 4575 post
1456 4469 1590 4546 multas
1602 4468 1869 4574 promissiones

456 4592 502 4669 ab
514 4620 559 4670 eo
569 4592 681 4672 factas
692 4595 739 4672 de
753 4597 899 4673 statutis
913 4614 952 4672 et
965 4597 1211 4677 observanciis
1225 4599 1314 4678 dicti
1328 4600 1470 4679 ordinis
1481 4598 1733 4685 observandis,
1748 4596 1870 4673 dictus

457 4720 639 4825 recipiens
659 4726 825 4803 ostendit
843 4725 912 4803 sibi
933 4727 1132 4831 quamdam
1152 4757 1299 4808 crucem
1314 4730 1583 4835 discoopertam
1598 4726 1784 4806 coloribus
1803 4753 1868 4831 pre
