4230 5956
437 452 513 529 sar
830 432 1030 527 rsocr'cs
1057 452 1153 523 uus
1179 423 1480 522 rsurunn's.

438 596 545 699 citur,
567 622 587 671 a
609 591 715 671 dictis
738 592 928 681 fratribus,
948 592 1040 668 dixit
1057 589 1161 698 quod
1176 616 1270 682 non,
1292 588 1378 695 quia
1403 616 1592 695 uunquam
1613 587 1684 666 fuit
1702 589 1740 666 in
1760 590 1860 695 capi-

437 723 529 805 tulis
549 752 680 803 eorum
699 722 945 829 generalibus.

497 986 592 1062 ltem
613 1012 728 1072 anno,
750 983 972 1067 indictione,
994 980 1227 1090 pontificatu,
1248 1009 1363 1070 anno,
1384 1008 1513 1057 meuse
1534 997 1572 1056 et
1588 979 1650 1056 die
1667 979 1857 1087 predictis,

441 1115 480 1190 in
488 1114 622 1220 :ipsius
645 1113 892 1219 inquisitoris,
919 1131 1088 1191 nostrum
1113 1113 1344 1190 notariorum
1366 1111 1602 1218 publicorum
1622 1125 1661 1186 et
1679 1108 1860 1187 infrascri-

441 1261 591 1350 ptorum
611 1244 762 1320 testium
782 1243 973 1350 presencia
997 1244 1220 1322 constitutus
1243 1242 1355 1320 frater
1377 1243 1549 1320 Matheus
1575 1241 1622 1318 de
1647 1241 1765 1318 Bosco
1788 1240 1861 1317 Au-

444 1374 586 1451 demari
615 1373 847 1451 Belvacensis
868 1373 1041 1462 diocesis,
1070 1373 1244 1479 magister
1262 1372 1398 1450 domus
1421 1372 1469 1448 de
1495 1370 1699 1459 Clichiaco,
1726 1371 1861 1447 eodem

443 1503 561 1582 modo
576 1504 737 1612 juratus,
758 1521 795 1579 et
808 1503 1055 1610 interrogatus
1071 1502 1130 1579 >de
1153 1520 1324 1608 tempore
1345 1518 1382 1577 et
1399 1500 1512 1577 modo
1528 1499 1756 1606 recepcionis
1775 1528 1858 1589 sue,

445 1632 538 1711 dixit
563 1660 632 1739 per
648 1633 905 1739 juramentum
930 1659 1041 1710 suum
1066 1631 1170 1739 quod
1195 1647 1366 1736 receptus
1384 1629 1456 1706 fuit
1483 1629 1582 1735 apud
1609 1629 1861 1735 Latigniacum

445 1764 594 1843 Siccum
623 1762 822 1841 Meldensis
842 1762 1017 1853 diocesis,
1048 1791 1116 1869 per
1140 1761 1291 1838 fratrem
1309 1760 1518 1838 iohannem
1543 1759 1591 1836 de
1618 1761 1748 1837 Turno
1772 1777 1862 1836 tunc

443 1868 714 1973 tbesaurarium
734 1893 884 1998 Templi
903 1893 1080 1982 Parisius,
1099 1891 1335 1997 presentibus
1349 1889 1460 1967 fratre
1478 1888 1647 1966 lohanne
1667 1887 1714 1964 de
1735 1891 1862 1966 Besen-

445 2026 558 2104 curia.
570 2042 608 2103 ct
626 2023 738 2101 fratre
758 2023 909 2101 Nicolao
928 2022 1138 2131 Flamiugo,
1162 2021 1337 2099 fratribus
1356 2019 1498 2097 ordinis
1516 2016 1691 2124 predicti,
1718 2037 1755 2094 et
1782 2019 1865 2124 qui-

444 2154 604 2233 busdam
625 2155 705 2230 aliis
723 2154 769 2231 de
785 2183 946 2261 quorum
967 2153 1183 2232 nominibus
1198 2180 1276 2232 uon
1290 2150 1432 2229 recolit.
1527 2254 1529 2258 .

501 2287 749 2389 iuterrogatus
767 2285 963 2390 quomodo
980 2285 1053 2361 luit
1075 2301 1263 2388 receptus,
1284 2281 1376 2359 dixit
1395 2311 1462 2389 per
1477 2281 1733 2389 juramentum
1755 2311 1864 2359 suum

445 2412 550 2520 quod
570 2412 745 2516 expositis
769 2412 893 2488 eidem
913 2413 1039 2489 multis
1057 2413 1241 2518 preceptis
1271 2429 1307 2488 et
1327 2412 1577 2496 observanciis,
1597 2411 1686 2490 dicti
1706 2413 1861 2502 ordinis,

448 2558 485 2619 et
505 2542 651 2620 statutis
671 2559 709 2618 et
727 2542 894 2629 secretis,
921 2571 995 2646 que
1015 2542 1211 2619 observare
1230 2542 1401 2649 promisit
1426 2561 1464 2619 et
1487 2558 1633 2634 tenere,
1658 2562 1865 2650 posuerunt

446 2672 496 2752 ad
512 2671 650 2751 collum
671 2699 781 2749 suum
799 2671 1017 2749 mantellum
1036 2671 1196 2771 ordinis,
1218 2689 1255 2749 et
1272 2689 1364 2750 tuuc
1382 2671 1564 2780 recipiens
1585 2673 1691 2751 duxit
1712 2702 1800 2752 eum
1820 2675 1866 2752 ad

340 2833 344 2845 ¹
446 2821 605 2912 partem,
623 2821 679 2892 et,
700 2821 843 2880 ostensa
862 2800 934 2880 sibi
950 2801 1110 2909 quedam
1127 2832 1234 2879 cruce
1253 2803 1293 2879 in
1309 2832 1382 2910 qua
1403 2819 1480 2880 erat
1499 2803 1644 2910 depicta
1653 2833 1786 2912 ymago
1796 2807 1867 2883 Do-

446 2935 540 3012 mini
557 2935 675 3012 nostri
694 2934 810 3011 lhesu
830 2933 966 3011 Christi
990 2934 1171 3024 crucifixi,
1190 2933 1351 3040 quesivit
1364 2933 1410 3011 ab
1429 2962 1474 3012 eo
1488 2952 1615 3012 utrum
1634 2934 1803 3012 crederet
1819 2965 1866 3013 an

447 3063 512 3140 ille
524 3064 639 3171 cujus
662 3092 794 3171 ymago
810 3082 904 3142 erat
923 3065 977 3141 ibi
1003 3064 1146 3171 depicta
1168 3081 1264 3143 esset
1285 3066 1403 3154 Deus,
1438 3082 1475 3141 et
1502 3067 1581 3171 ipse
1605 3064 1670 3171 qui
1701 3062 1866 3171 loquitur

447 3192 642 3299 respondit
654 3194 758 3298 quod
777 3195 875 3270 bene
896 3194 1070 3272 credebat
1083 3195 1189 3301 quod
1202 3195 1267 3273 sic.
1280 3196 1327 3272 Et
1341 3213 1429 3273 tunc
1444 3195 1535 3273 dixit
1552 3194 1672 3273 dictus
1684 3195 1866 3299 recipiens

448 3321 553 3428 quod
570 3323 766 3428 oportebat
785 3323 888 3430 quod
909 3353 994 3402 eum
1015 3325 1229 3432 abnegarem
1250 3325 1386 3430 etipse
1405 3326 1598 3432 respoudit
1615 3325 1720 3432 quod
1738 3325 1865 3432 aliquo

449 3452 563 3530 modo
581 3481 658 3530 nou
678 3451 824 3530 faceret.
846 3455 894 3531 Et
912 3472 1000 3530 tunc
1025 3455 1146 3530 dictus
1166 3455 1348 3561 recipiens
1379 3456 1504 3563 posuit
1530 3485 1617 3533 eum
1642 3455 1680 3531 in
1702 3456 1866 3561 quodam

449 3609 612 3672 carcere,
631 3583 670 3659 in
690 3610 766 3689 quo
786 3584 887 3660 stetit
905 3611 1026 3690 usque
1046 3586 1094 3661 ad
1112 3613 1292 3691 vesperas.
1315 3589 1362 3663 Et
1383 3614 1468 3663 cum
1486 3585 1757 3691 vidisset-quod
1773 3606 1868 3663 esset

447 3713 487 3790 in
505 3713 672 3819 periculo
691 3715 839 3803 mortis,
856 3713 986 3820 petivit
1003 3715 1107 3822 quod
1127 3716 1255 3805 exiret,
1271 3734 1308 3793 et
1321 3715 1694 3795 laceretvoluntntcm
1713 3715 1804 3821 ejus.
1820 3718 1867 3792 Et

447 3861 552 3936 tunc,
575 3843 754 3922 liberatus
775 3844 822 3920 de
839 3874 999 3934 carcere,
1023 3846 1217 3956 abnegavit
1230 3848 1455 3925 terJlxesum
1475 3847 1681 3938 Christum3
1703 3845 1770 3923 sed
1788 3873 1865 3922 non

448 3974 580 4053 recolit
597 3976 702 4081 qnod
725 3977 867 4081 spuerit
892 4005 1003 4083 supra
1027 4005 1175 4055 crucem
1198 4010 1206 4054 :
1230 3995 1267 4055 et
1285 3994 1438 4085 propter
1459 3978 1531 4055 hoc
1551 4004 1627 4054 oon
1653 3975 1804 4068 recolit,
1826 3994 1868 4054 ut

449 4102 557 4193 dixit,
575 4107 679 4210 quod
698 4124 776 4182 erat
796 4107 844 4182 ita
865 4107 1034 4213 turbatus
1055 4127 1091 4185 et
1108 4109 1261 4185 territus
1279 4127 1431 4215 propter
1446 4107 1545 4185 illam
1560 4108 1864 4215 abnegacionem,

448 4233 553 4340 quod
570 4234 628 4310 vix
649 4235 787 4312 sciebat
805 4237 899 4344 quid
920 4237 1086 4316 faciebat.
1117 4236 1218 4316 Dixit
1238 4258 1366 4317 tamen
1388 4238 1489 4315 idem
1512 4238 1576 4345 qui
1601 4237 1779 4346 loquitur,
1801 4266 1868 4344 per

443 4364 698 4470 jurameutum
714 4396 839 4456 suum,
858 4370 979 4474 quod,
999 4370 1045 4447 de
1060 4386 1235 4477 precepto
1249 4369 1337 4449 dicti
1352 4370 1580 4476 recipientis,
1598 4370 1782 4447 osculatus
1798 4368 1869 4445 fuit

334 4495 336 4498 ’
448 4496 584 4573 eumin
595 4498 773 4575 umbilico
787 4515 825 4575 et
839 4499 965 4574 inore.
977 4500 1183 4594 Quolacto‚
1203 4500 1295 4577 dixit
1309 4501 1571 4610 sibirecipiens
1578 4501 1682 4608 quod
1692 4501 1722 4577 si
1733 4500 1868 4606 aliquis

448 4623 548 4703 calor
561 4628 736 4705 naturalis
755 4646 924 4731 moveret
944 4658 1031 4705 eum
1047 4631 1094 4706 ad
1105 4630 1303 4708 libidinem
1320 4632 1578 4723 exercendam,
1592 4630 1866 4709 faceretsecum

442 4753 565 4859 jacere
585 4785 704 4835 uuum
725 4759 773 4859 de
788 4759 963 4838 fratribus
981 4760 1059 4838 suis
1076 4778 1113 4838 et
1129 4761 1286 4840 haberet
1300 4790 1381 4839 rem
1398 4791 1482 4841 cum
1497 4789 1560 4852 eo,
1584 4778 1625 4840 et·
1636 4761 1868 4867 permitteret
