4230 5956
705 443 900 533 raucas
926 459 1021 532 uus
1050 460 1348 533 ruurxxaas.
1661 461 1734 537 ars

376 603 627 706 Interrogatus
642 614 771 677 utrum
784 601 837 690 xi,
853 599 911 676 vel
926 618 1029 677 metu
1045 602 1199 677 carceris
1210 617 1577 691 seutormeutorum,
1593 602 1735 678 autalia

319 731 365 804 de
391 757 513 816 causa,
539 726 701 834 aliquam
714 728 849 806 dixerit
871 728 1068 807 falsitatem
1088 746 1152 805 aut
1171 730 1416 806 immiscuerit
1434 730 1473 804 in
1498 727 1735 833 deposicione

317 888 402 946 sua,
427 859 519 935 dixit
536 887 603 963 per
612 860 870 966 juramentum
889 889 1001 936 suum
1016 860 1118 966 quod
1134 887 1231 950 non;
1252 860 1369 936 immo
1384 887 1515 964 puram
1537 876 1573 934 et
1594 887 1734 935 meram

317 990 457 1066 dixerat
480 990 683 1066 veritatem.

372 1254 465 1327 ltem
485 1252 597 1327 frater
612 1249 737 1328 Guido
757 1251 805 1327 de
817 1253 846 1326 F
848 1252 995 1328 erreriis
1018 1252 1199 1357 presbiter
1213 1251 1302 1327 dicti
1323 1252 1481 1338 ordinis,
1505 1252 1610 1327 etatis
1623 1252 1736 1356 quiu-

318 1383 491 1487 quaginta
518 1408 722 1469 annorum,
753 1408 903 1459 morans
931 1382 1030 1487 apud
1054 1382 1280 1487 Ragnicourt
1308 1383 1465 1459 diocesis
1487 1381 1733 1469 Belvacensis‚

311 1511 459 1615 juratus
485 1510 621 1587 eodem
641 1510 757 1587 modo
775 1512 822 1587 de
840 1541 879 1587 se
897 1528 936 1587 et
950 1511 1032 1588 aliis
1048 1513 1085 1587 in
1104 1540 1212 1588 causa
1227 1511 1318 1588 fidei
1336 1512 1460 1588 dicere
1476 1512 1682 1597 veritatem,
1699 1530 1736 1587 et

315 1639 562 1745 interrogatus
582 1639 629 1714 de
644 1656 812 1744 tempore
828 1658 865 1716 et
875 1642 991 1718 modo
1007 1670 1072 1717 sue
1092 1641 1337 1745 receptionis,
1360 1641 1453 1716 dixit
1470 1669 1539 1745 per
1549 1641 1736 1745 juramen-

316 1787 393 1845 tum
418 1798 528 1846 suum
548 1769 652 1874 quod
671 1788 842 1874 receptus
864 1771 935 1847 suit
953 1771 1054 1877 apud
1073 1771 1313 1877 Laigneville,
1336 1771 1374 1846 in
1392 1769 1529 1875 capella
1546 1770 1644 1846 dicte
1665 1770 1736 1849 do-

317 1927 416 1986 mus,
438 1926 486 1974 xu
513 1899 601 1973 anui
630 1917 716 1973 sunt
744 1899 877 2002 elapsi,
904 1928 973 2004 per
993 1898 1145 1975 fratrem
1177 1900 1367 1976 Nicolaum
1399 1916 1656 2003 preceptorem
1687 1901 1735 1975 de

316 2028 527 2132 Latigniaco
546 2028 669 2116 SiccO,
690 2027 925 2131 presentibus
947 2028 1123 2104 iratribus
1142 2028 1346 2134 Reginaldo
1363 2046 1400 2104 et
1421 2027 1589 2104 lohanne
1614 2029 1735 2134 capel-

317 2156 411 2232 lanis
425 2156 523 2231 dicte
537 2156 684 2232 domus.
696 2156 798 2232 Dixit
809 2157 926 2232 eciam
941 2184 1008 2260 per
1020 2156 1275 2262 juramentum
1286 2185 1396 2233 suum
1408 2157 1528 2262 quod,
1542 2176 1627 2263 post
1638 2161 1736 2235 mul-

315 2304 371 2362 tas
390 2286 656 2391 promissiones
670 2285 717 2361 ab
738 2312 783 2361 eo
802 2283 913 2362 factas
933 2285 979 2362 de
1000 2286 1239 2363 observandis
1259 2287 1406 2362 statutis
1424 2305 1461 2361 et
1477 2288 1628 2365 secretis
1644 2289 1733 2365 dicti

317 2417 478 2505 ordinis,
500 2416 621 2492 dictus
640 2416 823 2520 recipiens
843 2416 951 2492 traxit
972 2416 1126 2492 eumad
1148 2433 1313 2521 patrem,
1335 2417 1417 2493 aliis
1436 2418 1732 2509 remanentibus,

317 2565 353 2622 et
372 2547 534 2625 ostendit
552 2546 624 2624 sibi
645 2546 845 2652 quamdam
865 2573 1013 2623 crucem
1028 2546 1191 2652 ligneam
1206 2547 1407 2651 depictam,
1420 2562 1462 2623 et
1476 2549 1643 2653 precepit
1661 2549 1733 2626 sibi

316 2678 421 2784 quod
437 2679 636 2783 abnegaret
660 2677 768 2754 illum
798 2677 863 2783 qui
882 2704 1011 2782 passus
1032 2675 1154 2753 fuerat
1178 2678 1217 2752 in
1242 2706 1370 2763 cruce,
1393 2694 1429 2752 et
1449 2696 1600 2782 spueret
1624 2707 1733 2783 supra

316 2835 481 2897 crucem,
504 2809 638 2911 etipse
658 2825 747 2883 tunc
767 2807 902 2882 invitus
921 2807 1066 2912 negavit
1089 2823 1148 2884 ter
1167 2823 1205 2884 et
1220 2806 1322 2910 spuit
1339 2822 1410 2895 ter,
1432 2834 1542 2910 supra
1565 2837 1731 2898 crucem,

316 2965 380 3014 ore
401 2956 437 3014 et
451 2965 527 3014 uon
547 2938 671 3014 corde.
693 2937 794 3012 Dixit
813 2938 929 3012 eciam
949 2965 1017 3041 per
1030 2937 1285 3042 juramentum
1301 2964 1411 3015 suum
1427 2936 1531 3041 quod
1546 2937 1733 3017 osculatus

315 3067 387 3145 fuit
407 3069 548 3144 dictum
568 3067 810 3173 recipientem
827 3069 865 3142 in
880 3095 945 3144 ore
963 3067 1051 3142 etin
1066 3064 1264 3155 umbilico,
1285 3082 1321 3141 et
1340 3067 1505 3171 precepit
1524 3067 1597 3143 sibi
1612 3067 1734 3146 dictus

315 3199 498 3302 recipiens
518 3198 623 3303 quod
643 3198 873 3277 oscularetur
893 3225 979 3273 euru
1006 3196 1043 3271 iu
1064 3195 1138 3272 fine
1159 3196 1267 3300 spine
1288 3197 1410 3285 dorsi;
1432 3196 1499 3272 sed
1522 3224 1598 3274 non
1619 3198 1734 3275 voluit

314 3329 437 3433 ipsum
458 3328 509 3405 ibi
535 3328 704 3406 osculari.
725 3328 826 3405 Dixit
843 3329 958 3404 eciam
978 3356 1046 3433 per
1060 3326 1313 3432 juramentum
1341 3355 1451 3404 suum
1481 3328 1585 3433 quod
1613 3329 1734 3406 dictus

314 3459 494 3564 recipiens
514 3460 605 3535 dixit
628 3458 699 3536 sibi
719 3459 821 3564 quod
845 3458 875 3535 si
901 3457 1001 3534 calor
1020 3457 1195 3535 naturalis
1212 3475 1379 3535 moveret
1403 3487 1507 3548 eum,
1528 3475 1672 3562 poterat
1694 3490 1733 3537 se

315 3590 555 3666 commiscere
571 3618 656 3665 cum
669 3588 844 3665 fratribus
857 3589 1011 3665 ordinis.
1028 3588 1128 3664 Dixit
1139 3604 1264 3663 tamen
1278 3616 1346 3690 per
1350 3588 1605 3692 jurameutum
1620 3616 1733 3664 suum

315 3718 419 3822 quod
436 3745 626 3823 nunquam
645 3715 746 3804 lecit,
770 3744 841 3791 nec
859 3716 932 3791 luit
947 3716 1160 3819 requisitus.
1180 3717 1430 3822 Interrogatus
1454 3733 1582 3791 utrum
1600 3715 1734 3791 viderit

314 3845 458 3950 aliquos
477 3846 606 3922 fratres
623 3844 754 3950 recipi,
776 3845 868 3921 dixit
882 3872 949 3951 per
964 3845 1220 3950 juramentum
1241 3873 1353 3921 suum
1381 3845 1486 3949 quod
1508 3845 1561 3920 sic
1580 3845 1731 3922 fratrem
1846 3838 1852 3849 ’

315 3976 501 4052 Thomam
529 3976 575 4052 de
599 3976 873 4064 Rocbancourt,
896 4003 964 4080 per
992 3973 1143 4051 fratrem
1173 3973 1383 4052 Gerardum
1406 3973 1583 4051 vicarium
1607 4002 1735 4081 prece-

314 4105 432 4209 ptoris
446 4105 581 4182 domus
596 4106 644 4181 de
659 4105 851 4193 Fontanis‚
872 4106 910 4182 in
926 4106 1023 4182 dicta
1045 4106 1176 4192 domo,
1195 4124 1232 4182 et
1246 4103 1399 4182 fratrem
1417 4104 1625 4181 Jobaunem
1638 4107 1734 4183 Dor·

315 4234 436 4323 viller,
455 4263 521 4340 per
536 4235 773 4325 eundem‚ut
791 4236 924 4323 credit,
948 4236 1037 4312 etin
1058 4235 1189 4311 eadem
1206 4237 1337 4322 domo,
1355 4252 1392 4310 et
1409 4233 1561 4312 fratrem
1580 4237 1731 4312 Petrum

317 4366 364 4442 de
385 4365 576 4453 Fontanis,
598 4393 665 4470 per
694 4365 844 4442 fratrem
867 4365 1075 4442 lohannem
1096 4365 1143 4441 de
1168 4367 1314 4452 Turum
1340 4382 1377 4441 et
1403 4366 1495 4442 dixit
1516 4366 1619 4471 quod
1638 4366 1733 4441 reci·

315 4495 459 4599 pientes
484 4494 671 4571 duxerunt
690 4494 789 4597 ipsos
804 4510 973 4599 receptos
995 4493 1042 4569 ad
1065 4511 1224 4600 partem,
1245 4513 1282 4571 et
1307 4495 1425 4571 credit
1451 4494 1554 4600 quod
1580 4494 1733 4572 luerunt

317 4624 451 4701 eodem
471 4625 588 4701 modo
608 4625 759 4729 recepti.

371 4756 621 4862 Interrogatus
636 4772 764 4831 utrum
776 4754 828 4843 vi,
839 4753 898 4831 vel
913 4772 1018 4833 metu
1030 4757 1186 4835 carceris
1197 4783 1264 4834 seu
1275 4773 1563 4845 tormentorum,
1580 4773 1644 4833 aut
1662 4755 1733 4833 alia
