4230 5956
629 445 825 534 eaocns
850 461 944 532 ons
975 460 1272 532 rnuexrnns.
1590 467 1660 538 ln

245 627 302 684 ter
318 620 532 710 reputarent
546 620 583 679 et
598 602 794 679 crederent
807 601 938 676 fratres
953 601 1107 706 predicti
1122 601 1245 676 Deum
1260 600 1450 679 offendere
1465 623 1502 681 et
1512 636 1664 713 peccaro

245 756 281 814 et
301 754 428 813 contra
454 750 587 811 statuta
613 733 702 809 dicti
729 731 871 808 ordinis
896 730 1032 816 facere,
1052 750 1090 808 et
1114 731 1215 834 quod
1243 731 1290 806 de
1313 749 1451 810 temere
1476 740 1563 813 actis
1585 767 1605 814 a
1624 768 1664 815 se

245 896 359 971 penas
369 866 537 950 luerent,
561 880 599 939 et
618 891 637 937 a
660 863 738 938 suis
757 860 1013 966 superioribus
1032 860 1244 967 gravissime
1264 863 1496 965 punirentur.
1511 868 1665 973 Reliqua

246 1015 369 1074 autem
387 997 425 1071 in
443 994 550 1070 dictis
570 992 732 1069 articulis
753 1009 927 1069 contenta
947 1010 984 1069 et
1006 993 1147 1098 singula
1170 993 1330 1098 negavit,
1354 1010 1391 1068 et
1411 1022 1486 1071 non
1507 997 1666 1074 credidit

247 1156 328 1205 csse
346 1155 442 1203 vera.

302 1258 359 1334 Ad
373 1258 484 1333 lxxxu
496 1256 692 1331 articulum
709 1253 909 1359 diligenter
920 1253 1182 1359 interrogatus,
1202 1254 1431 1358 respondens
1446 1258 1592 1362 negavit
1611 1258 1667 1363 ip-

246 1417 328 1464 sum
339 1385 535 1463 articulum
550 1403 587 1460 et
599 1402 770 1462 contenta
785 1383 825 1458 in
836 1411 898 1471 eo,
917 1382 1081 1459 adiciens
1095 1411 1134 1459 se
1149 1410 1226 1458 non
1245 1384 1397 1459 credere
1412 1384 1516 1490 quod
1535 1386 1589 1462 llli
1602 1390 1667 1490 qui

246 1517 408 1622 predicta
423 1516 462 1590 in
480 1514 637 1591 articulo
657 1531 830 1590 contenta
845 1524 1014 1590 asserunt
1025 1512 1139 1589 fuisse
1153 1513 1307 1590 confessi
1317 1542 1394 1590 non
1405 1533 1491 1592 sunt
1504 1544 1575 1593 nec
1588 1517 1668 1594 fue-

244 1663 335 1721 runt
348 1645 479 1721 fratres
495 1643 584 1720 dicti
593 1644 754 1732 ordinis,
776 1643 844 1719 sed
858 1642 993 1718 falsarii
1011 1661 1048 1726 et
1062 1643 1147 1719 ficte
1164 1661 1199 1720 et
1210 1643 1380 1721 simulate
1396 1645 1668 1723 adinventionis

246 1802 414 1851 errorum
435 1773 704 1877 predictorum,
730 1788 769 1848 et
783 1772 930 1849 mentiti
956 1789 1042 1848 sunt
1062 1801 1131 1876 per
1150 1800 1192 1848 os
1212 1773 1406 1876 proprium
1431 1772 1521 1850 falso
1538 1775 1666 1853 modo.

302 1905 359 1980 Ad
378 1903 518 1990 laxam,
540 1902 675 1979 lxxxuu
692 1919 730 1978 et
743 1901 849 1980 lxxxv
862 1899 1038 1977 articulos
1053 1901 1248 1989 inclusive,
1266 1901 1464 2010 diligenter
1479 1920 1517 1979 et
1531 1904 1668 2010 sigilla·

245 2036 314 2109 tim
335 2033 597 2137 interrogatus,
616 2030 850 2135 respondens
870 2030 963 2106 dixit
982 2032 1102 2136 quod,
1124 2031 1153 2106 si
1175 2030 1303 2107 fratres
1324 2033 1371 2108 de
1391 2032 1530 2138 quihus
1549 2037 1669 2141 agitur

246 2167 287 2240 iu
301 2162 466 2241 articulis
480 2161 638 2240 confessi
657 2160 794 2237 fuerint
813 2177 984 2238 contenta
1003 2161 1043 2237 in
1064 2161 1134 2248 eis,
1156 2160 1244 2239 falsa
1264 2162 1421 2239 confessi
1437 2182 1523 2241 sunt
1538 2182 1576 2241 et
1595 2166 1670 2241 dis-

248 2293 432 2399 crepantia
445 2293 594 2397 pcnitus
608 2291 807 2379 averitate,
823 2307 862 2368 et
876 2320 944 2397 per
956 2291 1064 2399 gulas
1078 2319 1164 2366 suas
1173 2292 1320 2368 mentiti
1334 2310 1422 2373 sunt
1436 2292 1527 2372 falso
1540 2295 1667 2385 moda,

247 2424 462 2501 excellentia
487 2441 613 2500 tamen
639 2451 787 2528 semper
814 2420 909 2498 salva
930 2422 1073 2500 domini
1101 2423 1217 2498 nostri
1240 2424 1377 2500 summi
1404 2424 1607 2528 pontificis,
1634 2443 1670 2502 et

246 2553 513 2632 venerabilium
535 2553 773 2631 dominorum
798 2551 1041 2629 cardinalium
1067 2552 1274 2627 reverentia
1294 2569 1333 2628 et
1356 2553 1501 2630 honore
1522 2571 1559 2630 et
1579 2557 1669 2631 sacri

247 2685 452 2761 consistorii
474 2685 571 2760 dicte
590 2683 712 2773 Sedis,
742 2683 780 2758 in
804 2710 965 2789 quorum
993 2683 1184 2786 presencia
1213 2680 1330 2757 dictas
1354 2681 1605 2760 confessiones
1629 2684 1667 2759 in

248 2815 336 2918 ipsis
354 2815 519 2891 articulis
540 2814 668 2891 asserit
685 2813 797 2890 factas
815 2811 908 2890 fore.

220 2954 223 2959 '
304 2945 360 3021 Ad
375 2945 493 3023 lxxxv1
509 2944 706 3021 articulum
723 2942 921 3051 diligenter
938 2944 1199 3049 interrogatus,
1216 2941 1307 3019 dixit
1326 2944 1429 3049 quod
1449 2944 1561 3020 frater
1575 2945 1670 3050 Ray·

248 3074 413 3151 mundus
433 3075 479 3151 de
499 3074 636 3152 Gardia
660 3090 855 3177 preceptor
870 3074 1007 3151 domus
1025 3074 1143 3151 Mansi
1157 3074 1227 3151 Dei
1251 3073 1394 3151 ordinis
1414 3073 1503 3149 dicti
1519 3075 1669 3180 Templi

247 3203 388 3308 recepit
407 3203 529 3308 ipsaun
552 3204 592 3279 in
612 3202 762 3279 fratrem
786 3202 874 3278 dicti
897 3202 1038 3282 ordinis
1059 3203 1099 3278 in
1119 3202 1257 3308 capella
1277 3203 1375 3280 dicte
1396 3203 1532 3280 domus
1550 3205 1669 3282 Mansi

247 3333 334 3421 Dei,
355 3333 393 3407 in
419 3333 514 3410 festo
535 3333 738 3410 Nativitatis
756 3332 916 3441 gloriose
935 3332 1098 3441 Virginis
1117 3333 1242 3408 matris
1260 3333 1331 3410 Dei
1351 3333 1487 3410 mensis
1511 3351 1671 3436 septem-

246 3461 323 3537 bris
343 3462 467 3540 futuro
488 3464 655 3567 proxime
676 3480 785 3539 eruut
805 3476 885 3539 1111⁰r
904 3463 990 3538 anni
1007 3462 1139 3567 elapsi,
1161 3463 1397 3567 presentibus
1411 3462 1457 3540 G.
1475 3463 1523 3537 ds
1539 3465 1671 3539 Tama-

247 3592 317 3668 rite
334 3592 474 3680 milite,
489 3591 752 3669 Bartholomeo
764 3592 811 3666 de
822 3591 951 3678 Turni,
966 3593 1007 3666 B.
1024 3591 1243 3675 Guerrerio‚
1259 3588 1428 3665 Johaune
1440 3590 1556 3668 Coma
1567 3619 1671 3693 pres·

248 3722 379 3798 biteris
403 3719 617 3825 capellanis,
650 3719 696 3796 G.
723 3720 770 3795 de
790 3720 926 3795 Sancto
955 3718 1105 3823 Ypolito
1131 3735 1168 3793 et
1197 3717 1280 3793 aliis
1305 3718 1475 3823 pluribus
1499 3718 1671 3797 fratribus

250 3850 392 3926 ordinis
427 3849 639 3953 supradicti.
669 3849 792 3941 Quem
826 3864 950 3923 autem
985 3848 1142 3923 modum
1173 3865 1361 3924 servarunt
1387 3863 1463 3923 tam
1491 3848 1672 3953 recipiens

251 4006 363 4084 quam
383 3980 524 4083 recepti
545 3979 582 4053 in
611 3979 709 4054 dicta
725 3977 943 4084 recepcione
968 3977 1016 4052 ad
1041 3978 1215 4054 ordinem
1241 3977 1387 4083 Templi
1409 3979 1669 4085 interrogatus,

252 4109 342 4184 dixit
357 4127 394 4185 et
413 4109 607 4214 respondit
626 4109 745 4216 quod,
769 4125 852 4186 ante
872 4108 1080 4214 ingressum
1098 4108 1188 4183 dicti
1204 4108 1361 4196 ordinis,
1383 4108 1570 4214 quesitum
1593 4138 1613 4185 a
1632 4136 1671 4185 se

251 4237 322 4314 fuit
340 4255 467 4315 utrum
485 4237 616 4315 fuisset
636 4239 992 4326 excommunicatus,
1005 4254 1043 4314 et
1057 4253 1183 4313 utrum
1204 4255 1301 4321 esset
1316 4237 1672 4315 creditoribus-obli-

250 4385 372 4471 gatus,
392 4381 495 4443 etan
515 4384 644 4444 votum
662 4367 810 4444 fecisset
827 4367 875 4444 de
895 4368 1063 4472 introytu
1082 4395 1148 4443 seu
1164 4367 1333 4472 ingressu
1352 4367 1503 4444 alterius
1522 4367 1672 4470 religio-

253 4498 324 4586 nis,
352 4514 391 4573 et
408 4514 536 4575 utrum
556 4526 643 4573 cum
664 4496 822 4574 muliere
843 4497 966 4602 aliqua
986 4497 1266 4574 matrimonium
1287 4498 1544 4585 contraxisset,
1568 4514 1607 4573 et
1625 4524 1681 4575 an.

253 4627 374 4734 aliqua
383 4628 614 4732 promisisset
628 4628 714 4704 dare
727 4627 784 4704 vel
795 4627 960 4704 dedisset
971 4626 1079 4703 alicui
1089 4656 1157 4731 pro
1170 4628 1349 4734 patranda
1360 4628 1441 4735 ejus
1454 4627 1672 4732 recepcione

253 4758 302 4841 ad
320 4758 493 4836 ordinem
508 4758 596 4835 dicti
612 4758 778 4865 Templi,
801 4775 838 4834 et
849 4757 967 4836 multa
984 4756 1055 4835 alia
1070 4785 1143 4865 que
1157 4756 1272 4835 moris
1287 4774 1374 4836 sunt
1389 4756 1526 4864 inquiri
1542 4774 1579 4834 et
1590 4754 1673 4834 fieri
