4230 5956
461 463 532 535 ara
848 440 1043 532 paones
1069 457 1164 529 nus
1190 456 1487 530 ruuetxnns.

514 604 764 706 Interrogatus
784 616 910 675 utrum
929 597 980 686 vi,
1003 597 1060 674 vel
1083 614 1188 673 metu
1215 597 1370 673 carceris
1401 625 1468 673 seu
1495 611 1784 685 tomaentorum,
1810 615 1874 673 aut

459 730 529 807 alia
547 729 594 805 de
613 757 737 819 causa,
759 727 923 832 aliquam
944 727 1077 803 dixerit
1095 726 1291 803 salsitatem
1311 743 1377 803 aut
1394 725 1640 804 immiscuerit
1664 727 1704 802 in
1725 727 1874 832 deposi-

459 859 565 935 cione
585 885 667 943 sua,
689 856 780 932 dixit
795 885 862 960 per
875 855 1133 960 juramentum
1153 883 1262 932 suum
1276 854 1382 959 quod
1397 882 1488 944 non;
1510 855 1625 934 immo
1638 854 1729 931 dixit
1742 884 1873 961 puram

459 1004 661 1066 veritatem.

516 1250 608 1323 Item
631 1245 742 1321 irater
765 1243 1026 1349 Raymbaudus
1047 1244 1093 1319 de
1115 1243 1236 1320 Camn
1260 1242 1370 1320 miles
1391 1243 1479 1320 dicti
1501 1244 1660 1332 ordinis,
1681 1262 1876 1350 preceptor

461 1376 608 1481 Chipri,
631 1375 738 1450 etatis
756 1373 941 1479 sexaginta
962 1400 1161 1461 annorum,
1183 1389 1226 1448 ut
1245 1373 1351 1461 dixit,
1372 1372 1430 1450 vel
1446 1373 1558 1461 circa,
1575 1374 1722 1480 juratus
1740 1374 1876 1450 eodem

463 1505 576 1581 modo
596 1504 642 1578 de
657 1532 697 1579 se
719 1520 756 1579 et
781 1501 861 1576 aliis
883 1502 922 1576 in
945 1530 1053 1577 causa
1071 1499 1161 1577 fidei
1192 1500 1315 1578 dicere
1336 1501 1547 1590 veritatem,
1570 1520 1610 1579 et
1629 1505 1876 1610 interrogatus

463 1636 510 1712 de
534 1652 702 1739 tempore
727 1649 764 1708 et
789 1635 902 1708 modo
931 1659 996 1707 sue
1024 1630 1270 1734 recepcionis,
1301 1630 1392 1708 dixit
1407 1660 1476 1738 per
1488 1632 1743 1738 juramentum
1762 1660 1873 1708 suum

463 1764 565 1868 quod
578 1761 650 1840 suit
661 1778 831 1866 receptus
849 1761 887 1835 in
903 1760 1017 1836 domo
1037 1760 1083 1836 de
1099 1760 1371 1838 Richerenches
1390 1760 1431 1838 in
1447 1761 1625 1838 comitatu
1638 1762 1684 1837 de
1700 1762 1873 1846 Venicio,

463 1892 703 1997 quadraginta
719 1907 797 1966 tres
808 1890 894 1965 anni
908 1906 1018 1965 erunt
1030 1891 1069 1965 in
1080 1890 1227 1966 instanti
1244 1888 1337 1966 festo
1351 1890 1630 1976 Penthecostcs,
1645 1918 1714 1994 per
1724 1888 1876 1965 fratrem

463 2022 682 2099 Rocelimun
703 2022 750 2096 de
775 2023 865 2097 Fora
881 2037 971 2097 tunc
989 2037 1246 2124 preceptorem
1262 2019 1470 2108 Provincie,
1491 2018 1648 2096 militem
1667 2018 1756 2094 dicti
1776 2017 1878 2095 ordi·
2005 2039 2008 2043 ’

463 2153 532 2228 nis.
555 2151 655 2227 Dixit
669 2151 784 2225 eciam
804 2178 871 2254 per
879 2149 1135 2254 juramentum
1157 2177 1267 2226 suum
1288 2149 1583 2255 quod‘promisit
1603 2165 1874 2255 paupertatem,

463 2281 667 2356 castitatem
687 2295 725 2354 et
740 2278 1000 2354 obedienciam
1013 2306 1174 2366 servare,
1197 2296 1234 2354 et
1248 2295 1375 2356 tenere
1394 2306 1524 2355 omnes
1538 2278 1661 2355 bonos
1678 2306 1768 2354 usus
1783 2277 1877 2354 ordi·

464 2409 551 2494 nis,
567 2424 606 2483 et
626 2408 793 2483 laborare
813 2434 881 2511 pro
900 2434 1008 2512 posse
1041 2425 1077 2483 et
1097 2408 1226 2512 juvare
1258 2408 1448 2513 acquirere
1462 2436 1631 2512 regnum
1656 2407 1874 2493 Jerusalem,

464 2554 502 2613 et
520 2536 656 2614 multas
677 2537 764 2613 alias
782 2536 900 2613 bonas
918 2537 1184 2640 promissiones
1201 2537 1289 2614 dicti
1309 2538 1469 2625 ordinis;
1500 2553 1539 2612 et
1557 2537 1664 2644 quod
1684 2565 1877 2641 nunquam

464 2667 618 2744 sciverat
636 2666 778 2773 aliquid
797 2667 935 2743 malum
952 2664 1011 2743 vel
1029 2665 1270 2745 inhonestum
1286 2665 1325 2742 in
1340 2667 1558 2772 recepcione
1576 2667 1733 2744 fratrum
1747 2693 1821 2742 nec
1841 2668 1879 2742 in

466 2796 616 2885 ordine,
633 2824 701 2873 nec
714 2795 917 2887 audiverat,
934 2797 1005 2873 hoc
1021 2815 1172 2901 excepto
1189 2797 1294 2902 quod
1313 2795 1376 2875 die
1392 2825 1468 2903 qua
1483 2796 1554 2873 fuit
1571 2814 1758 2902 receptus,
1776 2812 1879 2872 ante·

466 2953 579 3030 quam
595 2928 822 3032 reciperetur
840 2925 899 3002 vel
919 2925 1146 3014 indueretur,
1164 2925 1319 3031 quidam
1333 2924 1444 3002 frater
1463 2925 1620 3012 ordinis,
1636 2925 1676 3001 in
1690 2925 1880 3029 presencia

466 3054 630 3158 episcopi
653 3053 702 3129 de
721 3053 941 3156 Carpentras
964 3053 1136 3130 avunculi
1158 3054 1232 3144 sui,
1254 3053 1418 3131 ostendit
1436 3055 1561 3131 eidem
1579 3052 1780 3158 quamdam
1798 3083 1880 3131 cru-

467 3209 564 3270 cem,
588 3198 625 3255 et
643 3179 735 3256 dixit
754 3181 878 3255 eidem
893 3211 901 3253 ε
917 3181 1059 3259 «Vides
1075 3198 1119 3256 tu
1134 3182 1247 3257 istum
1266 3182 1500 3268 crucifixum
1522 3183 1551 3256 si
1572 3199 1615 3258 tu
1633 3182 1688 3259 vis
1706 3182 1818 3287 recipi
1839 3184 1878 3258 in

468 3308 625 3383 sordine
645 3309 733 3394 isto,
756 3323 902 3411 oportet
912 3308 1017 3411 quod
1032 3307 1195 3415 abneges
1206 3337 1313 3395 eum,
1331 3308 1423 3383 »sed
1436 3308 1541 3385 aliud
1556 3337 1632 3386 non
1645 3310 1717 3387 fuit
1729 3312 1876 3389 factum.

465 3437 604 3513 Eadem
625 3454 751 3513 tamen
772 3436 850 3524 die,
867 3436 960 3511 circa
972 3437 1103 3513 horam
1117 3464 1270 3524 nonam,
1290 3438 1440 3514 accessit
1455 3438 1502 3514 ad
1513 3442 1742 3543 presenciam
1760 3441 1880 3519 fratris

466 3567 607 3645 Nicolai
632 3567 678 3642 de
703 3565 901 3642 Anessiaco
933 3567 1175 3644 commissarii
1205 3566 1293 3653 dicti
1322 3567 1566 3672 inquisitoris,
1594 3586 1632 3646 et
1659 3573 1878 3676 corrigendo

468 3697 608 3774 dictum
624 3725 749 3786 suum,
767 3697 859 3772 dixit
877 3725 943 3801 per
957 3698 1211 3802 juramentum
1231 3725 1344 3774 suum
1360 3698 1462 3802 quod
1482 3698 1545 3775 ille
1560 3697 1671 3774 irater
1686 3701 1767 3803 qui,
1783 3702 1879 3777 sicut

467 3827 553 3903 alias
580 3827 768 3933 deposuit,
804 3826 925 3902 eidem
951 3828 1165 3903 ostenderat
1185 3826 1321 3903 dictam
1345 3856 1492 3905 crucem
1517 3857 1602 3904 cum
1623 3827 1744 3933 effigie
1762 3830 1878 3905 ihesu

467 3956 605 4034 Christi
627 3955 805 4043 crucifixi,
828 3957 957 4060 etipse
973 3956 1038 4060 qui
1053 3956 1230 4061 loquitur,
1250 3974 1334 4060 post
1344 3957 1459 4032 dictas
1475 3957 1757 4062 promissiones,
1780 3976 1818 4034 et
1833 3988 1878 4035 eo

468 4101 636 4189 recepto,
659 4103 695 4161 et
708 4087 922 4192 juramento
946 4087 992 4162 ab
1012 4113 1057 4163 eo
1076 4088 1230 4192 prestito
1251 4087 1299 4163 de
1319 4087 1461 4163 statutis
1482 4103 1520 4162 et
1538 4089 1688 4165 secretis
1712 4089 1800 4164 dicti
1820 4119 1879 4166 or-

469 4212 566 4289 dinis
586 4212 839 4303 observandis,
860 4233 897 4292 et
915 4216 1090 4293 mantello
1104 4216 1150 4293 ad
1170 4215 1309 4294 collum
1328 4217 1465 4319 posito,
1484 4216 1588 4293 duxit
1604 4219 1650 4292 ad
1667 4237 1824 4322 partem,
1843 4236 1879 4294 et

468 4361 609 4421 secreto
629 4343 764 4420 dictam
784 4374 932 4421 crucem
955 4347 1077 4422 eidem
1093 4345 1271 4432 ostendit,
1288 4362 1325 4421 et
1343 4345 1506 4450 precepit
1521 4345 1591 4423 sibi
1604 4348 1708 4452 quod
1722 4347 1878 4452 abnega-

468 4490 525 4550 ret
539 4501 627 4550 eum
643 4475 749 4579 cujus
766 4502 896 4580 ymago
917 4493 994 4550 erat
1013 4476 1051 4550 in
1073 4504 1180 4552 cruce
1196 4491 1461 4580 representata,
1484 4476 1610 4555 dicens
1623 4478 1727 4582 quod
1741 4495 1818 4554 erat
1833 4478 1878 4553 de

470 4604 612 4679 statutis
633 4603 790 4692 ordinis,
815 4621 852 4680 et
867 4604 938 4679 hoc
958 4604 1035 4708 ipse
1047 4605 1113 4709 qui
1124 4605 1290 4710 loquitur
1304 4602 1391 4681 fecit
1403 4623 1461 4681 ter
1476 4634 1557 4694 ore,
1578 4606 1645 4683 sed
1656 4634 1733 4684 non
1749 4606 1877 4693 corde,

470 4747 513 4802 ut
528 4730 628 4805 dixit.
651 4732 751 4808 Dixit
771 4734 887 4809 eciam
908 4759 974 4835 per
987 4731 1244 4837 juramentum
1268 4761 1377 4810 suum
1397 4737 1500 4839 quod
1518 4734 1638 4811 dictus
1657 4736 1769 4812 irater
1788 4734 1880 4810 dixit
