4230 5956
636 452 832 544 esoces
857 471 954 543 ons
979 470 1278 546 reseremus.
1592 477 1667 550 coo

250 609 381 698 ordine
401 607 517 684 auditi
537 625 623 685 sunt
642 637 713 685 nec
728 611 931 703 commissi,
945 629 1059 718 prout
1071 613 1237 718 predicta
1250 614 1368 690 credit
1378 630 1415 690 ct
1425 642 1502 693 non
1517 615 1666 696 dubitat

249 740 340 845 quin
360 767 443 815 vera
462 739 509 815 sit
528 767 593 814 sua
611 742 806 847 responsio
826 760 868 818 ut
882 741 974 818 facta
995 760 1052 819 est
1070 742 1109 818 in
1124 743 1328 848 premissis.

303 868 362 946 Ad
376 867 514 957 lxxxix,
536 868 671 946 lxxx1111
688 889 725 948 et
739 871 844 950 lxxxv
861 873 1036 949 articulos
1053 872 1245 961 inclusive.
1264 871 1463 980 diligenter
1478 893 1515 951 et
1532 876 1668 982 sigilla·

249 999 317 1075 tim
331 999 593 1104 interrogatus,
612 1001 842 1106 respondens
859 1001 951 1079 dixit
963 1030 1002 1080 se
1016 1003 1169 1081 credere
1181 998 1369 1110 predictos
1383 1003 1520 1081 milites
1530 1019 1567 1081 et
1578 1005 1669 1083 alios

248 1129 380 1207 fratres
399 1129 487 1207 dicti
508 1130 651 1209 ordinis
665 1158 790 1210 coram
809 1132 964 1212 domino
980 1150 1107 1212 nostro
1125 1161 1274 1212 summo
1293 1132 1470 1241 pontifice
1489 1152 1528 1211 et
1544 1162 1668 1212 eoram

249 1259 411 1338 dominis
435 1260 748 1340 cardinalibuset
772 1265 826 1340 in‘·
837 1264 916 1371 ejus
940 1264 1158 1343 consistorio
1187 1293 1255 1371 per
1273 1266 1530 1373 juramentum
1556 1264 1668 1344 fuisse

249 1391 437 1470 confessos
455 1410 601 1470 errores
615 1393 668 1489 de
693 1393 831 1500 quibus
849 1394 889 1471 in
908 1395 1072 1472 articulis
1091 1394 1269 1501 predictis
1288 1397 1417 1500 agitur,
1440 1395 1532 1474 falso
1552 1396 1667 1474 modo

249 1537 372 1627 tamen
389 1537 427 1598 et
444 1538 571 1599 contra
584 1522 708 1600 Deum
723 1540 761 1600 et
774 1551 896 1601 veram
907 1524 1113 1632 justiciam,
1135 1549 1222 1607 saun
1242 1525 1281 1602 in
1297 1525 1545 1602 dieto-ordine
1560 1526 1671 1602 Tem·

248 1649 301 1756 pli
322 1678 505 1757 nusquam
525 1651 642 1729 auditi
662 1652 802 1730 fixerint
814 1682 884 1731 nec
899 1661 1066 1761 unquam
1080 1655 1233 1762 cogniti,
1251 1683 1321 1732 nec
1337 1656 1510 1760 cuiquam
1525 1653 1573 1731 de
1587 1655 1668 1759 ipso

249 1779 382 1858 ordine
402 1781 600 1861 manifesti.
629 1784 677 1859 Et
696 1783 773 1861 hoc
794 1785 886 1861 dixit
904 1812 944 1862 se
965 1785 1134 1873 credere,
1158 1801 1272 1889 prout
1292 1786 1399 1871 dixit,
1426 1783 1667 1860 salvatamen

250 1911 439 1988 sanctitate
456 1929 492 1990 et
512 1912 725 1990 excellentia
747 1914 835 1990 dicti
858 1914 1004 1991 domini
1025 1914 1142 1991 nostri
1155 1941 1250 2020 pape
1271 1932 1309 1991 et
1328 1914 1568 1992 dominorum
1590 1941 1669 1999 oar·

250 2039 431 2117 dimdium
449 2042 653 2118 reverentia
674 2043 887 2120 ethonore.
963 2072 969 2079 ·
1391 2108 1396 2115 .

306 2168 364 2248 Ad
383 2171 502 2250 lxxxvi
517 2173 715 2250 articulum
730 2172 929 2279 diligenter
942 2173 1203 2279 interrogatus,
1222 2174 1452 2280 respondens
1463 2174 1555 2251 dixit
1565 2175 1670 2280 quod

249 2301 608 2381 freter.Guillelmus
628 2304 675 2380 de
696 2305 851 2381 Benaics
871 2306 1071 2410 preceptor
1091 2312 1183 2381 tunc
1205 2304 1341 2382 domus
1359 2304 1479 2381 blansi
1499 2304 1576 2382 Dei.
1590 2331 1670 2410 pre·

251 2431 365 2520 dicte,
391 2433 533 2538 recepit
552 2434 674 2539 ipsum
699 2432 764 2538 qui
793 2433 963 2540 loquitur
986 2432 1025 2509 in
1047 2431 1198 2510 fratrem
1219 2433 1308 2509 dicti
1335 2433 1479 2510 ordinis
1500 2432 1671 2510 similiter

251 2572 336 2638 cu'm
360 2553 549 2641 Bernardo
569 2563 722 2655 Morerii
740 2580 780 2640 et
797 2558 966 2641 lohanne
985 2561 1095 2642 Olibe
1114 2562 1291 2641 fnanibus
1310 2564 1398 2641 dicti
1419 2563 1562 2654 ordinis
1580 2581 1671 2640 tuuc

250 2690 470 2781 viventibus.
481 2690 583 2770 nirnc
592 2692 793 2783 defunctis,
810 2693 851 2771 in
862 2692 1000 2799 capella
1010 2693 1109 2770 dicte
1123 2694 1259 2770 domus
1272 2693 1390 2769 Mansi
1398 2692 1485 2784 Dei,
1497 2708 1571 2770 'xm
1584 2693 1668 2768 anni

250 2821 414 2900 fuerunt‘
428 2823 541 2929 elapsi
563 2824 620 2900 vel
643 2825 736 2900 circa
756 2824 794 2899 in
813 2824 935 2931 vigilia
958 2822 1094 2901 Natalis
1116 2823 1277 2902 Domini*
1289 2822 1456 2929 proxime
1472 2822 1668 2928 preterita,

250 2953 455 3031 astantibus
480 2971 517 3056 pt
540 2954 777 3060 presentibus
797 2956 836 3031 P.
856 2955 903 3032 de
920 2953 1098 3044 Redorta,
1120 2952 1324 3031 Bertrando
1351 2951 1399 3029 de
1422 2951 1551 3059 Rippis
1574 2951 1671 3030 Altis

249 3083 449 3172 militibus,
462 3082 611 3163 'Jacobo
634 3084 681 3161 de
702 3084 839 3164 Oleriis
858 3103 896 3162 et
914 3085 1024 3162 Petro
1040 3085 1087 3161 de
1107 3084 1430 3190 Camporotundo‚
1448 3099 1485 3159 et
1499 3081 1671 3189 pluribus

249 3212 330 3290 aliis
344 3212 519 3292 fratribus
533 3214 622 3291 dicti
637 3214 780 3291 ordinis
794 3212 999 3291 viventibus
1014 3213 1201 3320 aliquibus
1215 3230 1252 3290 et
1266 3212 1348 3290 eliis
1358 3240 1460 3289 nunc
1475 3211 1670 3289 debinctis.

305 3341 440 3419 Modus
458 3360 583 3420 autem
599 3344 909 3449 sue'recepoionis
919 3338 958 3419 et
972 3342 1133 3421 eliorum
1147 3343 1211 3449 qui
1221 3369 1355 3420 secum·
1366 3340 1518 3419 merum
1530 3342 1671 3448 recepti

249 3470 415 3551 brittulis
433 3474 726 3580 qualemipsum
747 3474 926 3581 expressit
944 3474 984 3550 in
1003 3473 1138 3552 ellectu
1157 3474 1197 3549 in
1211 3501 1278 3550 sua
1291 3468 1549 3549 testificatione
1560 3471 1673 3546 freter

223 3672 228 3686 .
248 3603 540 3681 bartholomeus
561 3604 608 3679 de
631 3607 753 3680 Turre
777 3605 922 3708 primus
945 3602 1063 3690 testis,
1093 3621 1131 3678 et
1156 3603 1252 3677 sicut
1273 3599 1483 3689 continetur
1503 3599 1543 3674 in
1572 3598 1671 3675 libro

249 3749 471 3809 statutorum
491 3749 529 3809 et
549 3756 698 3809 morum
720 3731 908 3826 bonorum
921 3729 1022 3808 dicti
1045 3729 1205 3817 ordinis,
1235 3729 1283 3806 de
1306 3729 1446 3835 quibus
1470 3743 1671 3806 eteorum

249 3862 403 3967 singulis
429 3860 540 3939 frater
558 3862 749 3968 predictus
773 3861 930 3940 indicta
953 3888 1019 3937 sua
1043 3862 1261 3966 recepcione
1282 3861 1453 3965 promisit
1473 3858 1673 3938 observan-

250 3992 344 4068 ciam
364 4011 402 4071 et
413 3991 483 4070 illa
494 3994 681 4072 custodire
702 4008 900 4099 etsemper
918 4018 1151 4099 servareque
1172 3993 1211 4068 in
1232 3991 1332 4069 dicto
1348 3989 1444 4068 libro
1457 3978 1671 4068 latiussunt

252 4140 433 4202 contenta.
1269 4107 1273 4114 ’

305 4255 364 4332 Ad
383 4255 515 4334 lxxxvu
536 4275 574 4333 et
592 4256 737 4335 lxxxvm
758 4274 795 4333 et
813 4255 989 4333 ultimum
1010 4253 1185 4332 articulos
1204 4253 1404 4364 diligenter
1425 4271 1462 4331 et
1480 4250 1670 4360 sigillatim

249 4385 512 4494 interrogatus,
529 4387 620 4465 dixit
639 4370 682 4464 se·
697 4414 767 4465 nec
786 4387 879 4464 scire
898 4384 1135 4463 neccredere
1155 4384 1298 4492 aliquid
1316 4384 1374 4462 vel
1388 4384 1510 4490 aliqua
1522 4381 1571 4459 de
1583 4407 1671 4458 eon-

249 4531 362 4592 tentis
381 4516 421 4591 in
440 4518 508 4595 eis.¹
869 4544 881 4549 ”
1222 4540 1226 4551 ·
1358 4534 1383 4565 ·“

280 4684 284 4691 ·
305 4645 429 4754 Super
451 4647 538 4724 aliis‘
551 4658 638 4726 ver'o
664 4647 928 4725 coherentibus
946 4663 987 4724 ¹et
1009 4643 1530 4752 circumstanciis'deqnibus
1550 4642 1670 4724 visum

251 4774 322 4853 fuit
347 4778 630 4885 inquisitoribus
648 4778 787 4885 requiri
800 4794 849 4855 -et
867 4777 1086 4885 interrogari
1104 4759 1260 4866 debere,
1283 4775 1487 4884 requisitus
1501 4790 1539 4852 et
1552 4769 1673 4850 inter·

1455 4927 1505 4991 63.
