4230 5956
712 438 909 531 moces
934 456 1030 528 oss
1054 455 1354 529 reuellens.
1666 463 1736 534 su

325 630 435 679 suum
455 600 655 706 requisitus
676 597 794 703 quod,
816 599 855 674 in
881 597 1078 674 emissione
1098 598 1171 674 voti
1193 596 1384 686 castitatis,
1412 594 1483 672 fuit
1504 597 1574 674 sibi
1600 600 1741 677 dictum
1870 623 1877 631 ·

324 730 427 837 quod
446 730 476 807 si
497 729 630 835 aliquis
650 729 748 831 calor
761 728 937 805 naturalis
952 746 1120 805 moveret
1133 755 1237 813 eum,
1254 726 1450 831 refrigeret
1464 754 1545 802 sese
1560 755 1645 804 cum
1662 728 1742 807 aliis

323 859 498 936 fratribus
517 860 604 947 suis,
627 877 664 934 et
678 860 751 936 hoc
768 875 957 963 pateretur
977 857 1024 933 de
1045 858 1135 934 aliis.
1152 859 1403 962 Interrogatus
1422 873 1548 933 utrum
1558 858 1610 945 vi,
1624 857 1680 933 vel
1696 862 1744 934 ti-

324 1019 428 1067 more
445 1007 730 1078 tormentorum,
745 989 915 1078 carceris,
931 1005 996 1066 aut
1008 989 1129 1094 aliqua
1143 987 1213 1063 alia
1228 1015 1352 1076 causa,
1370 987 1409 1063 in
1423 1015 1489 1064 sua
1502 986 1742 1093 deposicione

326 1121 460 1198 dixerit
478 1118 691 1208 salsitatem,
709 1120 801 1195 dixit
815 1146 882 1224 per
896 1119 1151 1223 juramentum
1172 1147 1282 1194 suum
1299 1117 1400 1224 quod
1421 1145 1516 1208 non3
1537 1119 1653 1196 immo
1673 1148 1744 1223 pu—

325 1278 403 1326 ram
425 1267 462 1326 et
480 1249 734 1325 meram-dixit
756 1249 954 1326 veritatem.

380 1512 472 1584 ltem
492 1536 605 1596 anno,
628 1508 832 1597 indicione,
853 1535 996 1597 mense,
1018 1507 1252 1613 pontificatu,
1274 1536 1370 1585 anno
1391 1526 1429 1584 et
1446 1508 1530 1586 loco
1548 1498 1740 1613 predictis,

324 1638 494 1715 vicesima
513 1638 640 1742 quinta
662 1637 723 1713 die
743 1636 922 1724 octobris,
952 1639 990 1712 in
1012 1638 1100 1713 dicti
1119 1637 1365 1742 inquisitoris,
1389 1656 1557 1715 nostrum
1577 1640 1742 1715 notario-

325 1796 407 1843 rum
436 1785 473 1844 et
502 1765 818 1872 infrascriptorum
844 1767 997 1843 testium
1024 1768 1213 1871 presencia
1254 1767 1495 1872 personaliter
1520 1768 1743 1844 constitutus

326 1898 435 1974 lrater
452 1894 639 1973 lohannes
665 1898 714 1972 de
742 1898 893 2001 Crotoy,
923 1897 1029 1972 etatis
1053 1897 1319 2000 quinquaginta
1346 1925 1408 1972 sex
1427 1924 1627 1983 annorum,
1658 1925 1743 2000 pre·

324 2042 451 2130 ceptor
471 2026 606 2102 domus
626 2026 674 2100 de
695 2025 910 2102 Senevieres
930 2023 1129 2100 Meldensis
1157 2025 1331 2114 diocesis,
1350 2024 1483 2101 eodem
1499 2025 1613 2102 modo
1635 2025 1742 2104 dese

325 2171 363 2229 et
383 2154 464 2231 aliis
485 2154 610 2229 dicere
634 2154 825 2229 veritatem
849 2153 888 2228 in
909 2180 1016 2229 causa
1036 2150 1144 2241 fidei,
1167 2171 1203 2229 et
1222 2154 1424 2257 requisitus
1447 2155 1493 2230 de
1517 2172 1686 2260 tempore
1707 2175 1744 2232 et

324 2282 438 2360 modo
458 2283 689 2387 recepcionis
708 2311 791 2368 sue,
823 2282 915 2358 dixit
934 2311 1002 2387 per
1016 2282 1269 2388 juramentum
1293 2312 1401 2359 suum
1427 2284 1530 2389 quod
1554 2288 1741 2363 xxv1anni
1808 2349 1816 2356 .

324 2430 410 2488 sunt
427 2412 541 2516 elapsi
557 2411 659 2517 quod
671 2410 742 2487 luit
758 2427 930 2516 receptus
948 2412 1045 2516 apud
1066 2413 1233 2489 Montem
1252 2413 1577 2502 suessionensem,
1594 2443 1661 2519 per
1671 2413 1745 2492 lra-

323 2562 417 2619 trem
443 2544 628 2618 Herveum
654 2541 701 2615 de
727 2537 821 2618 Villa
839 2542 990 2618 Petrosa
1016 2539 1175 2618 militem
1208 2541 1296 2617 dieti
1321 2541 1480 2629 ordinis,
1509 2544 1744 2648 presentibus

322 2672 433 2748 fratre
451 2671 656 2748 Baldouino
677 2670 724 2747 de
741 2671 856 2746 Theri
881 2670 1001 2746 milite
1027 2671 1116 2746 dicti
1138 2670 1295 2760 ordinis,
1313 2688 1350 2747 et
1365 2671 1587 2777 quibusdam
1600 2672 1680 2749 eliis
1695 2674 1743 2749 de

325 2830 487 2906 quorum
507 2800 721 2876 nominibus
747 2827 823 2875 non
848 2799 990 2875 recolit.
1016 2798 1117 2875 Dixit
1137 2800 1253 2875 eciam
1276 2828 1344 2904 per
1358 2801 1613 2905 juramentum
1632 2830 1743 2878 suum

323 2931 442 3037 quod,
463 2948 547 3035 post
561 2930 694 3006 multas
710 2930 973 3035 promissiones
989 2930 1035 3004 de
1052 2928 1290 3005 observandis
1313 2929 1457 3006 statutis
1477 2928 1565 3004 dicti
1583 2930 1740 3019 ordinis,

324 3059 384 3135 ille
401 3061 466 3165 qui
486 3061 627 3165 recepit
646 3088 731 3136 eum
750 3059 915 3136 ostendit
929 3057 1001 3134 sibi
1018 3059 1229 3164 ymaginem
1244 3058 1361 3135 ihesu
1373 3057 1510 3135 Christi
1524 3058 1688 3136 crucifixi
1705 3062 1743 3137 in

322 3189 433 3279 libro,
448 3206 487 3265 et
496 3190 611 3294 peciit
618 3188 665 3265 ab
680 3216 726 3265 eo
740 3205 867 3266 utrum
882 3188 1054 3266 crederet
1068 3189 1107 3263 in
1123 3216 1210 3264 eum
1222 3188 1327 3294 cujus
1339 3185 1457 3295 figura
1475 3205 1554 3264 erat
1572 3190 1611 3265 iu
1627 3188 1741 3279 libr0;

322 3321 386 3425 qui
414 3318 607 3424 respondit
629 3318 732 3424 quod
751 3320 815 3395 sic.
836 3319 993 3394 Ettunc
1013 3317 1104 3394 dixit
1123 3318 1193 3395 sibi
1214 3302 1396 3423 recipiens
1415 3318 1519 3424 quod
1543 3316 1643 3397 fatue
1667 3349 1744 3397 cre·

323 3450 449 3539 debat,
465 3466 503 3526 et
516 3449 603 3525 lecit
616 3477 705 3525 eum
718 3466 776 3525 ter
790 3447 973 3553 abnegare
986 3447 1142 3524 Jbesum
1157 3448 1352 3526 Christum
1367 3465 1403 3524 et
1416 3466 1474 3525 ter
1484 3477 1629 3555 spuere.
1644 3451 1744 3528 Dixit

324 3595 445 3655 tamen
464 3579 567 3684 quod
587 3577 737 3654 cavebat
755 3578 825 3654 sibi
846 3595 1027 3683 quantum
1046 3595 1257 3682 poteratne
1278 3596 1427 3682 spueret
1447 3607 1556 3683 supra
1577 3606 1740 3667 crucem,

323 3707 486 3816 lingebat
509 3727 635 3786 tamen
659 3708 764 3814 quod
784 3725 934 3812 spueret
961 3736 1072 3812 supra
1104 3736 1264 3785 crucem.
1290 3707 1392 3784 Dixit
1414 3724 1539 3783 tamen
1558 3735 1626 3810 per
1640 3708 1744 3813 jure-

322 3857 492 3916 mentum
512 3867 621 3914 suum
635 3838 739 3943 quod
755 3837 922 3942 precepit
937 3836 1008 3914 sibi
1027 3837 1128 3913 idem
1141 3837 1324 3942 recipiens
1339 3838 1441 3942 quod
1460 3837 1615 3913 omnino
1630 3837 1744 3913 absti-

323 3985 428 4043 neret
455 3997 494 4044 se
515 3967 789 4058 amulieribus3
811 3985 938 4044 tamen
954 3966 984 4043 si
1003 3968 1204 4044 necessitas
1227 3967 1346 4044 carnis
1364 3982 1514 4074 urgeret
1543 3994 1646 4055 eum,
1662 3993 1744 4073 pos·

322 4113 379 4171 set
388 4125 426 4172 se
440 4097 633 4174 carnaliter
643 4127 729 4174 cum
741 4097 916 4175 iratribus
930 4098 1192 4184 commiscere..
1204 4090 1415 4202 Requisitus
1429 4097 1475 4172 de
1496 4095 1635 4186 osculo,
1652 4097 1744 4175 dixit

322 4253 388 4329 per
403 4227 662 4332 juramentum
678 4241 789 4303 suum
803 4229 906 4333 quod
924 4226 1112 4304 osculatus
1126 4225 1198 4302 fuit
1217 4228 1255 4302 iu
1275 4227 1453 4305 umbilico
1467 4245 1504 4305 et
1522 4228 1562 4307 in
1581 4256 1657 4305 ore.
1674 4229 1744 4304 Re·

323 4355 481 4459 quisitus
500 4374 626 4449 utrum
647 4358 698 4444 vi,
716 4357 773 4433 vel
792 4374 895 4434 metu
913 4373 1183 4434 tormentorum
1197 4356 1255 4432 vel
1270 4358 1442 4446 carceris,
1459 4375 1524 4434 aut
1537 4357 1659 4463 aliqua
1672 4356 1743 4449 elin

324 4514 445 4573 causa,
476 4489 514 4563 in
537 4516 603 4563 sua
623 4486 863 4592 deposicione
884 4487 1017 4563 dixerit
1036 4485 1251 4574 falsitatem,
1281 4486 1373 4563 dixit
1398 4516 1466 4592 per
1488 4490 1742 4595 juramentum

324 4644 431 4692 suum
453 4618 556 4722 quod
571 4644 663 4706 non,
685 4616 802 4693 immo
817 4645 948 4722 puram
969 4634 1006 4692 et
1025 4646 1165 4693 meram
1189 4617 1322 4693 dixerit
1342 4619 1544 4695 veritatem.
