4230 5956
465 432 539 509 328
849 419 1165 509 Pnoctlsous
1191 436 1489 512 TEMPLIERS.

462 594 549 655 tres.
578 578 626 654 Et
659 592 785 695 postea
813 575 995 681 recipiens
1027 576 1132 653 duxit
1160 604 1247 667 eum
1284 578 1333 654 ad
1360 597 1523 685 partem,
1550 595 1601 654 et
1617 579 1780 681 ostendit
1807 581 1877 658 sibi

462 734 574 785 uuam
594 733 741 783 crucem
768 734 852 782 cum
877 707 1046 814 ymagine
1064 708 1181 785 Jbesu
1199 706 1352 798 Christi,
1380 727 1419 787 et
1442 708 1601 815 quesivit
1628 708 1674 786 ab
1701 737 1745 786 eo
1770 711 1878 816 cujus

463 854 559 915 esset
577 864 710 943 ymago
727 836 806 925 illa,
828 854 866 913 et
885 837 964 942 ipse
989 815 1181 942 respoudit
1197 839 1301 945 quod
1322 840 1444 927 ,Jhesu
1461 838 1618 927 Christi3
1642 856 1681 915 et
1696 840 1877 944 recipiens

461 967 553 1045 dixit
567 967 637 1044 sibi
650 967 753 1072 quod
765 966 958 1072 oportebat
973 967 1078 1073 quod
1095 967 1294 1077 abnegaret
1313 998 1420 1057 eum,
1435 987 1473 1046 et
1488 986 1639 1073 spueret
1654 996 1764 1075 supra
1780 998 1872 1046 eam.

460 1098 507 1173 Et
523 1115 613 1174 tunc
632 1097 711 1201 ipse
730 1094 801 1171 fuit
821 1096 979 1172 multum
998 1099 1148 1175 territus
1168 1114 1206 1174 et
1221 1099 1261 1173 in
1279 1115 1417 1174 tantam
1437 1098 1720 1174 admirationem
1736 1116 1875 1204 raptus,

460 1227 564 1334 quod
580 1226 638 1301 vix
657 1225 796 1302 sciebat
813 1227 906 1331 quid
927 1226 1101 1317 faciebat;
1122 1244 1161 1304 et
1184 1229 1367 1335 recipiens
1391 1228 1548 1335 injunxit
1570 1227 1659 1317 sibi,
1685 1228 1724 1304 in
1743 1229 1877 1306 virtute

461 1356 698 1447 obediencie,
721 1358 824 1464 quod
838 1357 911 1435 hoc
928 1358 1082 1450 laceret,
1103 1359 1230 1436 dicens
1245 1360 1349 1467 quod
1371 1361 1442 1438 hoc
1463 1377 1540 1436 erat
1552 1359 1600 1435 de
1615 1360 1759 1437 statutis
1779 1362 1878 1437 ordi-

461 1488 539 1578 nia;
550 1505 588 1564 et
601 1504 692 1565 tunc
705 1488 784 1593 ipse
797 1489 863 1595 qui
875 1488 1055 1594 loquitur,
1066 1487 1319 1577 licetinvitus,
1336 1519 1418 1578 ore,
1433 1491 1500 1567 sed
1513 1507 1640 1566 tamen
1656 1516 1733 1584 non
1744 1491 1872 1578 corde,

460 1634 504 1694 ut
523 1617 628 1707 dicit,
645 1617 840 1726 abnegavit
855 1647 944 1695 eum
956 1635 1025 1707 ter,
1049 1636 1086 1695 et
1105 1620 1206 1724 spuit
1224 1636 1283 1696 ter
1299 1646 1411 1725 supra
1433 1645 1583 1695 crucem
1604 1635 1642 1694 et
1661 1619 1873 1724 ymaginem

457 1746 659 1853 predictas,
675 1746 803 1825 dicens
823 1747 930 1854 quod
947 1747 1127 1825 libentius
1146 1747 1349 1826 dimisisset
1363 1747 1583 1824 mantellum
1598 1764 1637 1823 et
1648 1748 1871 1836 recessisset,

459 1877 490 1955 si
505 1905 623 1965 ,ausus
636 1876 779 1957 luisset.
1065 1966 1068 1973 ¹

513 2008 607 2086 ltem
623 2010 715 2087 dixit
728 2010 832 2117 quod
851 2012 1036 2118 recipiens
1050 2012 1138 2088 lecit
1157 2039 1196 2089 se
1213 2011 1371 2088 osculari
1381 2010 1433 2086 ab
1446 2011 1528 2115 ipso
1548 2010 1588 2084 in
1608 2009 1801 2086 umbilico.

513 2139 614 2216 ltem·
629 2139 722 2216 dixit
739 2168 807 2246 per
822 2141 1080 2246 juramentum
1094 2141 1198 2248 quod
1217 2158 1390 2247 receptor
1408 2140 1599 2246 predictus
1623 2138 1782 2244 injunxit
1804 2141 1872 2218 sibi

457 2267 562 2375 quod
570 2267 1227 2377 abstineretamulieribus,etquod,
1241 2272 1271 2348 si
1287 2272 1389 2349 calor
1399 2268 1577 2346 naturalis
1589 2287 1757 2346 moveret
1767 2298 1870 2358 eum,

457 2395 649 2482 accederet
664 2398 710 2473 ad
725 2397 857 2473 fratres
867 2425 970 2486 suos,
986 2416 1024 2475 et
1039 2427 1105 2475 eos
1119 2398 1293 2475 similiter
1302 2399 1516 2476 admitteret
1529 2398 1576 2474 ad
1594 2416 1769 2475 mutuum
1789 2427 1874 2476 con-

458 2523 640 2603 cubitum.
655 2525 758 2604 Dixit
775 2543 903 2603 tamen
918 2555 986 2632 per
998 2528 1257 2634 jurameutum
1269 2528 1375 2634 quod
1389 2556 1583 2634 nunquam
1598 2527 1704 2617 lecit,
1721 2555 1790 2605 nec
1802 2528 1873 2606 luit

456 2684 569 2763 super
583 2659 655 2735 hoc
673 2656 860 2764 abaliquo
876 2659 1097 2765 requisitus,
1115 2658 1181 2736 sed
1201 2659 1321 2736 credit
1336 2687 1404 2764 per
1414 2660 1672 2766 juramentum
1687 2658 1793 2762 quod
1810 2659 1872 2735 alii

455 2784 586 2873 [ratres
596 2788 646 2865 ita
657 2788 904 2895 recipiantur:
919 2817 1113 2896 nunquam
1127 2805 1252 2867 tamen
1268 2788 1340 2867 suit
1357 2790 1396 2865 in
1411 2788 1632 2895 recepcione
1647 2787 1815 2895 alicujus.

511 2918 604 2997 ltem
625 2920 716 2997 dixit
733 2947 801 3026 per
814 2921 1072 3027 juramentum
1084 2920 1189 3026 quod
1200 2949 1392 3027 nunquam
1408 2919 1501 2996 vidit
1521 2920 1642 3023 capud
1662 2918 1768 3022 quod
1782 2921 1875 2996 ado·

454 3076 535 3127 rare
557 3050 744 3127 dicuutur.

499 3168 603 3254 ltem
624 3177 731 3265 dixit,
756 3207 824 3283 per
838 3183 1094 3286 juramentum
1123 3208 1236 3285 super
1260 3180 1332 3258 hoc
1358 3180 1404 3257 ab
1435 3208 1481 3256 eo
1504 3178 1628 3255 adhuc
1650 3178 1867 3284 prestitum,

454 3306 558 3412 quod
575 3307 625 3395 vi,
646 3308 705 3383 vel
725 3325 828 3383 metu
844 3310 998 3386 carceris
1017 3327 1081 3385 aut
1099 3310 1294 3397 tormenti,
1317 3336 1393 3385 nou
1414 3308 1505 3384 dixit
1525 3308 1628 3383 aliud
1648 3337 1761 3413 quam
1775 3310 1871 3384 veri-

452 3453 584 3526 tatem,
602 3465 670 3514 nec
688 3439 877 3543 premissis
897 3439 1103 3516 immiscuit
1125 3440 1288 3544 aliquam
1309 3439 1524 3527 falsitatem,
1556 3456 1593 3515 et
1613 3440 1719 3545 quod
1738 3468 1868 3543 puram
1906 3465 1913 3484 ·

452 3569 645 3647 veritatem
665 3569 757 3645 dixit
776 3598 844 3674 pro
864 3570 983 3647 salute
999 3571 1122 3647 anime
1141 3598 1219 3647 sue.

505 3836 598 3911 Item
619 3833 732 3910 frater
750 3833 922 3911 Nicolaus
943 3835 990 3910 de
1010 3834 1176 3912 Puteolis
1195 3861 1313 3939 prope
1333 3836 1519 3938 Luparam
1544 3829 1758 3908 Parisiensis
1783 3829 1867 3905 dio-

450 3963 558 4050 cesis,
590 3981 713 4040 custos
738 3966 876 4042 domus
905 3965 951 4041 de
980 3964 1200 4052 Messelent,
1231 3964 1339 4040 etatis
1370 3962 1642 4070 quinquaginta
1677 3987 1865 4035 annorum

449 4091 508 4168 vel
528 4092 637 4181 circa,
668 4095 804 4171 eodem
825 4095 939 4173 modo
955 4096 1106 4203 juratus
1130 4110 1172 4170 et
1191 4095 1454 4199 interrogatus,
1486 4092 1578 4168 dixit
1597 4120 1665 4197 per
1675 4091 1868 4198 juramen·

449 4239 532 4298 tum
559 4251 671 4300 suum
695 4225 800 4330 quod
823 4224 919 4302 bene
945 4241 1032 4302 sunt
1055 4224 1185 4331 viginti
1211 4241 1289 4300 tres
1312 4222 1399 4298 anni
1425 4221 1483 4298 vel
1504 4221 1600 4298 circa
1620 4220 1734 4326 elapsi
1762 4218 1866 4324 quod

448 4349 520 4429 fuit
538 4369 709 4458 receptus
729 4354 767 4429 in
788 4355 902 4432 domo
924 4355 970 4431 de
991 4356 1141 4432 Yvriaco
1166 4355 1205 4430 in
1224 4352 1437 4457 Veuqesino
1464 4351 1676 4438 Parisiensi,
1706 4377 1773 4454 per
1793 4346 1864 4424 fra·

447 4502 546 4564 trem
566 4487 776 4565 lohannem
796 4488 844 4563 de
865 4488 996 4561 Turno
1021 4502 1112 4561 tuuc
1130 4483 1312 4589 temporis
1330 4481 1607 4560 thesaurarium
1626 4477 1777 4584 Templi
1801 4476 1867 4552 Pa-

448 4615 628 4704 risiensis,
650 4612 1017 4723 presentibuslratre
1038 4613 1203 4690 Roberto
1222 4612 1270 4690 de
1290 4613 1464 4717 Plesseyo
1477 4627 1516 4687 et
1530 4626 1692 4715 quatuor
1703 4606 1785 4683 aliis
1798 4604 1862 4709 qui

443 4744 522 4850 jam
543 4762 631 4821 sunt
651 4747 800 4822 mortui.
