4268 5946
463 461 536 533 aso
850 441 1046 534 mouns
1072 460 1167 532 uns
1192 458 1491 533 ruurmnns

461 600 769 689 confessionibus,
785 618 823 677 et
832 600 913 678 aliis
926 620 1038 706 prout
1052 601 1090 677 in
1104 602 1173 679 hac
1186 618 1224 677 et
1237 599 1526 706 precedentibus
1536 599 1651 704 peciis
1666 600 1779 677 simul
1790 603 1881 682 sutis

460 732 566 840 signo
585 758 671 807 meo
691 731 842 837 signatis
861 731 1007 837 plenius
1024 731 1274 820 continentur,
1296 760 1370 807 una
1391 759 1477 808 cum
1491 727 1651 808 testibus
1670 748 1707 806 et
1727 733 1881 810 notariis

459 860 618 969 publicis
627 889 738 966 supra
754 877 792 937 et
805 860 1046 968 infrascriptis
1055 890 1207 967 presens
1221 861 1392 949 interfui,
1404 863 1461 949 ac,
1476 860 1523 937 de
1537 858 1712 938 mandato
1721 862 1878 967 predicti

459 990 690 1098 inquisitoris
726 1007 763 1067 et
791 992 1090 1096 supradictorum
1116 992 1454 1069 commissariorum
1482 1018 1655 1077 suorum,
1686 991 1725 1067 in
1746 992 1818 1070 hoc
1843 1013 1879 1070 et

462 1120 543 1199 aliis
571 1120 729 1226 publicis
748 1121 1005 1199 instrumentis
1025 1122 1314 1227 precedentibus
1341 1150 1401 1198 me
1429 1103 1628 1226 subscripsi
1648 1120 1687 1197 in
1712 1123 1881 1202 testimo-

461 1253 565 1326 nium
586 1252 870 1357 premissorum,
894 1280 1010 1358 eaque
1031 1253 1137 1357 signo
1154 1280 1240 1330 meo
1256 1268 1435 1330 consueto
1448 1251 1585 1358 signavi
1603 1267 1767 1358 rogatus.

515 1513 562 1588 Et
578 1539 646 1617 ego
666 1512 814 1588 Evenus
829 1512 935 1619 Phily
953 1513 1001 1590 de
1017 1515 1152 1591 Sancto
1171 1514 1315 1591 Nicasio
1331 1513 1486 1590 clericus
1499 1512 1786 1618 Corisopitensis
1802 1514 1880 1591 dio

461 1642 570 1730 cesis,
587 1641 788 1747 apostolica
807 1642 978 1747 publicus
992 1643 1209 1720 auctoritate
1231 1644 1414 1732 notarius,
1435 1645 1627 1750 premissis
1644 1644 1821 1722 omnibus
1843 1663 1880 1720 et

460 1772 614 1880 singulis
634 1773 673 1849 in
693 1772 762 1849 hac
777 1774 939 1878 presenti
960 1790 998 1849 et
1017 1772 1099 1850 aliis
1124 1772 1299 1851 omnibus
1316 1756 1497 1851 cartarum
1518 1775 1635 1880 peciis
1650 1774 1763 1851 simui
1786 1776 1879 1852 sutis

371 1974 373 1978 ,
459 1904 641 2009 signoque
660 1931 746 1980 meo
766 1904 918 2010 signatis
935 1906 1134 1993 contentis,
1156 1931 1230 1980 una
1249 1932 1337 1981 cum
1351 1904 1511 1983 testibus
1531 1922 1570 1981 et
1588 1904 1742 1982 notariis
1755 1903 1878 2009 publi-

459 2033 512 2110 cis
524 2062 636 2140 supra
651 2050 689 2112 et
702 2033 944 2140 infrascriptis
960 2063 1113 2140 presens
1129 2033 1298 2124 interfui,
1318 2063 1376 2125 ac,
1395 2035 1443 2112 de
1458 2036 1634 2113 mandato
1649 2035 1880 2141 inquisitoris

460 2179 498 2238 et
509 2165 847 2242 commissariorum
860 2167 1213 2271 suprascriptorum,
1228 2165 1290 2241 hic
1304 2181 1342 2242 et
1356 2165 1437 2243 aliis
1451 2165 1707 2243 instrumentis
1717 2193 1777 2241 me
1791 2164 1879 2242 sub-

460 2293 606 2397 scripsi,
635 2310 673 2369 et
695 2295 841 2400 signum
868 2322 996 2370 meum
1025 2294 1175 2372 solitum
1204 2295 1359 2400 apposui
1382 2313 1531 2401 rogatus
1558 2297 1599 2373 in
1619 2294 1878 2375 testimonium

335 2448 338 2455 ·
459 2421 737 2523 premissorum.
