4230 5956
459 455 533 529 ato
841 436 1036 530 rancus
1064 453 1162 527 uns
1192 454 1495 529 ruurnrnus.

458 613 556 677 atet
574 595 737 703 suspicio
756 612 885 673 contra
905 623 981 675 eos.
1006 597 1049 673 Iu
1073 595 1182 702 cujus
1199 595 1419 701 receptione
1436 592 1598 674 britsibi
1618 594 1755 675 tradite
1783 626 1878 705 que-

460 730 547 806 dam
564 724 718 804 cordula
738 753 827 803 curn
850 753 926 833 qur
953 726 1165 832 cingeretur
1184 752 1307 831 super
1329 725 1517 804 cambium
1540 754 1629 805 cum
1653 755 1729 834 qua
1750 729 1876 836 jacere

459 856 632 936 debehat.
660 855 758 933 Cum
778 871 904 933 autem
926 882 1104 961 processu
1125 855 1324 960 temporis,
1350 854 1484 961 elapsis
1502 854 1654 935 duobus
1670 857 1730 935 rel
1753 858 1876 938 tribus

459 987 582 1077 aunis,
604 985 805 1062 audivisset
830 983 905 1060 dici
928 984 968 1062 iu
991 985 1091 1062 dicto
1118 985 1249 1064 Castro
1274 984 1480 1091 Peregrini,
1502 1013 1524 1062 a
1551 984 1679 1065 fratre·
1694 988 1804 1067 Petro
1827 991 1874 1067 do

457 1117 602 1195 Vienna
622 1113 761 1201 milite,
783 1112 890 1219 quod
907 1112 949 1190 in
968 1114 1146 1190 thesauro
1169 1111 1319 1219 Templi
1339 1130 1418 1189 eret
1440 1113 1635 1220 quoddam
1665 1115 1786 1221 capud
1799 1147 1876 1224 quo

457 1246 707 1356 tangebantur
730 1243 886 1327 cordule
904 1243 1088 1349 predicte,
1110 1244 1188 1349 ipse
1207 1243 1314 1320 testis
1333 1243 1457 1320 noluit
1479 1270 1524 1319 ex
1541 1260 1636 1322 tunc
1650 1263 1799 1352 portare
1821 1249 1878 1324 di·

458 1375 772 1455 ctamcordulam.
789 1372 1005 1481 Requisitus
1016 1401 1149 1481 quare,
1168 1372 1363 1479 respondit
1375 1373 1486 1480 ·quod
1504 1373 1701 1453 dubitabat
1714 1376 1762 1454 de
1774 1377 1877 1456 dicto

459 1507 577 1613 cupite
593 1533 641 1582 eu
655 1519 755 1585 esset
771 1503 918 1580 bouum
945 1503 1005 1579 vel
1028 1502 1182 1580 melum.
1206 1502 1475 1609 Requisitussi
1500 1502 1670 1581 audierat
1688 1505 1792 1610 prius
1818 1508 1876 1584 vel

457 1635 629 1741 post-dici
643 1633 749 1741 quod
766 1631 921 1739 aliquod
931 1632 1074 1710 malum
1087 1631 1209 1739 capud
1215 1632 1273 1708 vel
1287 1630 1446 1738 ydolum
1461 1633 1607 1711 essatiu
1616 1633 1717 1711 dicto
1727 1635 1873 1723 ordine,

457 1763 654 1871 respondit
675 1761 781 1869 quod
799 1788 896 1854 non,
917 1761 1097 1869 adjiciens
1114 1760 1219 1867 quod
1246 1761 1368 1838 dictus
1386 1762 1533 1841 Petrus.
1545 1762 1688 1840 dixerat
1710 1764 1752 1840 ei.
1770 1767 1876 1870 quod

458 1896 671 2001 predictum
691 1892 814 1999 capud
831 1909 910 1971 erat
928 1892 1044 1969 sancti
1058 1892 1157 1969 Petri
1177 1889 1235 1967 vel
1253 1891 1370 1968 sancti
1384 1890 1518 1983 Blasiis
1532 1891 1580 1969 de
1595 1891 1677 1970 eliis
1692 1894 1877 2000 capitibus

458 2024 506 2102 ds
520 2025 660 2133 quibus
667 2023 926 2129 deposuerunt
937 2022 1113 2128 magister
1126 2020 1339 2099 Anthonius
1349 2022 1397 2098 de
1406 2021 1757 2100 Vercellisetfrnter
1766 2026 1876 2134 Hugo

459 2154 507 2231 de
526 2156 649 2232 Fauro
664 2180 742 2230 uon
759 2152 951 2230 audiverat
969 2151 1052 2230 lieri
1071 2152 1326 2240 mencionem,
1348 2167 1394 2228 ut
1406 2151 1510 2229 dixit.
1532 2154 1643 2243 Item,
1660 2151 1755 2230 dixit
1772 2155 1878 2260 quod

458 2281 515 2359 illi
529 2282 598 2388 qui
612 2280 821 2358 noluissent
838 2280 958 2357 facero
978 2280 1108 2357 illicita
1131 2279 1335 2357 coufessatt
1356 2286 1425 2384 per
1451 2310 1558 2374 eum,
1582 2280 1641 2358 vel
1654 2309 1697 2359 ea
1719 2283 1878 2361 revelas-

460 2426 624 2487 sensnm
644 2402 785 2486 secreta
802 2408 1084 2514 mpituliornm
1101 2408 1260 2485 fuissent
1275 2408 1489 2487 incarcerati
1508 2425 1548 2487 et
1560 2410 1719 2516 graviter
1738 2413 1872 2517 puniti.

458 2541 574 2628 Item,
599 2540 693 2619 dixit
718 2538 825 2645 quod
855 2538 990 2645 elapsis
1018 2537 1139 2616 tribus
1164 2538 1271 2615 annis
1292 2538 1351 2615 vel
1380 2539 1477 2616 cirne
1504 2555 1590 2644 post
1616 2540 1874 2646 receptionem

459 2670 681 2759 suam,.fuit
702 2668 894 2748 coufessus
926 2669 975 2746 de
993 2669 1172 2775 predictis
1202 2667 1343 2746 illicitis
1375 2670 1428 2747 de·
1448 2669 1588 2775 quibus
1619 2670 1811 2776 deposuit,
1837 2673 1876 2750 iu

459 2798 560 2878 dicto
583 2800 714 2879 Castro
733 2798 943 2908 Peregrini,
962 2798 1067 2876 fratri
1086 2800 1196 2876 Petro
1215 2798 1262 2874 de
1282 2798 1443 2876 Cetus-oo
1465 2797 1783 2877 ordinislmturm
1807 2803 1879 2879 Mi-

458 2956 617 3022 norum,
633 2930 808 3037 episcopo
823 2929 871 3008 de
882 2928 1053 3015 Gibelct,
1074 2955 1188 3034 quem
1210 2926 1330 3004 credit
1342 2927 1541 3018 vivere,et··
1548 2925 1743 3005 absolutus
1754 2929 1801 3007 ab
1817 2959 1876 3018 eo,

431 3146 433 3150 Α
461 3076 499 3135 et
519 3059 694 3164 imposita
713 3060 748 3136 ei
769 3058 980 3164 penitencia
1002 3058 1108 3165 quod
1124 3056 1315 3165 jejunaret
1334 3054 1571 3152 settis'feriis
1593 3084 1662 3163 per
1678 3084 1820 3135 annum
1835 3061 1875 3135 in

460 3213 556 3292 ptrue
573 3205 612 3265 et
623 3216 735 3294 aqua,
754 3188 862 3294 quod
875 3204 916 3265 et
926 3186 1029 3277 lecit,
1051 3206 1088 3265 et
1102 3187 1224 3265 dictus
1239 3186 1435 3293 episeopus
1453 3183 1589 3263 fuit-do
1608 3186 1786 3291 predictis
1796 3188 1878 3293 plu·

460 3316 600 3393 rimum
620 3316 824 3394 admiratus
844 3333 882 3395 et
900 3317 1138 3422 stupefactus.
1151 3319 1309 3399 ¹Fratres
1322 3315 1466 3393 ordinis
1476 3315 1620 3422 quibus
1634 3316 1755 3393 credit
1769 3337 1879 3396 notos

460 3446 574 3525 luisse
585 3475 730 3525 errores
744 3447 970 3525 coufessatos
984 3475 1053 3552 per
1072 3474 1160 3522 eum
1175 3446 1328 3524 luerunt
1346 3445 1594 3551 negligentes,
1610 3447 1698 3552 quia
1714 3475 1790 3526 uon
1800 3477 1878 3525 cor·

460 3594 638 3655 rexerunt
652 3602 717 3654 eos
735 3604 805 3654 nec
825 3577 1155 3655 denunciaverunt·
1173 3576 1350 3653 Ecclesie.
1378 3574 1610 3652 Elemosinas
1630 3593 1668 3652 et
1685 3577 1878 3682 hospitali·

460 3721 572 3783 tatem
594 3707 688 3785 vidit
702 3708 975 3785 convenienter
990 3706 1072 3783 fieri
1095 3723 1134 3782 et
1150 3707 1287 3783 servari
1306 3706 1346 3781 in
1369 3703 1547 3781 domibus
1571 3705 1715 3783 ordinis
1733 3707 1774 3781 in
1794 3708 1877 3812 qui·

459 3834 531 3915 bus
554 3838 676 3915 extitit
698 3855 967 3925 commoratus,
996 3855 1034 3914 et
1056 3837 1196 3914 audivit
1215 3836 1288 3913 dici
1307 3836 1413 3941 quod
1437 3861 1571 3911 eorum
1588 3834 1762 3941 capitulio
1779 3836 1874 3912 clem

459 3968 695 4055 tenebantur,
723 3969 839 4045 nullis
862 3968 1098 4075 presentibus
1125 3967 1197 4045 nisi
1221 3965 1399 4043 fratribus
1420 3964 1584 4042 ordinis·
1605 3964 1783 4044 Ordinata
1802 3990 1878 4071 per

460 4096 678 4202 Magistrum
699 4115 994 4179 cum.:couvcntu
1015 4104 1195 4175 servasset
1216 4112 1330 4173 totus.
1344 4095 1440 4172 ordo
1448 4132 1463 4185 ,·
1483 4112 1612 4171 coum
1635 4120 1749 4201 quem
1776 4123 1878 4173 nuuc

459 4242 613 4332 propter
622 4228 789 4331 predicta
801 4230 957 4335 grandia
970 4229 1156 4317 scandala,
1171 4227 1396 4332 ·suspicioet
1412 4225 1565 4302 infernin
1578 4228 1668 4302 runt
1678 4241 1823 4317 exorta,
1841 4244 1879 4303 et

460 4355 578 4433 credit
595 4357 701 4462 quod
714 4358 1025 4466 Magisteratalii
1042 4360 1116 4435 siut
1137 4357 1294 4435 confessi
1319 4355 1450 4433 illicita
1469 4354 1762 4460 confortata-per
1774 4382 1873 4434 eum.

459 4485 869 4563 Nouobtuleratsead
883 4485 1156 4564 deffensiobeln
1176 4487 1332 4565 ordinisz
1557 4514 1577 4541 ⁴·
1634 4526 1707 4549 ····
1737 4534 1742 4543 ι
1942 4490 1945 4497 ’

509 4615 730 4720 ·Requisitus
743 4617 775 4691 si
788 4616 846 4692 sic·
857 4616 1081 4720 deposuerat
1092 4643 1228 4720 prece,¹
1238 4634 1429 4722 precepto,
1445 4617 1599 4707 timore,
1609 4642 1755 4704 amore,
1768 4616 1871 4703 odio,

460 4743 517 4819 vel
526 4744 722 4848 temporali
731 4744 893 4831 comodo
908 4744 1036 4822 habito
1045 4745 1504 4853 velbabeudo-respondit
1513 4746 1620 4853 quod
1630 4768 1719 4837 non‘,
1730 4744 1798 4823 sed
1805 4771 1874 4850 pro
