<?xml version="1.0" encoding="UTF-8"?>
<!DOCTYPE html PUBLIC "-//W3C//DTD XHTML 1.0 Transitional//EN"
    "http://www.w3.org/TR/xhtml1/DTD/xhtml1-transitional.dtd">
<html xmlns="http://www.w3.org/1999/xhtml" xml:lang="en" lang="en">
 <head>
  <title>
</title>
<meta http-equiv="Content-Type" content="text/html;charset=utf-8" />
  <meta name='ocr-system' content='tesseract 3.04.00' />
  <meta name='ocr-capabilities' content='ocr_page ocr_carea ocr_par ocr_line ocrx_word'/>
</head>
<body>
  <div class='ocr_page' id='page_1' title='image "./procsdestemplie01defegoog/procsdestemplie01defegoog_0395.png"; bbox 0 0 4230 5956; ppageno 0'>
   <div class='ocr_carea' id='block_1_1' title="bbox 699 476 1722 569">
    <p class='ocr_par' dir='ltr' id='par_1_1' title="bbox 699 476 1722 569">
     <span class='ocr_line' id='line_1_1' title="bbox 699 476 1722 569; baseline 0 -1"><span class='ocrx_word' id='word_1_1' title='bbox 699 476 893 568; x_wconf 76' lang='lat' dir='ltr'>roccus</span> <span class='ocrx_word' id='word_1_2' title='bbox 919 496 1014 566; x_wconf 84' lang='lat' dir='ltr'>ons</span> <span class='ocrx_word' id='word_1_3' title='bbox 1040 494 1338 567; x_wconf 77' lang='lat' dir='ltr'>raurnrnus.</span> <span class='ocrx_word' id='word_1_4' title='bbox 1650 498 1722 569; x_wconf 82' lang='lat' dir='ltr'>aco</span> 
     </span>
    </p>
   </div>
   <div class='ocr_carea' id='block_1_2' title="bbox 310 633 1729 1387">
    <p class='ocr_par' dir='ltr' id='par_1_2' title="bbox 310 633 1729 1387">
     <span class='ocr_line' id='line_1_2' title="bbox 315 633 1723 741; baseline -0.002 -29"><span class='ocrx_word' id='word_1_5' title='bbox 315 640 448 714; x_wconf 88' lang='lat' dir='ltr'>invitus</span> <span class='ocrx_word' id='word_1_6' title='bbox 465 635 567 741; x_wconf 86' lang='lat' dir='ltr'><strong>spuit</strong></span> <span class='ocrx_word' id='word_1_7' title='bbox 581 663 691 738; x_wconf 91' lang='lat' dir='ltr'>supra</span> <span class='ocrx_word' id='word_1_8' title='bbox 703 663 852 712; x_wconf 92' lang='lat' dir='ltr'>crucem</span> <span class='ocrx_word' id='word_1_9' title='bbox 873 636 1041 711; x_wconf 90' lang='lat' dir='ltr'>mantelli</span> <span class='ocrx_word' id='word_1_10' title='bbox 1062 637 1118 712; x_wconf 89' lang='lat' dir='ltr'>sui</span> <span class='ocrx_word' id='word_1_11' title='bbox 1138 635 1259 724; x_wconf 70' lang='lat' dir='ltr'>testis,</span> <span class='ocrx_word' id='word_1_12' title='bbox 1280 634 1372 710; x_wconf 82' lang='lat' dir='ltr'>dixit</span> <span class='ocrx_word' id='word_1_13' title='bbox 1391 633 1508 709; x_wconf 90' lang='lat' dir='ltr'>eciam</span> <span class='ocrx_word' id='word_1_14' title='bbox 1528 634 1630 738; x_wconf 90' lang='lat' dir='ltr'>quod</span> <span class='ocrx_word' id='word_1_15' title='bbox 1648 662 1723 712; x_wconf 91' lang='lat' dir='ltr'>non</span> 
     </span>
     <span class='ocr_line' id='line_1_3' title="bbox 314 763 1723 872; baseline -0.004 -28"><span class='ocrx_word' id='word_1_16' title='bbox 314 766 460 872; x_wconf 87' lang='lat' dir='ltr'>negavit</span> <span class='ocrx_word' id='word_1_17' title='bbox 475 764 687 853; x_wconf 86' lang='lat' dir='ltr'><strong>Christum,</strong></span> <span class='ocrx_word' id='word_1_18' title='bbox 708 792 778 842; x_wconf 89' lang='lat' dir='ltr'>nec</span> <span class='ocrx_word' id='word_1_19' title='bbox 792 764 865 841; x_wconf 83' lang='lat' dir='ltr'>fuit</span> <span class='ocrx_word' id='word_1_20' title='bbox 886 766 1027 841; x_wconf 90' lang='lat' dir='ltr'>dictum</span> <span class='ocrx_word' id='word_1_21' title='bbox 1048 764 1135 854; x_wconf 78' lang='lat' dir='ltr'>sibi3</span> <span class='ocrx_word' id='word_1_22' title='bbox 1160 782 1197 841; x_wconf 90' lang='lat' dir='ltr'>et</span> <span class='ocrx_word' id='word_1_23' title='bbox 1216 763 1319 870; x_wconf 93' lang='lat' dir='ltr'>quod</span> <span class='ocrx_word' id='word_1_24' title='bbox 1337 779 1485 839; x_wconf 85' lang='lat' dir='ltr'>voverat</span> <span class='ocrx_word' id='word_1_25' title='bbox 1503 763 1723 853; x_wconf 82' lang='lat' dir='ltr'>castitatem,</span> 
     </span>
     <span class='ocr_line' id='line_1_4' title="bbox 314 890 1727 1000; baseline -0.004 -29"><span class='ocrx_word' id='word_1_26' title='bbox 314 896 392 972; x_wconf 89' lang='lat' dir='ltr'>sine</span> <span class='ocrx_word' id='word_1_27' title='bbox 408 894 534 1000; x_wconf 90' lang='lat' dir='ltr'>aliquo</span> <span class='ocrx_word' id='word_1_28' title='bbox 548 893 622 969; x_wconf 92' lang='lat' dir='ltr'>alio</span> <span class='ocrx_word' id='word_1_29' title='bbox 637 910 813 1000; x_wconf 83' lang='lat' dir='ltr'>precepto</span> <span class='ocrx_word' id='word_1_30' title='bbox 826 894 897 969; x_wconf 91' lang='lat' dir='ltr'>sibi</span> <span class='ocrx_word' id='word_1_31' title='bbox 914 894 1020 971; x_wconf 81' lang='lat' dir='ltr'>lacto.</span> <span class='ocrx_word' id='word_1_32' title='bbox 1037 893 1250 998; x_wconf 86' lang='lat' dir='ltr'>Requisitus</span> <span class='ocrx_word' id='word_1_33' title='bbox 1261 909 1387 969; x_wconf 88' lang='lat' dir='ltr'>utrum</span> <span class='ocrx_word' id='word_1_34' title='bbox 1398 893 1450 980; x_wconf 84' lang='lat' dir='ltr'>vi,</span> <span class='ocrx_word' id='word_1_35' title='bbox 1467 890 1525 966; x_wconf 89' lang='lat' dir='ltr'>vel</span> <span class='ocrx_word' id='word_1_36' title='bbox 1539 908 1643 968; x_wconf 89' lang='lat' dir='ltr'>metu</span> <span class='ocrx_word' id='word_1_37' title='bbox 1654 918 1727 967; x_wconf 91' lang='lat' dir='ltr'>car-</span> 
     </span>
     <span class='ocr_line' id='line_1_5' title="bbox 315 1019 1726 1128; baseline -0.003 -28"><span class='ocrx_word' id='word_1_38' title='bbox 315 1024 407 1100; x_wconf 88' lang='lat' dir='ltr'>ceris</span> <span class='ocrx_word' id='word_1_39' title='bbox 427 1051 493 1099; x_wconf 89' lang='lat' dir='ltr'>seu</span> <span class='ocrx_word' id='word_1_40' title='bbox 515 1038 803 1111; x_wconf 86' lang='lat' dir='ltr'>tormentorum,</span> <span class='ocrx_word' id='word_1_41' title='bbox 823 1040 886 1098; x_wconf 93' lang='lat' dir='ltr'>aut</span> <span class='ocrx_word' id='word_1_42' title='bbox 905 1023 975 1099; x_wconf 89' lang='lat' dir='ltr'>alia</span> <span class='ocrx_word' id='word_1_43' title='bbox 996 1023 1043 1098; x_wconf 87' lang='lat' dir='ltr'>dc</span> <span class='ocrx_word' id='word_1_44' title='bbox 1066 1051 1191 1110; x_wconf 90' lang='lat' dir='ltr'>causa,</span> <span class='ocrx_word' id='word_1_45' title='bbox 1209 1022 1372 1128; x_wconf 85' lang='lat' dir='ltr'>aliquam</span> <span class='ocrx_word' id='word_1_46' title='bbox 1388 1021 1521 1098; x_wconf 89' lang='lat' dir='ltr'>dixerit</span> <span class='ocrx_word' id='word_1_47' title='bbox 1532 1019 1726 1098; x_wconf 83' lang='lat' dir='ltr'>falsitatem</span> 
     </span>
     <span class='ocr_line' id='line_1_6' title="bbox 315 1151 1729 1259; baseline -0.004 -28"><span class='ocrx_word' id='word_1_48' title='bbox 315 1171 379 1231; x_wconf 87' lang='lat' dir='ltr'>aut</span> <span class='ocrx_word' id='word_1_49' title='bbox 393 1153 636 1229; x_wconf 85' lang='lat' dir='ltr'>immiscuerit</span> <span class='ocrx_word' id='word_1_50' title='bbox 656 1152 694 1226; x_wconf 91' lang='lat' dir='ltr'>in</span> <span class='ocrx_word' id='word_1_51' title='bbox 714 1152 952 1259; x_wconf 88' lang='lat' dir='ltr'>deposicione</span> <span class='ocrx_word' id='word_1_52' title='bbox 973 1181 1056 1240; x_wconf 89' lang='lat' dir='ltr'>sua,</span> <span class='ocrx_word' id='word_1_53' title='bbox 1079 1180 1145 1228; x_wconf 89' lang='lat' dir='ltr'>seu</span> <span class='ocrx_word' id='word_1_54' title='bbox 1158 1153 1312 1228; x_wconf 85' lang='lat' dir='ltr'>tacuerit</span> <span class='ocrx_word' id='word_1_55' title='bbox 1325 1152 1531 1235; x_wconf 84' lang='lat' dir='ltr'>veritatem,</span> <span class='ocrx_word' id='word_1_56' title='bbox 1552 1151 1642 1227; x_wconf 82' lang='lat' dir='ltr'>dixit</span> <span class='ocrx_word' id='word_1_57' title='bbox 1660 1179 1729 1255; x_wconf 88' lang='lat' dir='ltr'>per</span> 
     </span>
     <span class='ocr_line' id='line_1_7' title="bbox 310 1281 1726 1387; baseline -0.004 -28"><span class='ocrx_word' id='word_1_58' title='bbox 310 1284 563 1387; x_wconf 86' lang='lat' dir='ltr'>juramentum</span> <span class='ocrx_word' id='word_1_59' title='bbox 575 1308 684 1357; x_wconf 91' lang='lat' dir='ltr'>suum</span> <span class='ocrx_word' id='word_1_60' title='bbox 699 1281 804 1386; x_wconf 89' lang='lat' dir='ltr'>quod</span> <span class='ocrx_word' id='word_1_61' title='bbox 816 1309 909 1370; x_wconf 68' lang='lat' dir='ltr'>non,</span> <span class='ocrx_word' id='word_1_62' title='bbox 925 1282 1040 1357; x_wconf 91' lang='lat' dir='ltr'>immo</span> <span class='ocrx_word' id='word_1_63' title='bbox 1061 1282 1153 1357; x_wconf 81' lang='lat' dir='ltr'>dixit</span> <span class='ocrx_word' id='word_1_64' title='bbox 1166 1309 1299 1386; x_wconf 86' lang='lat' dir='ltr'>puram</span> <span class='ocrx_word' id='word_1_65' title='bbox 1321 1297 1357 1356; x_wconf 92' lang='lat' dir='ltr'>et</span> <span class='ocrx_word' id='word_1_66' title='bbox 1372 1308 1511 1356; x_wconf 90' lang='lat' dir='ltr'>meram</span> <span class='ocrx_word' id='word_1_67' title='bbox 1523 1281 1726 1357; x_wconf 85' lang='lat' dir='ltr'>veritatem.</span> 
     </span>
    </p>
   </div>
   <div class='ocr_carea' id='block_1_3' title="bbox 315 1537 1734 3842">
    <p class='ocr_par' dir='ltr' id='par_1_3' title="bbox 315 1537 1734 3842">
     <span class='ocr_line' id='line_1_8' title="bbox 370 1537 1729 1646; baseline 0.001 -31"><span class='ocrx_word' id='word_1_68' title='bbox 370 1541 463 1615; x_wconf 88' lang='lat' dir='ltr'>Item</span> <span class='ocrx_word' id='word_1_69' title='bbox 478 1537 588 1615; x_wconf 81' lang='lat' dir='ltr'>irater</span> <span class='ocrx_word' id='word_1_70' title='bbox 601 1539 786 1617; x_wconf 81' lang='lat' dir='ltr'>lohannes</span> <span class='ocrx_word' id='word_1_71' title='bbox 803 1543 849 1618; x_wconf 89' lang='lat' dir='ltr'>de</span> <span class='ocrx_word' id='word_1_72' title='bbox 866 1542 995 1619; x_wconf 89' lang='lat' dir='ltr'>Castro</span> <span class='ocrx_word' id='word_1_73' title='bbox 1016 1541 1158 1628; x_wconf 90' lang='lat' dir='ltr'>Villari,</span> <span class='ocrx_word' id='word_1_74' title='bbox 1176 1542 1282 1617; x_wconf 87' lang='lat' dir='ltr'>etatis</span> <span class='ocrx_word' id='word_1_75' title='bbox 1295 1540 1444 1645; x_wconf 83' lang='lat' dir='ltr'>triginta</span> <span class='ocrx_word' id='word_1_76' title='bbox 1458 1567 1655 1625; x_wconf 88' lang='lat' dir='ltr'>annorum,</span> <span class='ocrx_word' id='word_1_77' title='bbox 1668 1542 1729 1646; x_wconf 87' lang='lat' dir='ltr'>ju·</span> 
     </span>
     <span class='ocr_line' id='line_1_9' title="bbox 316 1668 1730 1753; baseline 0.001 -10"><span class='ocrx_word' id='word_1_78' title='bbox 316 1685 415 1743; x_wconf 88' lang='lat' dir='ltr'>ratus</span> <span class='ocrx_word' id='word_1_79' title='bbox 435 1668 569 1743; x_wconf 89' lang='lat' dir='ltr'>eodem</span> <span class='ocrx_word' id='word_1_80' title='bbox 589 1670 704 1746; x_wconf 90' lang='lat' dir='ltr'>modo</span> <span class='ocrx_word' id='word_1_81' title='bbox 730 1670 776 1746; x_wconf 91' lang='lat' dir='ltr'>de</span> <span class='ocrx_word' id='word_1_82' title='bbox 796 1700 835 1746; x_wconf 93' lang='lat' dir='ltr'>se</span> <span class='ocrx_word' id='word_1_83' title='bbox 858 1688 895 1746; x_wconf 90' lang='lat' dir='ltr'>et</span> <span class='ocrx_word' id='word_1_84' title='bbox 919 1670 999 1746; x_wconf 89' lang='lat' dir='ltr'>aliis</span> <span class='ocrx_word' id='word_1_85' title='bbox 1028 1672 1066 1745; x_wconf 89' lang='lat' dir='ltr'>in</span> <span class='ocrx_word' id='word_1_86' title='bbox 1087 1697 1192 1745; x_wconf 89' lang='lat' dir='ltr'>causa</span> <span class='ocrx_word' id='word_1_87' title='bbox 1211 1668 1298 1744; x_wconf 90' lang='lat' dir='ltr'>fidei</span> <span class='ocrx_word' id='word_1_88' title='bbox 1321 1668 1445 1744; x_wconf 90' lang='lat' dir='ltr'>dicere</span> <span class='ocrx_word' id='word_1_89' title='bbox 1465 1669 1674 1753; x_wconf 84' lang='lat' dir='ltr'>veritatem,</span> <span class='ocrx_word' id='word_1_90' title='bbox 1691 1686 1730 1744; x_wconf 91' lang='lat' dir='ltr'>et</span> 
     </span>
     <span class='ocr_line' id='line_1_10' title="bbox 316 1797 1729 1905; baseline 0 -32"><span class='ocrx_word' id='word_1_91' title='bbox 316 1800 562 1903; x_wconf 82' lang='lat' dir='ltr'>interrogatus</span> <span class='ocrx_word' id='word_1_92' title='bbox 578 1798 625 1874; x_wconf 92' lang='lat' dir='ltr'>de</span> <span class='ocrx_word' id='word_1_93' title='bbox 639 1801 755 1877; x_wconf 93' lang='lat' dir='ltr'>modo</span> <span class='ocrx_word' id='word_1_94' title='bbox 769 1817 806 1877; x_wconf 88' lang='lat' dir='ltr'>et</span> <span class='ocrx_word' id='word_1_95' title='bbox 823 1816 990 1905; x_wconf 90' lang='lat' dir='ltr'>tempore</span> <span class='ocrx_word' id='word_1_96' title='bbox 1011 1829 1075 1876; x_wconf 89' lang='lat' dir='ltr'>sue</span> <span class='ocrx_word' id='word_1_97' title='bbox 1095 1800 1338 1902; x_wconf 89' lang='lat' dir='ltr'>recepcionis‚</span> <span class='ocrx_word' id='word_1_98' title='bbox 1363 1797 1455 1872; x_wconf 82' lang='lat' dir='ltr'>dixit</span> <span class='ocrx_word' id='word_1_99' title='bbox 1469 1825 1536 1901; x_wconf 91' lang='lat' dir='ltr'>per</span> <span class='ocrx_word' id='word_1_100' title='bbox 1545 1798 1729 1903; x_wconf 88' lang='lat' dir='ltr'>juramen-</span> 
     </span>
     <span class='ocr_line' id='line_1_11' title="bbox 315 1924 1725 2033; baseline 0.002 -34"><span class='ocrx_word' id='word_1_101' title='bbox 315 1943 395 2001; x_wconf 91' lang='lat' dir='ltr'>tum</span> <span class='ocrx_word' id='word_1_102' title='bbox 418 1952 528 2000; x_wconf 91' lang='lat' dir='ltr'>suum</span> <span class='ocrx_word' id='word_1_103' title='bbox 543 1926 647 2030; x_wconf 93' lang='lat' dir='ltr'>quod</span> <span class='ocrx_word' id='word_1_104' title='bbox 661 1924 732 2002; x_wconf 79' lang='lat' dir='ltr'>luit</span> <span class='ocrx_word' id='word_1_105' title='bbox 746 1945 917 2031; x_wconf 88' lang='lat' dir='ltr'>receptus</span> <span class='ocrx_word' id='word_1_106' title='bbox 938 1930 1039 2033; x_wconf 91' lang='lat' dir='ltr'>apud</span> <span class='ocrx_word' id='word_1_107' title='bbox 1057 1930 1311 2003; x_wconf 89' lang='lat' dir='ltr'>Mormentum</span> <span class='ocrx_word' id='word_1_108' title='bbox 1338 1925 1495 2002; x_wconf 89' lang='lat' dir='ltr'>diocesis</span> <span class='ocrx_word' id='word_1_109' title='bbox 1515 1928 1725 2015; x_wconf 87' lang='lat' dir='ltr'>Trecensis,</span> 
     </span>
     <span class='ocr_line' id='line_1_12' title="bbox 317 2054 1730 2162; baseline 0.004 -34"><span class='ocrx_word' id='word_1_110' title='bbox 317 2081 383 2157; x_wconf 87' lang='lat' dir='ltr'>per</span> <span class='ocrx_word' id='word_1_111' title='bbox 401 2054 551 2128; x_wconf 84' lang='lat' dir='ltr'>fratrem</span> <span class='ocrx_word' id='word_1_112' title='bbox 575 2055 822 2131; x_wconf 88' lang='lat' dir='ltr'>Laurencium</span> <span class='ocrx_word' id='word_1_113' title='bbox 844 2056 891 2133; x_wconf 91' lang='lat' dir='ltr'>de</span> <span class='ocrx_word' id='word_1_114' title='bbox 912 2057 1024 2133; x_wconf 86' lang='lat' dir='ltr'>Belua</span> <span class='ocrx_word' id='word_1_115' title='bbox 1053 2073 1309 2160; x_wconf 84' lang='lat' dir='ltr'>preceptorem</span> <span class='ocrx_word' id='word_1_116' title='bbox 1330 2055 1428 2131; x_wconf 87' lang='lat' dir='ltr'>dicte</span> <span class='ocrx_word' id='word_1_117' title='bbox 1456 2055 1612 2144; x_wconf 88' lang='lat' dir='ltr'>domus,</span> <span class='ocrx_word' id='word_1_118' title='bbox 1639 2086 1730 2162; x_wconf 88' lang='lat' dir='ltr'>qua-</span> 
     </span>
     <span class='ocr_line' id='line_1_13' title="bbox 316 2182 1731 2291; baseline 0.002 -32"><span class='ocrx_word' id='word_1_119' title='bbox 316 2201 403 2259; x_wconf 88' lang='lat' dir='ltr'>tuor</span> <span class='ocrx_word' id='word_1_120' title='bbox 418 2184 503 2258; x_wconf 89' lang='lat' dir='ltr'>anni</span> <span class='ocrx_word' id='word_1_121' title='bbox 524 2200 611 2258; x_wconf 91' lang='lat' dir='ltr'>sunt</span> <span class='ocrx_word' id='word_1_122' title='bbox 626 2185 664 2258; x_wconf 91' lang='lat' dir='ltr'>in</span> <span class='ocrx_word' id='word_1_123' title='bbox 677 2182 770 2261; x_wconf 87' lang='lat' dir='ltr'>sesto</span> <span class='ocrx_word' id='word_1_124' title='bbox 786 2184 1003 2291; x_wconf 84' lang='lat' dir='ltr'>Magdalene</span> <span class='ocrx_word' id='word_1_125' title='bbox 1016 2187 1163 2261; x_wconf 85' lang='lat' dir='ltr'>instanti</span> <span class='ocrx_word' id='word_1_126' title='bbox 1179 2185 1348 2290; x_wconf 91' lang='lat' dir='ltr'>proximo</span> <span class='ocrx_word' id='word_1_127' title='bbox 1363 2185 1557 2289; x_wconf 88' lang='lat' dir='ltr'>preterito,</span> <span class='ocrx_word' id='word_1_128' title='bbox 1578 2212 1731 2289; x_wconf 88' lang='lat' dir='ltr'>presen-</span> 
     </span>
     <span class='ocr_line' id='line_1_14' title="bbox 316 2310 1729 2419; baseline 0.004 -32"><span class='ocrx_word' id='word_1_129' title='bbox 316 2313 417 2389; x_wconf 87' lang='lat' dir='ltr'>tibus</span> <span class='ocrx_word' id='word_1_130' title='bbox 443 2310 554 2388; x_wconf 86' lang='lat' dir='ltr'>sratre</span> <span class='ocrx_word' id='word_1_131' title='bbox 578 2312 726 2391; x_wconf 89' lang='lat' dir='ltr'>Juliano</span> <span class='ocrx_word' id='word_1_132' title='bbox 755 2313 946 2419; x_wconf 88' lang='lat' dir='ltr'>capellano</span> <span class='ocrx_word' id='word_1_133' title='bbox 969 2314 1066 2391; x_wconf 92' lang='lat' dir='ltr'>dicte</span> <span class='ocrx_word' id='word_1_134' title='bbox 1096 2314 1246 2401; x_wconf 90' lang='lat' dir='ltr'>domus,</span> <span class='ocrx_word' id='word_1_135' title='bbox 1269 2332 1306 2390; x_wconf 92' lang='lat' dir='ltr'>et</span> <span class='ocrx_word' id='word_1_136' title='bbox 1325 2313 1548 2419; x_wconf 83' lang='lat' dir='ltr'>quibusdam</span> <span class='ocrx_word' id='word_1_137' title='bbox 1573 2314 1655 2390; x_wconf 92' lang='lat' dir='ltr'>aliis</span> <span class='ocrx_word' id='word_1_138' title='bbox 1682 2315 1729 2392; x_wconf 92' lang='lat' dir='ltr'>de</span> 
     </span>
     <span class='ocr_line' id='line_1_15' title="bbox 317 2442 1729 2548; baseline 0.002 -30"><span class='ocrx_word' id='word_1_139' title='bbox 317 2470 477 2547; x_wconf 91' lang='lat' dir='ltr'>quorum</span> <span class='ocrx_word' id='word_1_140' title='bbox 493 2442 708 2520; x_wconf 90' lang='lat' dir='ltr'>nominibus</span> <span class='ocrx_word' id='word_1_141' title='bbox 731 2471 808 2519; x_wconf 91' lang='lat' dir='ltr'>non</span> <span class='ocrx_word' id='word_1_142' title='bbox 829 2444 971 2521; x_wconf 88' lang='lat' dir='ltr'>recolit.</span> <span class='ocrx_word' id='word_1_143' title='bbox 1001 2444 1101 2521; x_wconf 83' lang='lat' dir='ltr'>Dixit</span> <span class='ocrx_word' id='word_1_144' title='bbox 1128 2446 1243 2521; x_wconf 91' lang='lat' dir='ltr'>eciam</span> <span class='ocrx_word' id='word_1_145' title='bbox 1268 2472 1337 2547; x_wconf 92' lang='lat' dir='ltr'>per</span> <span class='ocrx_word' id='word_1_146' title='bbox 1348 2443 1599 2548; x_wconf 87' lang='lat' dir='ltr'>juramentum</span> <span class='ocrx_word' id='word_1_147' title='bbox 1620 2472 1729 2521; x_wconf 92' lang='lat' dir='ltr'>suum</span> 
     </span>
     <span class='ocr_line' id='line_1_16' title="bbox 317 2572 1731 2678; baseline 0.002 -30"><span class='ocrx_word' id='word_1_148' title='bbox 317 2572 439 2676; x_wconf 90' lang='lat' dir='ltr'>quod,</span> <span class='ocrx_word' id='word_1_149' title='bbox 469 2589 551 2676; x_wconf 93' lang='lat' dir='ltr'>post</span> <span class='ocrx_word' id='word_1_150' title='bbox 569 2572 705 2649; x_wconf 86' lang='lat' dir='ltr'>multas</span> <span class='ocrx_word' id='word_1_151' title='bbox 720 2573 984 2678; x_wconf 88' lang='lat' dir='ltr'>promissiones</span> <span class='ocrx_word' id='word_1_152' title='bbox 1005 2573 1115 2650; x_wconf 84' lang='lat' dir='ltr'>factas</span> <span class='ocrx_word' id='word_1_153' title='bbox 1134 2574 1179 2650; x_wconf 90' lang='lat' dir='ltr'>ab</span> <span class='ocrx_word' id='word_1_154' title='bbox 1201 2601 1245 2649; x_wconf 92' lang='lat' dir='ltr'>eo</span> <span class='ocrx_word' id='word_1_155' title='bbox 1262 2575 1307 2649; x_wconf 93' lang='lat' dir='ltr'>de</span> <span class='ocrx_word' id='word_1_156' title='bbox 1322 2572 1432 2649; x_wconf 90' lang='lat' dir='ltr'>bonis</span> <span class='ocrx_word' id='word_1_157' title='bbox 1446 2574 1589 2649; x_wconf 87' lang='lat' dir='ltr'>statutis</span> <span class='ocrx_word' id='word_1_158' title='bbox 1608 2590 1646 2649; x_wconf 88' lang='lat' dir='ltr'>et</span> <span class='ocrx_word' id='word_1_159' title='bbox 1665 2574 1731 2651; x_wconf 86' lang='lat' dir='ltr'>ob</span> 
     </span>
     <span class='ocr_line' id='line_1_17' title="bbox 318 2702 1731 2807; baseline 0 -30"><span class='ocrx_word' id='word_1_160' title='bbox 318 2702 512 2778; x_wconf 89' lang='lat' dir='ltr'>servanciis</span> <span class='ocrx_word' id='word_1_161' title='bbox 532 2702 782 2780; x_wconf 87' lang='lat' dir='ltr'>dictiordinis</span> <span class='ocrx_word' id='word_1_162' title='bbox 795 2704 982 2790; x_wconf 86' lang='lat' dir='ltr'>tenendis,</span> <span class='ocrx_word' id='word_1_163' title='bbox 1003 2702 1222 2780; x_wconf 88' lang='lat' dir='ltr'>mantellum</span> <span class='ocrx_word' id='word_1_164' title='bbox 1238 2702 1307 2778; x_wconf 85' lang='lat' dir='ltr'>luit</span> <span class='ocrx_word' id='word_1_165' title='bbox 1321 2702 1391 2779; x_wconf 90' lang='lat' dir='ltr'>sibi</span> <span class='ocrx_word' id='word_1_166' title='bbox 1411 2703 1574 2807; x_wconf 92' lang='lat' dir='ltr'>positum</span> <span class='ocrx_word' id='word_1_167' title='bbox 1592 2703 1640 2778; x_wconf 89' lang='lat' dir='ltr'>ad</span> <span class='ocrx_word' id='word_1_168' title='bbox 1657 2702 1731 2779; x_wconf 88' lang='lat' dir='ltr'>col·</span> 
     </span>
     <span class='ocr_line' id='line_1_18' title="bbox 317 2830 1732 2938; baseline 0 -31"><span class='ocrx_word' id='word_1_169' title='bbox 317 2830 415 2920; x_wconf 92' lang='lat' dir='ltr'>lum,</span> <span class='ocrx_word' id='word_1_170' title='bbox 434 2850 469 2907; x_wconf 92' lang='lat' dir='ltr'>et</span> <span class='ocrx_word' id='word_1_171' title='bbox 481 2848 609 2936; x_wconf 88' lang='lat' dir='ltr'>postea</span> <span class='ocrx_word' id='word_1_172' title='bbox 624 2832 745 2909; x_wconf 89' lang='lat' dir='ltr'>dictus</span> <span class='ocrx_word' id='word_1_173' title='bbox 764 2833 947 2938; x_wconf 91' lang='lat' dir='ltr'>recipiens</span> <span class='ocrx_word' id='word_1_174' title='bbox 962 2833 1101 2937; x_wconf 89' lang='lat' dir='ltr'>recepit</span> <span class='ocrx_word' id='word_1_175' title='bbox 1114 2834 1237 2937; x_wconf 91' lang='lat' dir='ltr'>ipsum</span> <span class='ocrx_word' id='word_1_176' title='bbox 1254 2832 1301 2908; x_wconf 94' lang='lat' dir='ltr'>ad</span> <span class='ocrx_word' id='word_1_177' title='bbox 1319 2832 1486 2909; x_wconf 91' lang='lat' dir='ltr'>osculum</span> <span class='ocrx_word' id='word_1_178' title='bbox 1504 2834 1578 2908; x_wconf 90' lang='lat' dir='ltr'>oris</span> <span class='ocrx_word' id='word_1_179' title='bbox 1598 2845 1636 2907; x_wconf 88' lang='lat' dir='ltr'>et</span> <span class='ocrx_word' id='word_1_180' title='bbox 1656 2859 1732 2909; x_wconf 90' lang='lat' dir='ltr'>om-</span> 
     </span>
     <span class='ocr_line' id='line_1_19' title="bbox 319 2960 1729 3065; baseline 0.001 -29"><span class='ocrx_word' id='word_1_181' title='bbox 319 2990 383 3037; x_wconf 90' lang='lat' dir='ltr'>nes</span> <span class='ocrx_word' id='word_1_182' title='bbox 403 2961 463 3037; x_wconf 89' lang='lat' dir='ltr'>alii</span> <span class='ocrx_word' id='word_1_183' title='bbox 484 2960 614 3038; x_wconf 84' lang='lat' dir='ltr'>fratres</span> <span class='ocrx_word' id='word_1_184' title='bbox 634 2964 831 3039; x_wconf 88' lang='lat' dir='ltr'>existentes</span> <span class='ocrx_word' id='word_1_185' title='bbox 850 2962 1016 3052; x_wconf 87' lang='lat' dir='ltr'>ibidem;</span> <span class='ocrx_word' id='word_1_186' title='bbox 1040 2979 1076 3038; x_wconf 91' lang='lat' dir='ltr'>et</span> <span class='ocrx_word' id='word_1_187' title='bbox 1099 2962 1215 3038; x_wconf 89' lang='lat' dir='ltr'>nichil</span> <span class='ocrx_word' id='word_1_188' title='bbox 1231 2962 1331 3038; x_wconf 88' lang='lat' dir='ltr'>aliud</span> <span class='ocrx_word' id='word_1_189' title='bbox 1353 2960 1422 3038; x_wconf 85' lang='lat' dir='ltr'>suit</span> <span class='ocrx_word' id='word_1_190' title='bbox 1441 2960 1511 3037; x_wconf 90' lang='lat' dir='ltr'>sibi</span> <span class='ocrx_word' id='word_1_191' title='bbox 1525 2960 1729 3065; x_wconf 87' lang='lat' dir='ltr'>injunctum</span> 
     </span>
     <span class='ocr_line' id='line_1_20' title="bbox 317 3089 1729 3196; baseline 0.001 -31"><span class='ocrx_word' id='word_1_192' title='bbox 317 3089 375 3166; x_wconf 87' lang='lat' dir='ltr'>vel</span> <span class='ocrx_word' id='word_1_193' title='bbox 391 3107 622 3195; x_wconf 86' lang='lat' dir='ltr'>preceptum,</span> <span class='ocrx_word' id='word_1_194' title='bbox 641 3092 735 3168; x_wconf 88' lang='lat' dir='ltr'>sicut</span> <span class='ocrx_word' id='word_1_195' title='bbox 748 3092 840 3167; x_wconf 87' lang='lat' dir='ltr'>dixit</span> <span class='ocrx_word' id='word_1_196' title='bbox 858 3120 925 3196; x_wconf 90' lang='lat' dir='ltr'>per</span> <span class='ocrx_word' id='word_1_197' title='bbox 934 3090 1188 3196; x_wconf 75' lang='lat' dir='ltr'>juramentcun</span> <span class='ocrx_word' id='word_1_198' title='bbox 1203 3120 1324 3167; x_wconf 89' lang='lat' dir='ltr'>suum.</span> <span class='ocrx_word' id='word_1_199' title='bbox 1335 3089 1423 3166; x_wconf 85' lang='lat' dir='ltr'>Acta</span> <span class='ocrx_word' id='word_1_200' title='bbox 1434 3106 1521 3167; x_wconf 90' lang='lat' dir='ltr'>sunt</span> <span class='ocrx_word' id='word_1_201' title='bbox 1534 3090 1603 3166; x_wconf 90' lang='lat' dir='ltr'>hec</span> <span class='ocrx_word' id='word_1_202' title='bbox 1614 3118 1729 3177; x_wconf 89' lang='lat' dir='ltr'>anno,</span> 
     </span>
     <span class='ocr_line' id='line_1_21' title="bbox 317 3217 1731 3325; baseline 0.001 -33"><span class='ocrx_word' id='word_1_203' title='bbox 317 3218 522 3303; x_wconf 84' lang='lat' dir='ltr'>indicione,</span> <span class='ocrx_word' id='word_1_204' title='bbox 545 3248 688 3319; x_wconf 80' lang='lat' dir='ltr'>mense,</span> <span class='ocrx_word' id='word_1_205' title='bbox 710 3221 788 3308; x_wconf 91' lang='lat' dir='ltr'>die,</span> <span class='ocrx_word' id='word_1_206' title='bbox 804 3218 1020 3325; x_wconf 85' lang='lat' dir='ltr'>pontificatu</span> <span class='ocrx_word' id='word_1_207' title='bbox 1036 3237 1073 3296; x_wconf 91' lang='lat' dir='ltr'>et</span> <span class='ocrx_word' id='word_1_208' title='bbox 1090 3218 1173 3296; x_wconf 93' lang='lat' dir='ltr'>loco</span> <span class='ocrx_word' id='word_1_209' title='bbox 1184 3220 1376 3324; x_wconf 86' lang='lat' dir='ltr'>predictis,</span> <span class='ocrx_word' id='word_1_210' title='bbox 1393 3218 1628 3324; x_wconf 88' lang='lat' dir='ltr'>presentibus</span> <span class='ocrx_word' id='word_1_211' title='bbox 1646 3217 1731 3296; x_wconf 91' lang='lat' dir='ltr'>reli-</span> 
     </span>
     <span class='ocr_line' id='line_1_22' title="bbox 318 3348 1729 3454; baseline 0.001 -31"><span class='ocrx_word' id='word_1_212' title='bbox 318 3348 429 3452; x_wconf 85' lang='lat' dir='ltr'>giosis</span> <span class='ocrx_word' id='word_1_213' title='bbox 448 3367 485 3424; x_wconf 90' lang='lat' dir='ltr'>et</span> <span class='ocrx_word' id='word_1_214' title='bbox 505 3350 672 3426; x_wconf 88' lang='lat' dir='ltr'>honestis</span> <span class='ocrx_word' id='word_1_215' title='bbox 686 3349 773 3425; x_wconf 90' lang='lat' dir='ltr'>viris</span> <span class='ocrx_word' id='word_1_216' title='bbox 792 3349 965 3426; x_wconf 80' lang='lat' dir='ltr'>fratribus</span> <span class='ocrx_word' id='word_1_217' title='bbox 986 3350 1154 3426; x_wconf 72' lang='lat' dir='ltr'>Iohanne</span> <span class='ocrx_word' id='word_1_218' title='bbox 1178 3349 1225 3426; x_wconf 93' lang='lat' dir='ltr'>de</span> <span class='ocrx_word' id='word_1_219' title='bbox 1244 3349 1365 3424; x_wconf 83' lang='lat' dir='ltr'>Insula</span> <span class='ocrx_word' id='word_1_220' title='bbox 1392 3350 1515 3454; x_wconf 92' lang='lat' dir='ltr'>priore</span> <span class='ocrx_word' id='word_1_221' title='bbox 1536 3350 1729 3436; x_wconf 81' lang='lat' dir='ltr'>Treoensi,</span> 
     </span>
     <span class='ocr_line' id='line_1_23' title="bbox 318 3478 1732 3583; baseline 0.003 -31"><span class='ocrx_word' id='word_1_222' title='bbox 318 3478 439 3553; x_wconf 89' lang='lat' dir='ltr'>Felice</span> <span class='ocrx_word' id='word_1_223' title='bbox 464 3478 512 3553; x_wconf 89' lang='lat' dir='ltr'>de</span> <span class='ocrx_word' id='word_1_224' title='bbox 536 3480 633 3583; x_wconf 85' lang='lat' dir='ltr'>Fayo</span> <span class='ocrx_word' id='word_1_225' title='bbox 659 3480 802 3556; x_wconf 91' lang='lat' dir='ltr'>ordinis</span> <span class='ocrx_word' id='word_1_226' title='bbox 827 3480 1120 3568; x_wconf 88' lang='lat' dir='ltr'>Predicatorum,</span> <span class='ocrx_word' id='word_1_227' title='bbox 1150 3481 1318 3555; x_wconf 90' lang='lat' dir='ltr'>Johanne</span> <span class='ocrx_word' id='word_1_228' title='bbox 1347 3479 1394 3554; x_wconf 94' lang='lat' dir='ltr'>de</span> <span class='ocrx_word' id='word_1_229' title='bbox 1419 3479 1601 3563; x_wconf 85' lang='lat' dir='ltr'>Farreria,</span> <span class='ocrx_word' id='word_1_230' title='bbox 1627 3479 1732 3556; x_wconf 91' lang='lat' dir='ltr'>Guil-</span> 
     </span>
     <span class='ocr_line' id='line_1_24' title="bbox 318 3605 1730 3713; baseline -0.001 -31"><span class='ocrx_word' id='word_1_231' title='bbox 318 3605 430 3683; x_wconf 89' lang='lat' dir='ltr'>lelmo</span> <span class='ocrx_word' id='word_1_232' title='bbox 449 3607 496 3683; x_wconf 92' lang='lat' dir='ltr'>de</span> <span class='ocrx_word' id='word_1_233' title='bbox 511 3606 687 3713; x_wconf 88' lang='lat' dir='ltr'>Cboques</span> <span class='ocrx_word' id='word_1_234' title='bbox 706 3624 744 3683; x_wconf 89' lang='lat' dir='ltr'>et</span> <span class='ocrx_word' id='word_1_235' title='bbox 763 3609 953 3711; x_wconf 86' lang='lat' dir='ltr'>Stephano</span> <span class='ocrx_word' id='word_1_236' title='bbox 973 3609 1020 3684; x_wconf 90' lang='lat' dir='ltr'>de</span> <span class='ocrx_word' id='word_1_237' title='bbox 1042 3609 1259 3695; x_wconf 88' lang='lat' dir='ltr'>Matiscone,</span> <span class='ocrx_word' id='word_1_238' title='bbox 1281 3606 1437 3683; x_wconf 89' lang='lat' dir='ltr'>testibus</span> <span class='ocrx_word' id='word_1_239' title='bbox 1451 3607 1498 3682; x_wconf 90' lang='lat' dir='ltr'>ad</span> <span class='ocrx_word' id='word_1_240' title='bbox 1512 3606 1582 3681; x_wconf 93' lang='lat' dir='ltr'>hec</span> <span class='ocrx_word' id='word_1_241' title='bbox 1596 3608 1730 3682; x_wconf 86' lang='lat' dir='ltr'>vocatis</span> 
     </span>
     <span class='ocr_line' id='line_1_25' title="bbox 319 3736 1734 3842; baseline 0.002 -32"><span class='ocrx_word' id='word_1_242' title='bbox 319 3736 525 3842; x_wconf 88' lang='lat' dir='ltr'>specialiter</span> <span class='ocrx_word' id='word_1_243' title='bbox 538 3753 576 3811; x_wconf 91' lang='lat' dir='ltr'>et</span> <span class='ocrx_word' id='word_1_244' title='bbox 591 3737 739 3841; x_wconf 84' lang='lat' dir='ltr'>rogatis.</span> <span class='ocrx_word' id='word_1_245' title='bbox 1683 3774 1734 3821; x_wconf 66' lang='lat' dir='ltr'>s.</span> 
     </span>
    </p>
   </div>
   <div class='ocr_carea' id='block_1_4' title="bbox 321 3994 1734 4883">
    <p class='ocr_par' dir='ltr' id='par_1_4' title="bbox 321 3994 1734 4883">
     <span class='ocr_line' id='line_1_26' title="bbox 375 3994 1732 4103; baseline 0.004 -34"><span class='ocrx_word' id='word_1_246' title='bbox 375 3995 422 4070; x_wconf 89' lang='lat' dir='ltr'>Et</span> <span class='ocrx_word' id='word_1_247' title='bbox 441 4024 510 4103; x_wconf 85' lang='lat' dir='ltr'>ego</span> <span class='ocrx_word' id='word_1_248' title='bbox 526 3994 687 4073; x_wconf 84' lang='lat' dir='ltr'>Amisius</span> <span class='ocrx_word' id='word_1_249' title='bbox 707 3997 753 4075; x_wconf 90' lang='lat' dir='ltr'>de</span> <span class='ocrx_word' id='word_1_250' title='bbox 772 3996 974 4076; x_wconf 84' lang='lat' dir='ltr'>Aureliano</span> <span class='ocrx_word' id='word_1_251' title='bbox 992 3999 1112 4076; x_wconf 90' lang='lat' dir='ltr'>dictus</span> <span class='ocrx_word' id='word_1_252' title='bbox 1125 3998 1161 4076; x_wconf 94' lang='lat' dir='ltr'>le</span> <span class='ocrx_word' id='word_1_253' title='bbox 1181 3998 1281 4075; x_wconf 85' lang='lat' dir='ltr'>Ratis</span> <span class='ocrx_word' id='word_1_254' title='bbox 1283 4058 1291 4084; x_wconf 96' lang='lat'>,</span> <span class='ocrx_word' id='word_1_255' title='bbox 1314 3997 1485 4086; x_wconf 89' lang='lat' dir='ltr'>clericus,</span> <span class='ocrx_word' id='word_1_256' title='bbox 1506 4014 1732 4075; x_wconf 82' lang='lat' dir='ltr'>sacrosancte</span> 
     </span>
     <span class='ocr_line' id='line_1_27' title="bbox 321 4123 1733 4234; baseline 0.004 -37"><span class='ocrx_word' id='word_1_257' title='bbox 321 4123 488 4198; x_wconf 86' lang='lat' dir='ltr'>Romane</span> <span class='ocrx_word' id='word_1_258' title='bbox 509 4124 662 4202; x_wconf 89' lang='lat' dir='ltr'>ecclesie</span> <span class='ocrx_word' id='word_1_259' title='bbox 689 4129 905 4205; x_wconf 90' lang='lat' dir='ltr'>auctoritate</span> <span class='ocrx_word' id='word_1_260' title='bbox 925 4127 1092 4205; x_wconf 85' lang='lat' dir='ltr'>notarius</span> <span class='ocrx_word' id='word_1_261' title='bbox 1116 4126 1306 4234; x_wconf 90' lang='lat' dir='ltr'>publicus,</span> <span class='ocrx_word' id='word_1_262' title='bbox 1328 4126 1504 4204; x_wconf 89' lang='lat' dir='ltr'>omnibus</span> <span class='ocrx_word' id='word_1_263' title='bbox 1523 4144 1560 4204; x_wconf 92' lang='lat' dir='ltr'>et</span> <span class='ocrx_word' id='word_1_264' title='bbox 1578 4126 1733 4233; x_wconf 81' lang='lat' dir='ltr'>singulis</span> 
     </span>
     <span class='ocr_line' id='line_1_28' title="bbox 321 4251 1731 4363; baseline 0.005 -38"><span class='ocrx_word' id='word_1_265' title='bbox 321 4252 360 4326; x_wconf 89' lang='lat' dir='ltr'>in</span> <span class='ocrx_word' id='word_1_266' title='bbox 370 4251 439 4327; x_wconf 89' lang='lat' dir='ltr'>hac</span> <span class='ocrx_word' id='word_1_267' title='bbox 449 4270 486 4328; x_wconf 92' lang='lat' dir='ltr'>et</span> <span class='ocrx_word' id='word_1_268' title='bbox 499 4256 788 4359; x_wconf 89' lang='lat' dir='ltr'>precedentibus</span> <span class='ocrx_word' id='word_1_269' title='bbox 799 4257 913 4362; x_wconf 89' lang='lat' dir='ltr'>peciis</span> <span class='ocrx_word' id='word_1_270' title='bbox 928 4257 1040 4334; x_wconf 89' lang='lat' dir='ltr'>simul</span> <span class='ocrx_word' id='word_1_271' title='bbox 1053 4257 1144 4334; x_wconf 87' lang='lat' dir='ltr'>sutis</span> <span class='ocrx_word' id='word_1_272' title='bbox 1158 4257 1264 4362; x_wconf 84' lang='lat' dir='ltr'>signo</span> <span class='ocrx_word' id='word_1_273' title='bbox 1277 4284 1364 4334; x_wconf 91' lang='lat' dir='ltr'>meo</span> <span class='ocrx_word' id='word_1_274' title='bbox 1375 4257 1731 4363; x_wconf 86' lang='lat' dir='ltr'>signatiscontentis,</span> 
     </span>
     <span class='ocr_line' id='line_1_29' title="bbox 321 4385 1733 4494; baseline 0.006 -38"><span class='ocrx_word' id='word_1_275' title='bbox 321 4408 393 4457; x_wconf 92' lang='lat' dir='ltr'>una</span> <span class='ocrx_word' id='word_1_276' title='bbox 407 4410 493 4458; x_wconf 90' lang='lat' dir='ltr'>cum</span> <span class='ocrx_word' id='word_1_277' title='bbox 505 4385 760 4490; x_wconf 87' lang='lat' dir='ltr'>suprascriptis</span> <span class='ocrx_word' id='word_1_278' title='bbox 778 4386 936 4462; x_wconf 87' lang='lat' dir='ltr'>testibus</span> <span class='ocrx_word' id='word_1_279' title='bbox 951 4405 988 4463; x_wconf 88' lang='lat' dir='ltr'>et</span> <span class='ocrx_word' id='word_1_280' title='bbox 1006 4388 1182 4494; x_wconf 83' lang='lat' dir='ltr'>magistro</span> <span class='ocrx_word' id='word_1_281' title='bbox 1196 4385 1334 4463; x_wconf 86' lang='lat' dir='ltr'>Jacobo</span> <span class='ocrx_word' id='word_1_282' title='bbox 1356 4387 1402 4463; x_wconf 93' lang='lat' dir='ltr'>de</span> <span class='ocrx_word' id='word_1_283' title='bbox 1419 4387 1568 4466; x_wconf 86' lang='lat' dir='ltr'>Virtuto</span> <span class='ocrx_word' id='word_1_284' title='bbox 1590 4385 1733 4464; x_wconf 86' lang='lat' dir='ltr'>notario</span> 
     </span>
     <span class='ocr_line' id='line_1_30' title="bbox 322 4509 1734 4622; baseline 0.004 -36"><span class='ocrx_word' id='word_1_285' title='bbox 322 4509 490 4614; x_wconf 90' lang='lat' dir='ltr'>publico,</span> <span class='ocrx_word' id='word_1_286' title='bbox 518 4542 670 4618; x_wconf 90' lang='lat' dir='ltr'>presens</span> <span class='ocrx_word' id='word_1_287' title='bbox 693 4514 948 4608; x_wconf 72' lang='lat' dir='ltr'>interfui„ac,</span> <span class='ocrx_word' id='word_1_288' title='bbox 970 4516 1016 4593; x_wconf 91' lang='lat' dir='ltr'>de</span> <span class='ocrx_word' id='word_1_289' title='bbox 1040 4516 1216 4593; x_wconf 82' lang='lat' dir='ltr'>ruandato</span> <span class='ocrx_word' id='word_1_290' title='bbox 1235 4517 1392 4622; x_wconf 88' lang='lat' dir='ltr'>predicti</span> <span class='ocrx_word' id='word_1_291' title='bbox 1415 4515 1674 4606; x_wconf 87' lang='lat' dir='ltr'>commissarii,</span> <span class='ocrx_word' id='word_1_292' title='bbox 1694 4516 1734 4593; x_wconf 92' lang='lat' dir='ltr'>in</span> 
     </span>
     <span class='ocr_line' id='line_1_31' title="bbox 321 4639 1734 4754; baseline 0.004 -38"><span class='ocrx_word' id='word_1_293' title='bbox 321 4639 1256 4751; x_wconf 85' lang='lat' dir='ltr'>bocinstrumentomesubscripsiintestimonium</span> <span class='ocrx_word' id='word_1_294' title='bbox 1266 4644 1734 4754; x_wconf 84' lang='lat' dir='ltr'>premissorum,illudque</span> 
     </span>
     <span class='ocr_line' id='line_1_32' title="bbox 322 4770 1006 4883; baseline 0.013 -36"><span class='ocrx_word' id='word_1_295' title='bbox 322 4770 428 4877; x_wconf 81' lang='lat' dir='ltr'>signo</span> <span class='ocrx_word' id='word_1_296' title='bbox 447 4800 533 4849; x_wconf 90' lang='lat' dir='ltr'>meo</span> <span class='ocrx_word' id='word_1_297' title='bbox 553 4772 663 4851; x_wconf 88' lang='lat' dir='ltr'>solito</span> <span class='ocrx_word' id='word_1_298' title='bbox 687 4775 824 4883; x_wconf 80' lang='lat' dir='ltr'>signavi</span> <span class='ocrx_word' id='word_1_299' title='bbox 844 4792 1006 4882; x_wconf 87' lang='lat' dir='ltr'>rogatus.</span> 
     </span>
    </p>
   </div>
   <div class='ocr_carea' id='block_1_5' title="bbox 407 4920 1566 5001">
    <p class='ocr_par' dir='ltr' id='par_1_5' title="bbox 407 4920 1566 5001">
     <span class='ocr_line' id='line_1_33' title="bbox 407 4920 1566 5001; baseline 0.006 -18"><span class='ocrx_word' id='word_1_300' title='bbox 407 4920 514 4983; x_wconf 67' lang='lat' dir='ltr'>crocis</span> <span class='ocrx_word' id='word_1_301' title='bbox 529 4939 581 4981; x_wconf 78' lang='lat' dir='ltr'>nus</span> <span class='ocrx_word' id='word_1_302' title='bbox 596 4939 769 4983; x_wconf 78' lang='lat' dir='ltr'>rrurnrrus.</span> <span class='ocrx_word' id='word_1_303' title='bbox 779 4956 820 4969; x_wconf 95' lang='lat'>-</span> <span class='ocrx_word' id='word_1_304' title='bbox 834 4942 856 4982; x_wconf 89' lang='lat' dir='ltr'>u</span> <span class='ocrx_word' id='word_1_305' title='bbox 1526 4922 1566 5001; x_wconf 65' lang='grc'>47</span> 
     </span>
    </p>
   </div>
   <div class='ocr_carea' id='block_1_6' title="bbox 0 0 2127 5956">
    <p class='ocr_par' dir='ltr' id='par_1_6' title="bbox 0 0 2127 5956">
     <span class='ocr_line' id='line_1_34' title="bbox 0 0 2127 5956; baseline 0 0"><span class='ocrx_word' id='word_1_306' title='bbox 0 0 2127 5956; x_wconf 95' lang='lat' dir='ltr'> </span> 
     </span>
    </p>
   </div>
  </div>
 </body>
</html>
