4230 5956
464 453 537 526 aoc
854 430 1048 523 ruocss
1072 446 1169 520 oss
1194 446 1494 521 renuamus.

461 592 685 698 predictum.
698 591 913 696 Requisitus
926 591 1042 667 eciam
1057 619 1125 696 per
1135 591 1392 696 juramentum
1406 605 1535 666 utrum
1549 590 1600 678 vi,
1617 588 1674 665 vel
1689 607 1794 667 metu
1806 620 1884 667 car-

463 724 556 800 ceris
571 740 635 799 aut
650 739 941 813 tormentorum,
958 750 1026 799 seu
1038 720 1143 812 alias,
1161 719 1201 797 in
1212 720 1402 826 premissis
1417 720 1730 798 immiscuerit'vel
1746 723 1880 798 dixerit

417 893 422 902 ·
462 854 623 961 aliquam
643 853 855 940 falsitatem,
879 853 935 929 vel
954 852 1177 930 subt-iuuerit
1196 852 1403 939 veritatem,
1425 850 1518 928 dixit
1538 879 1606 956 per
1624 852 1881 958 juramentum

462 1010 569 1061 suunt
593 985 697 1089 quod
717 1013 815 1072 nou,
839 1001 877 1060 et
887 983 992 1088 quod
1005 1011 1138 1087 puram
1155 982 1346 1060 veritatem
1366 982 1458 1061 dixit
1478 999 1515 1058 et
1530 1010 1683 1059 meram.

517 1247 609 1320 Item
631 1245 745 1320 frater
764 1244 982 1349 Radulphus
1000 1243 1046 1318 de
1070 1242 1248 1330 Saltibus,
1271 1243 1375 1319 etatis
1391 1268 1485 1321 xxxv
1502 1268 1689 1319 annorum
1698 1242 1755 1319 vel
1770 1245 1879 1330 circa,

460 1375 705 1479 personaliter
726 1373 947 1450 constitutus
972 1374 1011 1448 in
1032 1362 1123 1449 dieti
1142 1372 1288 1449 domini
1305 1372 1559 1479 inquisitoris,
1585 1389 1755 1452 nostrum
1777 1391 1882 1451 nota-

460 1506 602 1581 riorum
624 1521 662 1581 et
680 1504 832 1580 testium
848 1503 1142 1607 subscriptorum
1159 1504 1365 1608 presencia,
1386 1503 1534 1610 juratus
1550 1521 1588 1580 et
1600 1502 1799 1609 requisitus
1815 1532 1883 1607 per

456 1637 709 1741 juramentum
728 1634 1010 1721 eodemmodo,
1028 1632 1119 1709 dixit
1136 1626 1202 1740 per
1213 1633 1468 1739 juramentum
1482 1662 1593 1712 suum
1615 1634 1719 1739 quod
1743 1633 1883 1710 loitre-

364 1818 370 1831 -
453 1783 589 1870 ceptus
606 1756 954 1870 apud'Cheurutum
974 1765 1013 1839 in
1029 1765 1123 1849 Bria,
1142 1791 1209 1868 per
1227 1762 1376 1840 fratrem
1395 1763 1631 1868 Radulphum
1650 1764 1697 1840 de
1714 1763 1878 1850 Gisiaco,

460 1911 602 1999 septem
617 1896 701 1970 anni
716 1895 773 1970 vel
789 1894 883 1970 circa
895 1909 982 1970 sunt
992 1893 1123 1999 elapsi,
1145 1893 1380 1999 presentibus
1394 1892 1504 1969 fratre
1519 1893 1676 1970 Morello
1692 1893 1738 1969 de
1752 1894 1880 1980 Belua,

462 2044 499 2101 et
517 2024 629 2103 fratre
649 2027 817 2131 Remigio
843 2043 932 2102 tunc
950 2042 1168 2130 preceptore
1189 2025 1236 2102 de
1265 2025 1526 2104 columberiis.
1548 2025 1653 2139 Dixit
1677 2027 1792 2101 eciam
1814 2054 1884 2131 per

456 2157 707 2262 juramentum
733 2185 841 2232 suurn
863 2157 984 2260 quod,
1006 2174 1092 2261 post
1114 2155 1250 2235 multas
1271 2157 1540 2263 promissiones
1558 2155 1605 2232 ab
1628 2182 1674 2232 eo
1702 2155 1812 2232 lactas
1834 2158 1882 2234 de

462 2289 605 2364 statutis
626 2305 663 2361 et
687 2287 837 2363 secretis
861 2287 1005 2363 ordinis
1025 2287 1278 2376 observandis,
1296 2303 1340 2364 et
1356 2287 1539 2392 ¹mantello
1569 2288 1638 2365 sibi
1668 2287 1717 2363 ad
1743 2287 1882 2365 collum

460 2417 598 2519 posito,
621 2416 742 2492 dictus
765 2415 948 2520 recipiens
968 2418 1137 2497 ostendit
1158 2417 1230 2496 sibi
1256 2446 1405 2495 crucem
1431 2434 1470 2495 et
1485 2419 1697 2524 ymaginem
1718 2415 1880 2494 crucifixi

461 2545 624 2651 depictas
644 2544 683 2623 in
699 2544 862 2651 quodam
880 2546 1036 2636 missali,
1060 2565 1097 2624 et
1117 2546 1210 2624 dixit
1229 2548 1302 2625 sibi
1322 2548 1424 2654 quod
1441 2548 1637 2654 oportebat
1656 2546 1758 2654 quod
1771 2547 1884 2624 abne-

455 2694 561 2782 garet
580 2675 688 2754 illum
710 2675 955 2784 cujusligura
977 2696 1055 2754 erat
1077 2677 1148 2766 ibi,
1171 2695 1209 2754 et
1233 2679 1338 2784 quod
1363 2695 1513 2786 spueret
1537 2706 1648 2783 supra
1672 2706 1820 2754 crucem
1845 2697 1884 2754 et

457 2810 680 2914 ymaginem.
704 2811 847 2888 Tamen
872 2808 965 2884 cavit
993 2825 1175 2915 quantum
1195 2809 1319 2913 potuit
1346 2837 1393 2886 ne
1425 2808 1570 2915 aliquid
1597 2808 1646 2885 de
1672 2809 1882 2913 sputamine

458 2938 606 3015 caderet
622 2966 743 3044 supra.
759 2939 860 3016 Dixit
880 2941 996 3015 eciam
1007 2967 1075 3043 per
1088 2940 1348 3046 juramentum
1364 2968 1472 3016 suum
1490 2939 1677 3045 quodnon
1694 2939 1883 3016 osculatus

457 3064 528 3141 luit
547 3070 787 3173 recipientem
810 3069 880 3145 nisi
901 3071 940 3144 in
961 3097 1042 3157 ore,
1065 3087 1101 3146 et
1127 3070 1244 3147 eredit
1263 3069 1367 3177 quod
1391 3072 1461 3147 hec
1486 3086 1581 3147 esset
1604 3070 1703 3147 racio
1721 3070 1809 3176 quia
1830 3071 1883 3146 di-

458 3211 538 3270 ctus
551 3197 734 3300 recipiens
748 3197 945 3275 festinabat
955 3227 994 3275 se
1008 3200 1063 3274 ire
1079 3200 1128 3274 ad
1143 3200 1223 3276 dies
1238 3202 1453 3277 Trecenses.
1467 3200 1681 3317 Requisitus
1698 3228 1766 3304 per
1777 3201 1882 3308 jura-

458 3341 628 3399 mentum
639 3353 750 3401 suum
761 3343 888 3400 utrum
900 3327 946 3414 vi,
961 3326 1018 3402 vel
1032 3344 1138 3402 metu
1154 3329 1310 3404 carceris
1325 3347 1389 3405 aut
1404 3347 1690 3415 tormentorum,
1703 3357 1768 3405 seu
1778 3330 1880 3417 alias,

458 3455 497 3528 in
512 3456 699 3560 premissis
715 3456 960 3531 immiscuerit
970 3457 1027 3533 vel
1039 3457 1173 3534 dixerit
1188 3457 1349 3563 aliquam
1368 3460 1580 3546 salsitatem,
1593 3459 1651 3536 vel
1662 3460 1883 3537 subticuerit

457 3588 666 3672 veritatem,
681 3586 770 3662 dixit
784 3616 850 3691 per
860 3587 1118 3693 juramentum
1129 3618 1240 3664 suurn
1250 3591 1354 3694 quod
1366 3618 1457 3677 non,
1476 3592 1630 3696 etquod
1646 3619 1775 3695 puram
1791 3594 1883 3666 veri-

459 3735 571 3793 tatem
584 3718 721 3794 dixitet
738 3747 890 3794 meram.
912 3719 1001 3795 Acta
1017 3737 1104 3796 sunt
1123 3721 1193 3797 hec
1205 3720 1379 3812 Parisios,
1403 3722 1440 3795 in
1453 3719 1561 3796 dictis
1577 3721 1753 3798 domibus
1764 3723 1881 3795 Tem·

459 3846 528 3951 pli,
551 3876 665 3936 anno,
684 3848 870 3925 indicione
891 3867 929 3925 et
949 3850 1010 3926 die
1031 3852 1170 3926 mensis
1189 3853 1400 3928 novembris
1422 3851 1619 3957 predictis,
1645 3850 1882 3957 presentibus

461 3978 641 4085 religiosis
662 3998 700 4058 et
718 3981 881 4058 honestis
903 3982 989 4057 viris
1008 3981 1183 4059 fratribus
1201 3983 1349 4059 Nicolao
1374 3983 1420 4058 de
1440 3984 1653 4069 AnessiacO,
1674 3982 1881 4089 Reginaldo

461 4108 506 4183 de
519 4110 713 4198 Credolio,
731 4112 831 4188 socio
848 4111 938 4188 dicti
951 4112 1094 4189 domini
1113 4112 1360 4217 inquisitoris,
1377 4113 1586 4190 Gossouino
1604 4113 1650 4189 de
1663 4111 1878 4202 Brebancia,

460 4240 617 4347 Emingo
635 4241 681 4316 de
701 4242 831 4329 Dacia,
855 4242 997 4319 ordinis
1017 4260 1054 4319 et
1078 4259 1280 4320 conventus
1305 4242 1459 4319 fratrum
1481 4244 1759 4319 Predicaturum
1781 4245 1882 4318 Pari-

460 4372 652 4465 siensium,
679 4392 715 4450 et
739 4373 943 4452 Guillelmo
964 4375 1011 4449 de
1035 4373 1202 4479 Choquis
1226 4376 1303 4449 cive
1325 4374 1536 4464 Parisieusi,
1559 4373 1714 4450 testibus
1734 4374 1783 4448 ad
1808 4373 1882 4450 hoc

460 4504 596 4579 vocatis
615 4523 652 4579 et
672 4506 819 4610 rogatis.

518 4759 609 4833 ltem
622 4789 735 4848 anno,
754 4763 941 4839 iudicione
958 4779 994 4837 et
1006 4764 1241 4869 pontificatu,
1257 4791 1353 4841 anno
1368 4765 1477 4842 etdie
1494 4793 1538 4843 xx
1555 4765 1768 4841 novembris
1784 4766 1884 4870 ejus-
