4230 5956
648 494 846 587 Procas
872 514 971 585 oss
998 512 1300 629 ratramnus.
1640 518 1688 589 57

260 654 526 733 nesciebatnec
535 655 728 733 audiverat
743 657 835 745 dici,
848 654 924 734 sed
941 632 1242 786 credebatffsd
1252 654 1306 731 eis
1315 654 1574 762 preciperetur
1585 656 1689 764 quod

259 785 525 864 conculcarent
547 815 697 863 crucem
720 805 758 865 et
782 805 963 900 spuerent
987 780 1233 893 supraoo‘ffl,
1250 787 1317 865 sed
1337 790 1422 862 non'
1442 788 1562 865 credit
1584 787 1690 894 quod

259 916 424 996 facerent
447 900 684 1027 spuicionem
704 936 743 996 et
760 918 1089 997 conculcncionem
1109 888 1306 1025 predictas.
1333 919 1444 1009 Item,
1472 918 1566 996 dixit
1584 919 1690 1026 quod

259 1049 337 1155 ipse
348 1050 447 1129 bene
461 1050 638 1127 credebat
646 1049 904 1129 ecclesiasticis
919 1049 1175 1136 sacramentis,
1189 1065 1227 1125 et
1237 1048 1359 1125 credit
1368 1048 1474 1155 quod
1483 1048 1547 1126 alii
1557 1049 1690 1154 fratres

260 1180 404 1258 ordinis
419 1181 518 1259 bene
533 1183 751 1283 crederent,
773 1212 941 1263 asserens
958 1184 1062 1289 quod
1083 1182 1244 1260 existens
1264 1182 1304 1258 in
1323 1182 1458 1262 ordine
1475 1183 1688 1260 secundum

258 1311 418 1388 sormam
427 1312 826 1407 Ecclesiecelebrabat,
840 1333 878 1392 et
888 1313 1009 1391 credit
1022 1314 1129 1421 quod
1138 1312 1202 1389 alii
1214 1312 1413 1420 presbiteri
1427 1312 1570 1391 ordinis
1584 1313 1688 1392 idem

259 1439 433 1534 facerent,
449 1471 521 1520 nec
535 1444 678 1521 audivit
690 1444 745 1523 ais
758 1446 901 1553 precipi
917 1445 1020 1553 quod
1035 1446 1150 1523 verba
1162 1446 1314 1523 canonis
1330 1444 1586 1523 obmitterent.
1605 1447 1689 1525 Sta·

257 1574 327 1649 tim
341 1603 409 1680 pro
419 1572 596 1681 professis
605 1575 856 1653 habebantur.
871 1576 1114 1679 Clandestine
1124 1575 1413 1682 recipiebantur,
1427 1605 1471 1652 ex
1480 1604 1558 1682 quo
1569 1576 1691 1655 credit

258 1705 364 1811 quod
378 1724 475 1784 esset
487 1706 583 1783 mala
598 1708 762 1815 suspicio
774 1725 904 1786 contra
919 1736 996 1787 eos.
1013 1707 1191 1789 Cordulis
1204 1690 1555 1817 cingebantur-quas
1564 1688 1691 1785 sume-¹

257 1834 349 1912 bant
360 1839 463 1915 uude
478 1838 667 1916 tolebant.
684 1839 933 1918 Inhibebatur
946 1840 1000 1917 eis
1012 1840 1120 1946 quod
1132 1869 1209 1917 non
1225 1839 1434 1918 revelarent
1443 1857 1585 1917 secreta
1597 1839 1690 1946 capi-

256 1964 444 2057 tulorum,
461 1964 499 2046 et
510 1969 577 2075 qui
588 1968 831 2060 revelassent,
849 1968 1008 2047 luissent
1022 1969 1161 2076 puniti,
1176 1970 1296 2047 nescit
1310 1968 1482 2074 qualiter.
1499 1968 1556 2045 De
1571 1966 1688 2045 modo

257 2099 489 2205 recepcionis
501 2126 578 2175 non
588 2099 791 2176 revelando
799 2126 877 2175 non
888 2099 1032 2177 audivit
1041 2097 1123 2176 [ieri
1136 2097 1410 2207 inhibicionem
1420 2093 1687 2203 specialemfii
1811 2099 1816 2105 ’
1880 2102 1884 2108 ’

259 2245 365 2305 erant
377 2228 493 2336 aliqui
506 2229 572 2337 qui
587 2229 726 2307 scirent
736 2256 898 2317 errores,
911 2227 1069 2305 fuerunt
1082 2228 1318 2336 negligentes
1332 2228 1422 2337 quia
1435 2255 1513 2305 non
1526 2256 1689 2308 correxe

256 2377 347 2436 runt
365 2387 430 2437 eos
451 2388 520 2436 nec
539 2359 862 2436 denunciaverunt
880 2357 1057 2436 Ecclesia.
1080 2358 1316 2437 Elemosinas
1332 2376 1372 2437 et
1392 2357 1688 2466 hospitalitatem

254 2489 349 2568 vidit
358 2487 716 2567 convenienter-fieri
728 2506 766 2566 et
776 2489 912 2568 servari
922 2490 962 2566 in
973 2488 1152 2570 domibus
1163 2489 1310 2568 ordinis
1319 2489 1359 2567 in
1368 2490 1511 2598 quibus
1520 2491 1594 2570 suit
1605 2521 1689 2573 con·

255 2636 432 2700 versatus.
450 2620 556 2704 Clam
566 2620 792 2699 tenebantur
802 2619 989 2727 capitulia,
999 2621 1096 2698 sicut
1108 2621 1250 2700 audivit
1260 2621 1346 2699 dici.
1360 2621 1514 2729 lllaque
1526 2623 1689 2702 ordinas·

256 2767 313 2828 set
331 2751 507 2859 Magister
525 2781 614 2829 cum
634 2768 821 2850 conventu
836 2779 905 2828 suo
921 2768 1101 2829 servasset
1116 2767 1218 2844 totus
1238 2751 1333 2828 ordo
1347 2752 1378 2829 si
1395 2769 1521 2829 essent
1532 2753 1631 2831 bona
1649 2772 1688 2833 et

250 2883 363 2989 justa,
376 2880 582 2970 aliternon,
593 2880 1193 2968 sicutcredit.Grandiascandala,
1207 2881 1370 2992 suspicio
1380 2881 1687 2963 etinfamianunc

200 3115 201 3118 Ἴ
256 3032 384 3092 contra
399 3014 575 3092 ordinem
589 3030 678 3090 sunt
690 3030 826 3090 exorta.
844 3011 997 3091 Audiuit
1012 3011 1086 3088 dici
1097 3039 1278 3120 magnum
1294 3013 1516 3120 Magistrum
1529 3031 1568 3091 et
1579 3043 1687 3122 quos·

256 3146 341 3222 dam
352 3144 446 3224 alios
458 3143 605 3250 aliquos
616 3170 772 3233 errores,
787 3143 907 3234 nescit
913 3170 1020 3249 quos,
1034 3159 1163 3221 contra
1172 3143 1348 3222 ordinem
1358 3143 1473 3224 fuisse
1483 3144 1682 3226 confessos.

309 3276 528 3384 Requisitus
542 3277 573 3353 si
592 3277 644 3353 sic
659 3276 886 3383 deposuerat
894 3303 1024 3384 prece,
1036 3290 1231 3383 precepto,
1242 3276 1399 3366 timore,
1415 3303 1558 3369 amore,
1576 3277 1683 3369 odio,

253 3408 313 3487 vel
331 3408 532 3515 temporali
549 3409 711 3487 comodo
728 3408 858 3487 habito
872 3406 932 3487 vel
952 3407 1146 3496 habendo,
1166 3409 1364 3514 respondit
1379 3408 1486 3516 quod
1501 3436 1596 3497 non,
1617 3408 1686 3487 sed

254 3569 322 3649 pro
341 3541 496 3619 veritate
522 3540 698 3630 dicenda3
727 3541 787 3618 cui
813 3538 887 3618 suit
911 3538 1125 3648 injunctum
1150 3541 1257 3647 quod
1280 3568 1358 3618 non
1382 3539 1565 3619 revelaret
1589 3541 1686 3619 hanc

254 3701 360 3750 suam
374 3672 656 3778 deposicionem
676 3700 877 3779 quousque
895 3671 1155 3750 attestaciones
1175 3669 1317 3751 suerint
1336 3670 1544 3778 publicate3
1567 3687 1605 3748 et
1624 3671 1687 3749 ob

130 3830 135 3838 ·
254 3802 393 3885 tulerat
410 3832 451 3884 se
471 3802 699 3886 deffensioni
718 3803 809 3885 dicti
829 3803 974 3886 ordinis
993 3831 1177 3888 unacum
1196 3802 1289 3888 aliis.

308 4070 437 4148 Frater
453 4071 644 4149 lohannes
661 4070 710 4149 de
724 4070 933 4179 Fragevilla
951 4066 1365 4148 serviensxSeuonensis
1378 4063 1558 4153 diocesis,
1577 4065 1685 4142 testis

253 4227 365 4305 supra
375 4200 540 4307 juratus,
563 4201 740 4309 agricola,
762 4200 1038 4309 quinquaginta
1057 4200 1228 4305 quinque
1244 4223 1431 4274 annorum
1451 4195 1510 4274 vel
1530 4196 1642 4284 circa,
1664 4225 1684 4273 a

253 4356 331 4436 quo
345 4327 571 4405 mantellum
584 4345 801 4406 amoverant
814 4327 871 4406 illi
886 4327 952 4433 qui
965 4343 1147 4432 ceperunt
1161 4355 1249 4402 eum
1268 4343 1305 4403 et
1319 4343 1569 4433 preceperunt
1579 4329 1683 4434 quod

251 4459 334 4537 radi
359 4457 498 4538 laceret
520 4459 591 4537 sibi
612 4459 787 4549 barbam,
815 4485 904 4537 cum
921 4487 998 4567 quo
1022 4458 1247 4566 inquisitum
1270 4456 1408 4550 fuerat,
1432 4456 1628 4536 absolutus
1646 4476 1684 4537 et

253 4591 515 4669 reconciliatus
534 4591 695 4669 Senonis
707 4619 776 4699 per
788 4590 988 4668 dominum
1006 4590 1226 4698 episcopum
1246 4589 1574 4678 Aurelianensem‚
1592 4570 1682 4668 sede

200 4832 202 4837 g
254 4723 473 4806 Senonense
504 4742 670 4816 vacante,
704 4723 811 4802 lectis
839 4740 877 4802 et
906 4722 1107 4832 diligenter
1135 4722 1310 4830 expositis
1342 4721 1414 4801 sibi
1442 4721 1621 4815 omnibus
1645 4738 1684 4801 et

254 4854 410 4963 singulis
433 4855 616 4948 articulis,
646 4855 844 4962 respondit
866 4855 971 4963 quod
991 4883 1187 4962 nunquam
1213 4854 1356 4934 viderat
1378 4854 1544 4964 aliquem
1564 4854 1680 4934 alium
