4230 5956
703 451 898 541 rnocts
922 469 1017 540 uns
1042 468 1339 542 murmuris.
1654 477 1727 548 aar

318 636 405 683 eum
422 609 459 682 in
481 606 554 681 fme
571 607 676 712 spine
697 608 816 696 dorsi,
838 609 904 684 sed
921 636 995 684 non
1011 608 1127 685 voluit
1139 610 1274 697 lacere,
1297 627 1332 686 et
1349 629 1471 685 tamen
1489 631 1572 714 post
1587 615 1729 691 oscula-

316 754 377 812 tus
399 736 470 811 luit
486 763 574 810 enm
588 735 626 809 iu
638 735 817 813 umbilico
832 754 869 813 et
884 737 923 812 in
936 764 1012 812 ore.
1032 738 1133 814 Dixit
1146 738 1261 813 eciam
1278 765 1345 843 per
1352 738 1605 843 juramentum
1620 771 1727 821 suum

185 904 188 909 ·
317 865 421 970 quod
446 865 569 941 dictus
593 867 777 968 recipiens
805 867 896 942 dixit
921 866 992 942 sibi
1023 868 1125 972 quod
1154 867 1237 943 lecti
1269 867 1422 943 fratrum
1449 868 1728 948 debebantesse

316 1022 548 1070 communes.
571 996 820 1100 interrogatus
839 1012 966 1072 utrum
981 997 1032 1081 vi,
1053 996 1111 1071 vel
1126 1013 1230 1072 metu
1243 1014 1519 1073 tormentorum
1534 1016 1598 1074 aut
1612 1029 1730 1078 carce·

315 1127 383 1210 ris,
400 1125 437 1198 in
452 1153 516 1200 sua
536 1125 775 1228 depositione
793 1126 1037 1200 immiscuerit
1058 1124 1270 1213 falsitatem,
1285 1144 1348 1202 aut
1362 1127 1582 1203 subticuerit
1598 1131 1730 1207 verita—

318 1270 413 1340 tem,
432 1254 523 1330 dixit
543 1283 610 1360 per
623 1255 882 1360 juramentum
908 1282 1020 1329 suum
1040 1256 1141 1359 quod
1163 1283 1255 1345 non,
1286 1258 1401 1333 immo
1425 1287 1555 1361 puram
1580 1258 1672 1336 dixit
1693 1278 1731 1336 et

315 1384 526 1489 recognovit
540 1385 744 1460 veritatem.

371 1645 463 1718 ltem
483 1641 594 1718 lrater
611 1641 812 1719 Gaulridus
829 1643 874 1717 de
898 1643 988 1719 Fera
1005 1643 1043 1716 in
1063 1641 1280 1746 Campania,
1311 1645 1418 1720 etatis
1436 1671 1505 1721 xxx
1528 1674 1726 1736 annorum,

315 1770 448 1847 eodem
464 1771 580 1851 modo
597 1772 834 1860 constitutus,
849 1770 994 1875 juratus
1015 1787 1053 1847 et
1072 1771 1334 1875 interrogatus,
1356 1773 1448 1849 dixit
1462 1802 1529 1877 per
1538 1774 1729 1878 juramen-

313 1917 394 1976 tum
409 1928 520 1976 suum
534 1901 638 2004 quod
648 1899 719 1976 luit
731 1917 901 2004 receptus
916 1900 953 1973 in
963 1900 1075 1975 domo
1089 1899 1135 1976 de
1146 1901 1321 1986 Pruvino,
1334 1918 1418 1979 octo
1431 1902 1488 1977 vel
1499 1930 1632 1979 novem
1642 1909 1727 1981 anni

315 2046 402 2105 sunt
421 2027 555 2132 elapsi,
572 2056 639 2131 per
659 2028 809 2103 fratrem
829 2027 1067 2131 Radulphum
1093 2027 1139 2103 de
1165 2028 1243 2104 Gisi
1262 2046 1493 2134 receptorem
1511 2032 1726 2137 Campanis,

314 2156 547 2264 presentibus
566 2156 740 2233 fratribus
758 2156 940 2233 llerberto
956 2156 1002 2231 dc
1017 2158 1046 2231 F
1046 2156 1316 2233 roumentieres
1331 2176 1368 2234 et
1385 2160 1544 2236 Henrico
1565 2160 1728 2239 Flamain

314 2304 529 2393 preceptore
560 2286 657 2362 dicte
684 2288 835 2371 domus,
861 2303 897 2362 et
920 2285 1144 2389 quibusdam
1171 2285 1251 2361 aliis
1269 2285 1314 2361 de
1336 2315 1498 2391 quorum
1515 2289 1728 2368 nominibus

313 2444 388 2493 non
402 2415 545 2492 recolit.

369 2547 468 2624 Dixit
484 2546 599 2621 eciam
614 2573 681 2649 per
694 2546 948 2650 juramentum
964 2572 1070 2621 suum
1086 2544 1204 2649 quod,
1223 2564 1307 2650 post
1319 2547 1453 2623 multas
1465 2550 1728 2652 promissiones

314 2675 359 2751 ab
380 2704 424 2751 eo
449 2674 560 2752 lactas
585 2675 631 2751 de
651 2676 793 2752 statutis
814 2692 851 2750 ct
869 2651 1115 2752 observanciis
1140 2674 1227 2750 dicti
1253 2675 1394 2751 ordinis
1414 2675 1665 2766 observandis,
1693 2696 1730 2753 et

313 2803 487 2881 mantello
503 2803 572 2879 sibi
588 2803 635 2878 ad
653 2802 791 2879 collum
806 2803 947 2908 posito,
968 2801 1088 2877 dictus
1102 2800 1212 2877 lrater
1224 2800 1442 2905 Radulphus
1456 2805 1562 2879 traxit
1581 2833 1665 2880 eum
1681 2804 1728 2881 ad

313 2950 470 3041 partem,
493 2950 530 3007 et
545 2932 632 3008 lecit
651 2961 689 3008 se
706 2932 862 3008 osculari
878 2932 985 3006 abeo
1005 2930 1044 3005 in
1058 2929 1253 3013 umbilico,
1276 2946 1313 3005 et
1332 2930 1494 3006 ostendit
1510 2932 1580 3008 sibi
1599 2960 1729 3039 quam-

313 3063 397 3139 dam
420 3090 566 3138 crucem
588 3062 634 3137 de
653 3062 770 3166 ligno,
794 3078 831 3137 et
851 3060 979 3164 petivit
1006 3059 1052 3136 ab
1080 3086 1125 3135 eo
1145 3076 1268 3135 utrum
1295 3059 1463 3136 crederet
1486 3062 1523 3135 in
1549 3089 1634 3136 eum
1662 3063 1727 3166 qui

312 3220 439 3296 passus
450 3190 567 3267 lucrat
581 3192 618 3265 in
629 3219 753 3279 cruce;
771 3207 807 3265 et
821 3191 899 3294 ipse
908 3188 1100 3293 respondit
1112 3188 1217 3292 quod
1231 3186 1327 3262 bene
1338 3188 1513 3266 credebat
1526 3189 1564 3264 in
1574 3189 1728 3267 lhesum

312 3321 516 3408 Christum,
534 3319 653 3396 [ilium
671 3319 830 3425 Virginis
849 3319 980 3404 Mario,
1004 3335 1041 3394 et
1059 3335 1148 3393 tunc
1161 3317 1327 3423 precepit
1346 3317 1416 3393 sibi
1437 3318 1541 3423 quod
1561 3347 1649 3395 eum
1664 3319 1729 3396 ab·

312 3469 476 3557 negaret,
499 3451 565 3526 sed
580 3452 658 3555 ipse
679 3479 753 3526 non
771 3449 889 3525 voluit
908 3448 1100 3554 abnegare.
1122 3448 1168 3523 Et
1194 3464 1320 3552 postea
1343 3448 1509 3552 precepit
1533 3449 1728 3553 sibiquod

312 3599 459 3685 spueret
479 3610 585 3685 supra
607 3610 773 3667 crucem3
790 3580 856 3655 sed
875 3606 948 3655 non
967 3578 1085 3655 voluit
1104 3605 1252 3681 spuere,
1274 3578 1389 3652 immo
1409 3579 1509 3680 spuit
1527 3576 1574 3651 ad
1593 3594 1728 3653 terram

309 3712 410 3816 juxta
429 3738 589 3785 crucem.
616 3709 716 3785 Dixit
740 3708 855 3783 eciam
879 3735 947 3811 per
967 3707 1221 3812 juramentum
1242 3731 1350 3778 suum
1370 3705 1472 3807 quod
1499 3703 1618 3779 dictus
1637 3707 1728 3782 reci-

312 3840 417 3942 piens
433 3838 524 3913 dixit
542 3837 611 3912 sibi
625 3836 726 3942 quod
743 3835 827 3912 lecti
845 3833 997 3910 fratrum
1017 3832 1202 3908 debebant
1223 3860 1301 3908 esse
1317 3859 1546 3908 communes.
1567 3835 1729 3911 Interro-

312 3984 416 4071 gatus
435 3985 561 4043 utrum
579 3967 633 4053 vi,
656 3965 712 4041 vcl
731 3982 834 4041 metu
853 3980 1122 4055 tormentorum
1143 3962 1200 4037 vel
1218 3963 1387 4047 carceris,
1415 3962 1575 4065 aliquam
1597 3961 1728 4039 dixerit

313 4096 351 4170 in
367 4122 433 4170 sua
448 4094 684 4200 deposicione
700 4094 913 4182 falsitatem,
927 4111 990 4169 aut
1003 4092 1219 4168 subticuerit
1233 4091 1439 4176 veritatem,
1453 4090 1544 4167 dixit
1555 4119 1622 4195 per
1626 4090 1728 4199 jura-

312 4241 480 4301 mentum
493 4253 605 4300 suum
622 4225 724 4329 quod
747 4252 841 4314 non;
862 4224 979 4299 immo
1001 4249 1132 4326 puram
1151 4221 1343 4296 veritatem
1364 4219 1504 4298 dixerat
1518 4250 1585 4326 pro
1609 4221 1725 4297 salute

313 4382 434 4431 anxme
454 4383 532 4431 sue.

368 4617 464 4692 Item
485 4615 596 4691 frater
615 4613 747 4722 llelyas
767 4615 815 4690 de
835 4615 961 4705 Jocro,
983 4614 1088 4690 etatis
1108 4640 1166 4689 xxx
1187 4641 1368 4689 annorum
1384 4612 1440 4689 vel
1457 4613 1568 4703 circa,
1592 4614 1725 4691 eodem

317 4746 432 4822 modo
466 4745 701 4832 constitutus,
727 4744 873 4849 juratus
906 4762 944 4821 et
970 4744 1234 4850 interrogatus,
1267 4743 1359 4821 dixit
1385 4772 1451 4848 per
1470 4743 1725 4850 juramentum
