4230 5956
707 457 902 550 moces
928 478 1022 548 urs
1048 474 1343 547 rennuens.
1661 482 1734 551 sn

322 622 525 723 veritatem,
542 619 633 696 dixit
647 646 714 723 per
727 620 982 724 juramentum
998 619 1102 724 quod
1116 645 1210 704 non,
1233 631 1271 693 et
1282 616 1385 720 quod
1401 643 1529 720 puram
1545 622 1734 696 veritatem

323 752 413 827 dixit
433 778 500 855 pro
521 749 636 826 salute
650 749 773 825 anime
789 776 865 855 sue.

377 885 485 958 Facta
497 897 621 956 autem
636 872 708 956 luit
721 879 904 957 confessio
919 907 985 955 seu
1000 879 1188 984 deposicio
1201 878 1271 953 hec
1284 906 1302 952 a
1316 878 1415 953 dicto
1425 877 1535 953 fratre
1545 877 1728 965 lohanne,

316 1012 528 1116 juramento
548 1009 594 1086 ab
609 1009 745 1086 eodem
763 1010 881 1116 prius,
895 1026 938 1086 ut
947 1010 1184 1115 premittitur,
1205 1009 1375 1112 prestito,
1397 1034 1510 1095 anno,
1526 1007 1731 1095 indicione,

322 1139 673 1243 pontificatu,·anno
692 1157 731 1215 et
749 1138 812 1216 die
832 1139 1023 1243 predictis,
1045 1137 1281 1244 presentibus
1304 1138 1485 1243 religiosis
1510 1154 1546 1212 et
1572 1138 1737 1215 honestis

322 1269 409 1344 viris
426 1268 599 1346 fratribus
615 1268 818 1346 Guillelmo
838 1269 886 1345 de
902 1268 1051 1373 Capella
1067 1286 1104 1343 ct
1118 1267 1320 1344 Guillelmo
1337 1267 1383 1342 de
1402 1268 1474 1343 Boz
1495 1265 1638 1344 ordinis
1650 1269 1736 1344 Pre-

325 1398 529 1475 dicatorum
544 1399 591 1475 de
612 1396 796 1474 conventu
814 1398 1024 1484 Perisiensi,
1047 1397 1203 1473 testibus
1220 1397 1269 1472 ad
1284 1397 1354 1471 hoc
1368 1397 1506 1472 vocatis
1527 1412 1563 1471 et
1586 1396 1735 1502 rogatis.

378 1658 423 1731 Et
440 1681 508 1762 ego
524 1653 670 1729 Eveuus
688 1653 794 1757 Phily
810 1654 857 1729 de
872 1655 1006 1732 Sancto
1027 1654 1171 1731 Nicasio
1187 1653 1340 1730 clericus
1358 1654 1645 1758 Corisopitensis
1664 1655 1742 1731 dio·

322 1783 430 1871 cesis,
452 1782 652 1887 apostolica
671 1782 844 1886 publicus
863 1783 1077 1859 auctoritate
1099 1785 1279 1870 notarius,
1300 1783 1488 1887 premissis
1508 1781 1681 1859 omnibus
1700 1801 1738 1858 et

323 1912 476 2017 singulis
494 1914 534 1987 in
550 1912 711 2016 presenti
731 1930 828 1988 carta
838 1941 915 1988 -seu
929 1915 1033 2017 pecia
1053 1931 1090 1988 et
1111 1914 1191 1989 aliis
1207 1915 1315 1989 cartis
1328 1913 1617 2019 precedentibus
1632 1915 1737 2019 signo

324 2069 409 2117 meo
425 2039 574 2145 signatis
594 2040 744 2116 interlui
768 2068 934 2145 presens,
957 2059 994 2115 et
1013 2070 1086 2116 una
1103 2070 1187 2117 cum
1207 2042 1312 2147 signo
1327 2060 1365 2119 et
1384 2043 1659 2148 subscripsione
1677 2072 1741 2121 no

324 2169 406 2245 terii
426 2169 661 2273 suprascripti
683 2168 729 2242 ad
747 2169 926 2273 premissa
945 2171 1126 2274 presentis
1140 2171 1286 2273 signum
1301 2199 1428 2248 meum
1443 2189 1663 2251 consuetum
1679 2202 1740 2249 ro-

325 2316 430 2401 gatus
449 2298 620 2403 apposui,
646 2327 706 2373 me
727 2297 971 2375 subscribens.

381 2562 422 2635 ln
442 2559 594 2635 nomine
610 2559 762 2635 Domini
783 2586 903 2639 amen.
922 2559 1030 2637 Anno
1045 2560 1246 2637 Nativitctis
1266 2561 1434 2667 ejusdem
1453 2563 1652 2639 millesimo
1667 2581 1744 2639 tre-

327 2690 529 2768 centesimo
546 2691 723 2795 septimo,
736 2689 923 2766 indicione
939 2708 1053 2779 sexta,
1071 2719 1201 2768 mense
1216 2692 1442 2779 novembris,
1459 2693 1626 2799 ejusdem
1637 2721 1742 2770 men·

326 2821 376 2897 sis
388 2848 450 2898 xru
464 2820 542 2906 die,
558 2818 794 2926 pontificatus
813 2820 1034 2897 sanctissimi
1049 2822 1162 2924 patris
1174 2837 1210 2896 et
1225 2821 1367 2898 domini
1384 2821 1527 2898 domini
1538 2821 1742 2899 Clementis

328 2951 448 3027 divina
471 2951 705 3055 providencia
723 2978 818 3055 pape
835 2950 954 3055 quinti
975 2977 1072 3025 enno
1091 2951 1274 3039 secundo,
1296 2951 1336 3027 in
1355 2952 1517 3057 religiosi
1532 2952 1600 3027 viri
1620 2952 1742 3029 fratris

327 3080 464 3157 Nicolai
483 3082 530 3156 de
550 3081 748 3158 Anessiaco
769 3080 1008 3156 commissarii
1027 3079 1146 3156 fratris
1160 3078 1350 3158 Guillelmi
1373 3083 1419 3158 de
1439 3083 1599 3158 Parisius
1620 3083 1744 3189 inqui·

326 3211 451 3286 sitoris
470 3210 633 3286 heretice
653 3210 839 3314 pravitatis
858 3211 898 3285 in
916 3237 1032 3315 regno
1054 3211 1204 3286 Francis
1225 3212 1438 3288 auctoritate
1459 3210 1657 3318 apostolica
1677 3211 1744 3289 de·

327 3340 458 3444 putati,
493 3357 662 3415 nostrum
696 3339 927 3416 notariorum
958 3357 995 3416 et
1021 3341 1172 3416 testium
1204 3340 1520 3448 infrascriptorum
1549 3344 1742 3446 presencia

326 3468 567 3573 personaliter
587 3470 804 3546 constitutus
829 3469 939 3546 sratcr
962 3472 1150 3548 lohannes
1170 3471 1216 3547 de
1236 3473 1367 3547 Turno
1388 3472 1670 3549 elemosinarius
1688 3501 1744 3547 re-

326 3602 380 3704 gis
399 3599 603 3707 quondam,
637 3600 741 3676 etatis
761 3599 821 3676 lxx
840 3628 1021 3677 annorum
1051 3600 1108 3676 vel
1133 3601 1246 3687 circa,
1272 3601 1417 3705 juratus
1444 3601 1492 3677 ad
1518 3617 1638 3675 sancta
1671 3600 1742 3677 Dei

328 3730 521 3834 Evangelia
537 3729 661 3807 eidem
672 3729 874 3833 preposita,
894 3745 932 3805 et
945 3728 993 3806 ab
1006 3757 1050 3805 eo
1062 3728 1301 3833 corporaliter
1313 3745 1424 3817 tecta,
1443 3731 1490 3805 de
1504 3757 1543 3804 se
1559 3728 1689 3804 etaliis
1702 3729 1742 3805 in

329 3886 436 3935 cause
457 3858 546 3935 fidei
561 3857 708 3962 plenam
728 3874 767 3933 et
789 3857 971 3963 integrum
993 3856 1117 3935 dicere
1137 3858 1342 3946 veritatem;
1369 3874 1406 3935 et
1424 3859 1670 3965 interrogatus
1679 3878 1686 3893 ··
1695 3856 1742 3934 de

329 4002 496 4092 tempore
515 4004 553 4065 et
571 3987 686 4065 modo
705 4008 772 4064 sue
787 3986 1030 4092 reeepcionis,
1051 3986 1147 4063 dixit
1159 4016 1227 4092 per
1240 3987 1494 4094 juramentum
1515 4014 1623 4062 suum
1639 3988 1744 4094 quod

329 4113 401 4190 fuit
415 4132 587 4220 receptus
600 4144 668 4221 per.
676 4115 826 4195 fratrem
838 4118 1047 4194 lohannem
1061 4117 1108 4193 de
1123 4120 1252 4194 Turno
1267 4117 1461 4223 quondam
1474 4115 1743 4194 thesaurarium

330 4245 479 4349 Templi
494 4247 721 4337 Parisiensis,
736 4248 775 4323 in
787 4247 900 4325 domo
913 4247 960 4325 de
974 4249 1136 4353 Sauceye
1151 4276 1263 4353 super
1273 4242 1432 4338 Yonam,
1445 4275 1550 4326 xxxvi
1561 4248 1647 4325 enni
1658 4265 1745 4325 sunt

331 4372 461 4479 elapsi,
491 4376 727 4481 presentibus
754 4376 928 4454 fratribus
951 4376 1102 4456 Galtero
1122 4376 1280 4485 Dacolay
1304 4394 1342 4454 et
1359 4376 1559 4456 Guillelmo
1583 4379 1649 4485 qui
1674 4378 1745 4453 fuit

332 4504 613 4583 elemosinarius
633 4524 716 4584 ante
733 4508 872 4612 ipsum,
887 4524 928 4585 et
947 4508 1170 4615 quibusdam
1190 4506 1271 4585 eliis
1285 4508 1508 4616 dequorum
1527 4507 1745 4585 nominibus

331 4662 407 4711 non
423 4636 649 4714 recordatur.
665 4637 767 4714 Dixit
782 4639 895 4716 eciam
911 4667 981 4744 per
985 4639 1240 4746 juramentum
1256 4666 1366 4717 suum
1378 4641 1497 4746 quod,
1514 4654 1600 4746 post
1612 4636 1746 4729 mirltas

332 4767 596 4870 promissiones
615 4769 662 4846 ab
682 4796 729 4847 eo
753 4769 864 4847 lactes
885 4769 933 4851 de
955 4769 1101 4848 statutis
1123 4787 1161 4847 et
1179 4771 1330 4848 secretis
1347 4770 1437 4849 dicti
1458 4748 1746 4849 ordinis-obses
