4230 5956
432 441 505 511 soa
818 418 1016 512 rnocts
1041 439 1137 511 nus
1166 439 1487 515 Taurumue.-

432 579 531 661 dicto
551 577 703 666 domus,
725 607 827 657 nunc
848 581 1041 671 defuncto,
1060 599 1096 658 et
1115 580 1228 659 fratre
1247 584 1358 667 Petro
1378 580 1425 657 de
1441 577 1638 663 Cormeliis
1658 599 1748 658 tunc
1771 611 1856 688 pre·

432 725 581 817 ceptorc
604 709 650 784 de
672 709 879 816 Savigueio.
901 712 1002 791 Dixit
1022 713 1139 790 eciam
1155 741 1224 819 per
1232 713 1492 820 juramentum
1507 740 1616 789 suum
1631 713 1752 819 quod,
1768 731 1855 819 post

432 839 567 919 multas
586 841 852 945 promissiones
868 843 914 920 de
935 844 1096 934 statutis,
1114 842 1365 921 observanciis
1380 860 1419 923 et
1430 842 1581 920 secretis
1601 843 1689 921 dicti
1710 845 1854 921 ordinis

436 971 673 1051 observandis
692 1001 761 1077 per
773 1001 861 1049 eum
876 973 1004 1064 factas,
1023 991 1061 1051 et
1078 974 1257 1052 mantello
1275 973 1347 1053 sibi
1360 974 1516 1061 tradito,
1536 973 1659 1050 dictus
1671 974 1854 1080 recipiens

435 1102 542 1205 duxit
556 1131 642 1185 eum
658 1103 705 1178 ad
720 1120 882 1209 partem,
902 1122 940 1181 et
959 1104 1126 1182 ostendit
1146 1105 1214 1181 sibi
1237 1132 1386 1182 crucem
1400 1132 1486 1180 cum
1502 1102 1623 1209 effigie
1637 1103 1774 1181 Christi
1790 1103 1854 1180 de-

434 1232 569 1339 pictam
591 1232 630 1309 in
651 1233 815 1339 quodam
833 1234 984 1313 missali.
1006 1237 1053 1312 Et
1073 1235 1164 1311 dixit
1184 1234 1256 1312 sibi
1276 1236 1398 1312 dictus
1417 1234 1601 1340 recipiens
1619 1233 1724 1341 quod
1742 1234 1854 1311 abue-

433 1381 539 1469 garet
557 1363 749 1442 Christum
775 1366 882 1472 cujus
905 1367 1116 1473 ymaginem
1139 1367 1209 1444 sibi
1234 1365 1454 1445 ostendebat
1472 1383 1541 1453 ter,
1564 1382 1601 1441 et
1625 1382 1682 1441 ter
1704 1383 1855 1470 spueret

432 1522 544 1602 supra
567 1523 714 1572 crucem
736 1513 774 1573 et
793 1525 904 1602 supra
924 1497 1127 1575 Christum.
1157 1497 1271 1593 Quod
1287 1496 1409 1574 facere
1428 1494 1660 1602 perterritus,
1684 1494 1853 1601 aliquan-

434 1624 517 1716 diu,
548 1624 644 1703 sicut
664 1626 772 1715 dixit,
799 1626 919 1704 facere
950 1626 1161 1737 denegavit;
1191 1629 1258 1706 sed
1285 1627 1371 1734 quia
1399 1625 1582 1731 recipiens
1607 1623 1752 1702 dicebat
1779 1625 1850 1701 sihi

432 1755 535 1864 quod
555 1755 627 1833 hoc
647 1774 725 1835 erat
744 1757 791 1835 de
812 1759 958 1835 statutis
977 1754 1136 1849 ordinis,
1155 1776 1192 1837 et
1212 1787 1301 1837 eum
1320 1757 1455 1835 adhoc
1473 1756 1852 1834 instantissimecom-

430 1885 611 1993 pellebat,
643 1888 760 1966 dictas
789 1890 1080 1999 abnegacionem
1112 1908 1150 1969 et
1177 1889 1409 1997 spuioionem
1444 1916 1509 1967 cre
1536 1885 1640 1976 iecit,
1667 1885 1754 1963 licet
1775 1915 1851 1965 non

430 2019 561 2111 corde,
583 2020 679 2098 sicut
700 2022 803 2098 dixit.

487 2152 740 2258 interrogatus
765 2152 813 2229 de
841 2153 988 2244 osculo,
1021 2153 1115 2230 dixit
1139 2182 1207 2259 per
1223 2153 1478 2260 juramentum
1504 2176 1613 2224 suum
1641 2147 1852 2254 quodcum

431 2281 510 2385 ipse
529 2280 711 2386 obligaret
732 2311 771 2358 se
791 2283 839 2358 ad
861 2282 1031 2359 facienda
1052 2283 1178 2360 oscula
1205 2283 1245 2359 in
1269 2282 1343 2359 fine
1363 2281 1468 2386 spine
1495 2279 1594 2356 dorsi
1615 2296 1653 2356 et
1671 2278 1775 2368 alibi,
1796 2309 1853 2356 se-

431 2408 597 2485 cundum
627 2438 772 2486 morem
802 2426 840 2487 et
866 2410 980 2486 ritum
1008 2412 1170 2500 ordinis,
1209 2412 1331 2487 dictus
1362 2410 1547 2515 recipiens
1572 2409 1695 2487 etalii
1721 2408 1852 2486 fratres

301 2588 304 2595 -
429 2557 678 2645 pepercerunt
693 2540 764 2617 sibi
776 2540 880 2647 quod
891 2567 967 2617 non
980 2537 1130 2618 faceret.
1146 2541 1249 2617 Dixit
1264 2541 1379 2617 eciam
1394 2570 1464 2648 per
1470 2540 1726 2647 juramentum
1741 2567 1851 2617 suum

430 2669 538 2776 quod
545 2687 765 2777 preceptum
778 2669 850 2747 suit
868 2670 940 2747 sibi
950 2670 1055 2778 quod
1070 2671 1100 2748 si
1115 2670 1248 2779 aliquis
1261 2671 1359 2749 calor
1373 2671 1551 2748 naturalis
1567 2687 1734 2749 moveret
1746 2700 1849 2759 eum,

429 2800 536 2909 quod
552 2802 632 2907 ipse
647 2801 907 2879 commisceret
925 2830 965 2879 se
985 2831 1072 2880 cum
1092 2801 1219 2909 aliquo
1241 2803 1288 2879 de
1308 2801 1499 2891 fratribus,
1522 2820 1561 2879 et
1578 2800 1752 2879 similiter
1768 2832 1853 2908 pcr-

432 2933 603 3011 micteret
622 2932 752 3010 fratres
770 2933 859 3009 dicti
877 2933 1021 3010 ordinis
1040 2933 1281 3010 commiscere
1299 2962 1386 3010 cum
1404 2961 1465 3024 eo,
1483 2933 1570 3040 quia
1590 2931 1683 3008 sicut
1704 2948 1782 3008 erat
1799 2934 1852 3008 eis

432 3061 636 3169 obligatus,
659 3063 709 3139 ita
724 3063 793 3168 ipsi
810 3081 915 3141 erant
930 3064 1001 3142 sibi
1017 3064 1169 3170 obligati
1187 3063 1318 3142 adhoc
1333 3063 1558 3142 faciendum.

488 3192 703 3295 Requisitus
725 3192 905 3298 decapite
926 3195 1030 3299 quod
1049 3195 1256 3285 consuevit,
1278 3211 1322 3272 ut
1335 3195 1482 3283 dicitur,
1505 3192 1666 3299 aportnri
1688 3190 1736 3266 ad
1752 3194 1851 3297 capi-

432 3321 509 3401 tula
531 3339 569 3398 et
588 3322 749 3411 adorari,
772 3323 865 3399 dixit
884 3352 952 3429 per
967 3324 1222 3431 juramentum
1236 3354 1347 3404 suum
1363 3325 1465 3432 quod
1477 3324 1571 3400 vidit
1589 3322 1687 3400 illud
1704 3322 1743 3399 in
1759 3324 1853 3400 duo-

431 3453 503 3531 bus
523 3452 789 3559 capitulisque
817 3454 940 3530 tenuit
964 3453 1078 3532 irater
1101 3454 1211 3562 Hugo
1233 3457 1280 3533 de
1306 3453 1473 3533 Paraudo
1498 3455 1663 3531 visitator
1685 3455 1849 3530 Francie.

432 3585 479 3662 Et
493 3583 586 3660 vidit
600 3582 731 3661 fratres
747 3584 902 3661 adorare
918 3585 1030 3676 iltud;
1053 3604 1090 3664 et
1113 3587 1273 3692 ipsemet
1298 3585 1462 3693 fingebat
1476 3585 1571 3662 illud
1591 3585 1765 3671 adorare,
1784 3586 1852 3661 sed

433 3743 625 3821 nunquam
645 3713 733 3791 fecit
744 3716 871 3807 corde,
889 3735 931 3792 ut
944 3716 1048 3794 dixit.
1062 3718 1107 3794 Et
1119 3717 1238 3795 credit
1248 3716 1352 3823 quod
1365 3715 1486 3822 capud
1495 3715 1591 3812 illud
1603 3715 1651 3792 sit
1663 3713 1847 3819 ligneum,

432 3862 665 3953 argentatum
682 3862 719 3921 et
740 3846 956 3923 deauratum
979 3846 1079 3924 soris.
1102 3849 1349 3957 Interrogatus
1364 3848 1468 3954 cujus
1484 3845 1620 3951 speciei
1641 3859 1696 3919 est
1709 3841 1848 3918 dictum

433 3977 572 4083 capud,
601 3975 693 4055 dixit
711 4006 778 4083 per
797 3978 1054 4084 juramentum
1076 4006 1188 4057 suum
1213 3978 1317 4086 quod
1339 3977 1487 4056 videtur
1513 3975 1582 4053 sibi
1608 3972 1713 4080 quod
1738 3972 1848 4051 habet

430 4107 584 4185 barbam
601 4135 668 4184 seu
688 4108 974 4188 similitudinem
993 4109 1122 4188 barbe.

486 4240 736 4346 Interrogatus
758 4258 885 4318 utrum
909 4243 961 4333 vi,
991 4242 1050 4319 vel
1071 4259 1176 4319 metu
1202 4257 1479 4321 tormentorum
1503 4257 1567 4316 aut
1588 4239 1760 4323 carceris,
1790 4255 1852 4315 aut

433 4370 558 4479 aliqua
571 4370 640 4449 alia
655 4370 702 4448 de
722 4400 845 4462 causa,
868 4373 1031 4479 aliquam
1047 4373 1244 4452 salsitatem
1263 4371 1512 4450 immiscuerit
1531 4399 1599 4450 seu
1620 4370 1773 4458 dixerit,
1790 4386 1852 4445 aut

432 4502 623 4581 veritatem
643 4504 800 4580 tacuerit
822 4504 860 4579 in
884 4532 950 4581 sua
974 4503 1234 4610 deposicione,
1261 4504 1354 4581 dixit
1377 4533 1446 4610 per
1460 4505 1716 4611 juramentum
1742 4529 1851 4577 suum

430 4635 533 4739 quod
544 4661 637 4724 non;
653 4636 769 4712 immo
784 4634 952 4740 plenam,
969 4664 1109 4713 meram
1124 4653 1160 4714 et
1173 4637 1372 4743 integram,
1389 4651 1543 4741 propter
1557 4633 1714 4711 salutem
1728 4631 1849 4708 anime

430 4792 514 4853 sue,
531 4765 671 4847 dixerat
684 4767 890 4846 veritatem.
