<?xml version="1.0" encoding="UTF-8"?>
<!DOCTYPE html PUBLIC "-//W3C//DTD XHTML 1.0 Transitional//EN"
    "http://www.w3.org/TR/xhtml1/DTD/xhtml1-transitional.dtd">
<html xmlns="http://www.w3.org/1999/xhtml" xml:lang="en" lang="en">
 <head>
  <title>
</title>
<meta http-equiv="Content-Type" content="text/html;charset=utf-8" />
  <meta name='ocr-system' content='tesseract 3.04.00' />
  <meta name='ocr-capabilities' content='ocr_page ocr_carea ocr_par ocr_line ocrx_word'/>
</head>
<body>
  <div class='ocr_page' id='page_1' title='image "./procsdestemplie01defegoog/procsdestemplie01defegoog_0309.png"; bbox 0 0 4230 5956; ppageno 0'>
   <div class='ocr_carea' id='block_1_1' title="bbox 748 446 1772 552">
    <p class='ocr_par' dir='ltr' id='par_1_1' title="bbox 748 446 1772 552">
     <span class='ocr_line' id='line_1_1' title="bbox 748 446 1772 552; baseline 0.008 -8"><span class='ocrx_word' id='word_1_1' title='bbox 748 446 943 548; x_wconf 75' lang='lat' dir='ltr'><strong>exosas</strong></span> <span class='ocrx_word' id='word_1_2' title='bbox 970 476 1066 548; x_wconf 85' lang='lat' dir='ltr'><strong>uss</strong></span> <span class='ocrx_word' id='word_1_3' title='bbox 1092 474 1394 549; x_wconf 68' lang='lat' dir='ltr'><strong>caueamus.</strong></span> <span class='ocrx_word' id='word_1_4' title='bbox 1697 480 1772 552; x_wconf 80' lang='lat' dir='ltr'><strong>asa</strong></span> 
     </span>
    </p>
   </div>
   <div class='ocr_carea' id='block_1_2' title="bbox 336 616 1773 4890">
    <p class='ocr_par' dir='ltr' id='par_1_2' title="bbox 338 616 1773 4108">
     <span class='ocr_line' id='line_1_2' title="bbox 354 616 1773 725; baseline 0 -29"><span class='ocrx_word' id='word_1_5' title='bbox 354 647 468 723; x_wconf 82' lang='lat' dir='ltr'><strong>regno</strong></span> <span class='ocrx_word' id='word_1_6' title='bbox 481 617 650 701; x_wconf 86' lang='lat' dir='ltr'><strong>Francie,</strong></span> <span class='ocrx_word' id='word_1_7' title='bbox 667 616 884 692; x_wconf 86' lang='lat' dir='ltr'><strong>auctoritate</strong></span> <span class='ocrx_word' id='word_1_8' title='bbox 899 617 1098 720; x_wconf 90' lang='lat' dir='ltr'><strong>apostolica</strong></span> <span class='ocrx_word' id='word_1_9' title='bbox 1112 617 1275 723; x_wconf 89' lang='lat' dir='ltr'><strong>deputati</strong></span> <span class='ocrx_word' id='word_1_10' title='bbox 1288 617 1327 693; x_wconf 88' lang='lat' dir='ltr'><strong>in</strong></span> <span class='ocrx_word' id='word_1_11' title='bbox 1343 617 1456 693; x_wconf 91' lang='lat' dir='ltr'><strong>domo</strong></span> <span class='ocrx_word' id='word_1_12' title='bbox 1472 617 1609 692; x_wconf 84' lang='lat' dir='ltr'><strong>milicie</strong></span> <span class='ocrx_word' id='word_1_13' title='bbox 1625 620 1773 725; x_wconf 83' lang='lat' dir='ltr'><strong>Templi</strong></span> 
     </span>
     <span class='ocr_line' id='line_1_3' title="bbox 354 744 1770 852; baseline 0.001 -27"><span class='ocrx_word' id='word_1_14' title='bbox 354 749 512 825; x_wconf 80' lang='lat' dir='ltr'><strong>Parisios</strong></span> <span class='ocrx_word' id='word_1_15' title='bbox 532 775 600 852; x_wconf 94' lang='lat' dir='ltr'><strong>pro</strong></span> <span class='ocrx_word' id='word_1_16' title='bbox 620 744 846 851; x_wconf 88' lang='lat' dir='ltr'><strong>inquirendo</strong></span> <span class='ocrx_word' id='word_1_17' title='bbox 862 764 988 824; x_wconf 88' lang='lat' dir='ltr'><strong>contra</strong></span> <span class='ocrx_word' id='word_1_18' title='bbox 1009 748 1186 852; x_wconf 91' lang='lat' dir='ltr'><strong>quasdam</strong></span> <span class='ocrx_word' id='word_1_19' title='bbox 1205 776 1380 852; x_wconf 81' lang='lat' dir='ltr'><strong>personas</strong></span> <span class='ocrx_word' id='word_1_20' title='bbox 1397 746 1540 823; x_wconf 82' lang='lat' dir='ltr'><strong>ibidem</strong></span> <span class='ocrx_word' id='word_1_21' title='bbox 1557 747 1770 838; x_wconf 75' lang='lat' dir='ltr'><strong>existentes,</strong></span> 
     </span>
     <span class='ocr_line' id='line_1_4' title="bbox 353 876 1772 981; baseline 0.001 -26"><span class='ocrx_word' id='word_1_22' title='bbox 353 879 477 957; x_wconf 90' lang='lat' dir='ltr'><strong>eidem</strong></span> <span class='ocrx_word' id='word_1_23' title='bbox 502 877 639 955; x_wconf 86' lang='lat' dir='ltr'><strong>delatas</strong></span> <span class='ocrx_word' id='word_1_24' title='bbox 668 904 780 981; x_wconf 88' lang='lat' dir='ltr'><strong>super</strong></span> <span class='ocrx_word' id='word_1_25' title='bbox 806 876 906 953; x_wconf 90' lang='lat' dir='ltr'><strong>dicto</strong></span> <span class='ocrx_word' id='word_1_26' title='bbox 935 879 1089 954; x_wconf 89' lang='lat' dir='ltr'><strong>crimine</strong></span> <span class='ocrx_word' id='word_1_27' title='bbox 1113 879 1318 966; x_wconf 89' lang='lat' dir='ltr'><strong>existentis,</strong></span> <span class='ocrx_word' id='word_1_28' title='bbox 1345 895 1514 954; x_wconf 91' lang='lat' dir='ltr'><strong>nostrum</strong></span> <span class='ocrx_word' id='word_1_29' title='bbox 1534 876 1772 981; x_wconf 82' lang='lat' dir='ltr'><strong>publicorum</strong></span> 
     </span>
     <span class='ocr_line' id='line_1_5' title="bbox 352 1006 1773 1114; baseline 0 -29"><span class='ocrx_word' id='word_1_30' title='bbox 352 1010 579 1091; x_wconf 84' lang='lat' dir='ltr'><strong>notariorum</strong></span> <span class='ocrx_word' id='word_1_31' title='bbox 600 1025 637 1085; x_wconf 92' lang='lat' dir='ltr'><strong>et</strong></span> <span class='ocrx_word' id='word_1_32' title='bbox 656 1006 972 1113; x_wconf 79' lang='lat' dir='ltr'><strong>infrascriptorum</strong></span> <span class='ocrx_word' id='word_1_33' title='bbox 993 1010 1144 1085; x_wconf 89' lang='lat' dir='ltr'><strong>testium</strong></span> <span class='ocrx_word' id='word_1_34' title='bbox 1166 1009 1356 1114; x_wconf 86' lang='lat' dir='ltr'><strong>presencia</strong></span> <span class='ocrx_word' id='word_1_35' title='bbox 1375 1006 1621 1113; x_wconf 80' lang='lat' dir='ltr'><strong>personaliter</strong></span> <span class='ocrx_word' id='word_1_36' title='bbox 1643 1011 1773 1087; x_wconf 91' lang='lat' dir='ltr'><strong>consti-</strong></span> 
     </span>
     <span class='ocr_line' id='line_1_6' title="bbox 351 1136 1771 1225; baseline -0.001 -8"><span class='ocrx_word' id='word_1_37' title='bbox 351 1156 455 1217; x_wconf 86' lang='lat' dir='ltr'><strong>tutus</strong></span> <span class='ocrx_word' id='word_1_38' title='bbox 470 1138 584 1216; x_wconf 83' lang='lat' dir='ltr'><strong>frater</strong></span> <span class='ocrx_word' id='word_1_39' title='bbox 602 1138 732 1214; x_wconf 87' lang='lat' dir='ltr'><strong>Petrus</strong></span> <span class='ocrx_word' id='word_1_40' title='bbox 751 1136 799 1212; x_wconf 90' lang='lat' dir='ltr'><strong>de</strong></span> <span class='ocrx_word' id='word_1_41' title='bbox 819 1137 1034 1225; x_wconf 82' lang='lat' dir='ltr'><strong>Tortavilla,</strong></span> <span class='ocrx_word' id='word_1_42' title='bbox 1058 1139 1169 1215; x_wconf 86' lang='lat' dir='ltr'><strong>srater</strong></span> <span class='ocrx_word' id='word_1_43' title='bbox 1184 1140 1345 1216; x_wconf 83' lang='lat' dir='ltr'><strong>serviens</strong></span> <span class='ocrx_word' id='word_1_44' title='bbox 1363 1139 1451 1215; x_wconf 85' lang='lat' dir='ltr'><strong>dicti</strong></span> <span class='ocrx_word' id='word_1_45' title='bbox 1470 1138 1614 1215; x_wconf 91' lang='lat' dir='ltr'><strong>ordinis</strong></span> <span class='ocrx_word' id='word_1_46' title='bbox 1635 1139 1771 1225; x_wconf 82' lang='lat' dir='ltr'><strong>milicie</strong></span> 
     </span>
     <span class='ocr_line' id='line_1_7' title="bbox 351 1268 1772 1377; baseline 0.002 -31"><span class='ocrx_word' id='word_1_47' title='bbox 351 1270 521 1375; x_wconf 82' lang='lat' dir='ltr'><strong>Templi,</strong></span> <span class='ocrx_word' id='word_1_48' title='bbox 548 1270 654 1346; x_wconf 88' lang='lat' dir='ltr'><strong>etatis</strong></span> <span class='ocrx_word' id='word_1_49' title='bbox 672 1268 943 1375; x_wconf 89' lang='lat' dir='ltr'><strong>quinquaginta</strong></span> <span class='ocrx_word' id='word_1_50' title='bbox 961 1297 1144 1347; x_wconf 88' lang='lat' dir='ltr'><strong>annornm</strong></span> <span class='ocrx_word' id='word_1_51' title='bbox 1164 1270 1220 1346; x_wconf 81' lang='lat' dir='ltr'><strong>vel</strong></span> <span class='ocrx_word' id='word_1_52' title='bbox 1247 1271 1357 1357; x_wconf 89' lang='lat' dir='ltr'><strong>circa,</strong></span> <span class='ocrx_word' id='word_1_53' title='bbox 1379 1289 1421 1346; x_wconf 91' lang='lat' dir='ltr'><strong>ut</strong></span> <span class='ocrx_word' id='word_1_54' title='bbox 1445 1269 1606 1357; x_wconf 91' lang='lat' dir='ltr'><strong>dicebat,</strong></span> <span class='ocrx_word' id='word_1_55' title='bbox 1624 1270 1772 1377; x_wconf 83' lang='lat' dir='ltr'><strong>juratus</strong></span> 
     </span>
     <span class='ocr_line' id='line_1_8' title="bbox 350 1397 1772 1506; baseline 0.001 -29"><span class='ocrx_word' id='word_1_56' title='bbox 350 1403 399 1477; x_wconf 86' lang='lat' dir='ltr'><strong>ad</strong></span> <span class='ocrx_word' id='word_1_57' title='bbox 413 1416 535 1477; x_wconf 84' lang='lat' dir='ltr'><strong>sancta</strong></span> <span class='ocrx_word' id='word_1_58' title='bbox 554 1398 625 1475; x_wconf 92' lang='lat' dir='ltr'><strong>Dei</strong></span> <span class='ocrx_word' id='word_1_59' title='bbox 644 1397 855 1506; x_wconf 88' lang='lat' dir='ltr'><strong>Evangelia,</strong></span> <span class='ocrx_word' id='word_1_60' title='bbox 881 1398 1005 1475; x_wconf 89' lang='lat' dir='ltr'><strong>eidem</strong></span> <span class='ocrx_word' id='word_1_61' title='bbox 1023 1400 1209 1506; x_wconf 89' lang='lat' dir='ltr'><strong>preposita</strong></span> <span class='ocrx_word' id='word_1_62' title='bbox 1230 1417 1267 1475; x_wconf 89' lang='lat' dir='ltr'><strong>et</strong></span> <span class='ocrx_word' id='word_1_63' title='bbox 1286 1400 1332 1476; x_wconf 90' lang='lat' dir='ltr'><strong>ab</strong></span> <span class='ocrx_word' id='word_1_64' title='bbox 1352 1400 1432 1504; x_wconf 92' lang='lat' dir='ltr'><strong>ipso</strong></span> <span class='ocrx_word' id='word_1_65' title='bbox 1452 1416 1563 1488; x_wconf 89' lang='lat' dir='ltr'><strong>tacta,</strong></span> <span class='ocrx_word' id='word_1_66' title='bbox 1585 1399 1711 1477; x_wconf 84' lang='lat' dir='ltr'><strong>dicere</strong></span> <span class='ocrx_word' id='word_1_67' title='bbox 1730 1402 1772 1478; x_wconf 85' lang='lat' dir='ltr'><strong>in</strong></span> 
     </span>
     <span class='ocr_line' id='line_1_9' title="bbox 351 1527 1770 1637; baseline 0.001 -31"><span class='ocrx_word' id='word_1_68' title='bbox 351 1557 459 1607; x_wconf 92' lang='lat' dir='ltr'><strong>causa</strong></span> <span class='ocrx_word' id='word_1_69' title='bbox 479 1527 586 1615; x_wconf 88' lang='lat' dir='ltr'><strong>fidei,</strong></span> <span class='ocrx_word' id='word_1_70' title='bbox 617 1545 692 1604; x_wconf 85' lang='lat' dir='ltr'><strong>tam</strong></span> <span class='ocrx_word' id='word_1_71' title='bbox 712 1527 760 1603; x_wconf 93' lang='lat' dir='ltr'><strong>de</strong></span> <span class='ocrx_word' id='word_1_72' title='bbox 780 1555 819 1604; x_wconf 92' lang='lat' dir='ltr'><strong>se</strong></span> <span class='ocrx_word' id='word_1_73' title='bbox 839 1556 951 1633; x_wconf 88' lang='lat' dir='ltr'><strong>quam</strong></span> <span class='ocrx_word' id='word_1_74' title='bbox 973 1528 1021 1604; x_wconf 91' lang='lat' dir='ltr'><strong>de</strong></span> <span class='ocrx_word' id='word_1_75' title='bbox 1046 1529 1143 1616; x_wconf 91' lang='lat' dir='ltr'><strong>aliis,</strong></span> <span class='ocrx_word' id='word_1_76' title='bbox 1170 1529 1332 1634; x_wconf 86' lang='lat' dir='ltr'><strong>plenam,</strong></span> <span class='ocrx_word' id='word_1_77' title='bbox 1362 1557 1493 1634; x_wconf 89' lang='lat' dir='ltr'><strong>puram</strong></span> <span class='ocrx_word' id='word_1_78' title='bbox 1523 1547 1562 1605; x_wconf 88' lang='lat' dir='ltr'><strong>et</strong></span> <span class='ocrx_word' id='word_1_79' title='bbox 1587 1530 1770 1637; x_wconf 86' lang='lat' dir='ltr'><strong>integram</strong></span> 
     </span>
     <span class='ocr_line' id='line_1_10' title="bbox 348 1657 1771 1765; baseline 0.001 -30"><span class='ocrx_word' id='word_1_80' title='bbox 348 1661 551 1737; x_wconf 84' lang='lat' dir='ltr'><strong>veritatem.</strong></span> <span class='ocrx_word' id='word_1_81' title='bbox 568 1658 615 1734; x_wconf 88' lang='lat' dir='ltr'><strong>Et</strong></span> <span class='ocrx_word' id='word_1_82' title='bbox 634 1658 882 1765; x_wconf 87' lang='lat' dir='ltr'><strong>interrogatus</strong></span> <span class='ocrx_word' id='word_1_83' title='bbox 898 1657 945 1734; x_wconf 93' lang='lat' dir='ltr'><strong>de</strong></span> <span class='ocrx_word' id='word_1_84' title='bbox 963 1676 1135 1765; x_wconf 85' lang='lat' dir='ltr'><strong>tempore</strong></span> <span class='ocrx_word' id='word_1_85' title='bbox 1153 1677 1192 1737; x_wconf 84' lang='lat' dir='ltr'><strong>et</strong></span> <span class='ocrx_word' id='word_1_86' title='bbox 1208 1659 1322 1738; x_wconf 92' lang='lat' dir='ltr'><strong>modo</strong></span> <span class='ocrx_word' id='word_1_87' title='bbox 1340 1659 1569 1765; x_wconf 89' lang='lat' dir='ltr'><strong>recepcionis</strong></span> <span class='ocrx_word' id='word_1_88' title='bbox 1584 1661 1771 1748; x_wconf 83' lang='lat' dir='ltr'><strong>sue,dixit</strong></span> 
     </span>
     <span class='ocr_line' id='line_1_11' title="bbox 347 1790 1769 1896; baseline 0.002 -30"><span class='ocrx_word' id='word_1_89' title='bbox 347 1818 415 1894; x_wconf 92' lang='lat' dir='ltr'><strong>per</strong></span> <span class='ocrx_word' id='word_1_90' title='bbox 418 1791 673 1896; x_wconf 88' lang='lat' dir='ltr'><strong>juramentum</strong></span> <span class='ocrx_word' id='word_1_91' title='bbox 686 1816 797 1866; x_wconf 90' lang='lat' dir='ltr'><strong>suum</strong></span> <span class='ocrx_word' id='word_1_92' title='bbox 812 1790 916 1895; x_wconf 89' lang='lat' dir='ltr'><strong>quod</strong></span> <span class='ocrx_word' id='word_1_93' title='bbox 930 1791 1058 1896; x_wconf 85' lang='lat' dir='ltr'><strong>viginti</strong></span> <span class='ocrx_word' id='word_1_94' title='bbox 1072 1820 1135 1869; x_wconf 91' lang='lat' dir='ltr'><strong>sex</strong></span> <span class='ocrx_word' id='word_1_95' title='bbox 1149 1792 1234 1867; x_wconf 89' lang='lat' dir='ltr'><strong>anni</strong></span> <span class='ocrx_word' id='word_1_96' title='bbox 1252 1809 1342 1868; x_wconf 90' lang='lat' dir='ltr'><strong>sunt</strong></span> <span class='ocrx_word' id='word_1_97' title='bbox 1355 1791 1467 1895; x_wconf 89' lang='lat' dir='ltr'><strong>elapsi</strong></span> <span class='ocrx_word' id='word_1_98' title='bbox 1480 1791 1585 1896; x_wconf 93' lang='lat' dir='ltr'><strong>quod</strong></span> <span class='ocrx_word' id='word_1_99' title='bbox 1599 1809 1769 1896; x_wconf 85' lang='lat' dir='ltr'><strong>receptus</strong></span> 
     </span>
     <span class='ocr_line' id='line_1_12' title="bbox 348 1919 1768 2025; baseline 0.003 -29"><span class='ocrx_word' id='word_1_100' title='bbox 348 1919 419 1997; x_wconf 83' lang='lat' dir='ltr'><strong>fuit</strong></span> <span class='ocrx_word' id='word_1_101' title='bbox 438 1923 477 1997; x_wconf 92' lang='lat' dir='ltr'><strong>in</strong></span> <span class='ocrx_word' id='word_1_102' title='bbox 492 1921 606 1998; x_wconf 92' lang='lat' dir='ltr'><strong>domo</strong></span> <span class='ocrx_word' id='word_1_103' title='bbox 627 1921 675 1996; x_wconf 91' lang='lat' dir='ltr'><strong>de</strong></span> <span class='ocrx_word' id='word_1_104' title='bbox 694 1920 851 1996; x_wconf 86' lang='lat' dir='ltr'><strong>Furchis</strong></span> <span class='ocrx_word' id='word_1_105' title='bbox 869 1921 1095 1998; x_wconf 82' lang='lat' dir='ltr'><strong>senonensis</strong></span> <span class='ocrx_word' id='word_1_106' title='bbox 1115 1923 1291 2009; x_wconf 89' lang='lat' dir='ltr'><strong>diocesis,</strong></span> <span class='ocrx_word' id='word_1_107' title='bbox 1309 1949 1377 2025; x_wconf 88' lang='lat' dir='ltr'><strong>per</strong></span> <span class='ocrx_word' id='word_1_108' title='bbox 1393 1920 1543 1996; x_wconf 81' lang='lat' dir='ltr'><strong>fratrem</strong></span> <span class='ocrx_word' id='word_1_109' title='bbox 1560 1921 1768 2000; x_wconf 83' lang='lat' dir='ltr'><strong>Iohannem</strong></span> 
     </span>
     <span class='ocr_line' id='line_1_13' title="bbox 348 2049 1770 2158; baseline 0.004 -33"><span class='ocrx_word' id='word_1_110' title='bbox 348 2051 395 2126; x_wconf 90' lang='lat' dir='ltr'><strong>de</strong></span> <span class='ocrx_word' id='word_1_111' title='bbox 415 2053 544 2128; x_wconf 89' lang='lat' dir='ltr'><strong>Turno</strong></span> <span class='ocrx_word' id='word_1_112' title='bbox 565 2049 800 2137; x_wconf 86' lang='lat' dir='ltr'><strong>defunctum,</strong></span> <span class='ocrx_word' id='word_1_113' title='bbox 822 2066 914 2125; x_wconf 89' lang='lat' dir='ltr'><strong>tunc</strong></span> <span class='ocrx_word' id='word_1_114' title='bbox 931 2050 1206 2128; x_wconf 89' lang='lat' dir='ltr'><strong>thesaurarium</strong></span> <span class='ocrx_word' id='word_1_115' title='bbox 1222 2050 1370 2158; x_wconf 90' lang='lat' dir='ltr'><strong>Templi</strong></span> <span class='ocrx_word' id='word_1_116' title='bbox 1390 2051 1565 2143; x_wconf 86' lang='lat' dir='ltr'><strong>Parisius,</strong></span> <span class='ocrx_word' id='word_1_117' title='bbox 1589 2053 1770 2157; x_wconf 89' lang='lat' dir='ltr'><strong>presenti—</strong></span> 
     </span>
     <span class='ocr_line' id='line_1_14' title="bbox 347 2177 1768 2269; baseline 0.004 -15"><span class='ocrx_word' id='word_1_118' title='bbox 347 2179 418 2256; x_wconf 88' lang='lat' dir='ltr'><strong>bus</strong></span> <span class='ocrx_word' id='word_1_119' title='bbox 436 2177 547 2257; x_wconf 85' lang='lat' dir='ltr'><strong>fratre</strong></span> <span class='ocrx_word' id='word_1_120' title='bbox 567 2181 677 2256; x_wconf 87' lang='lat' dir='ltr'><strong>Petro</strong></span> <span class='ocrx_word' id='word_1_121' title='bbox 698 2178 809 2254; x_wconf 84' lang='lat' dir='ltr'><strong>dicto</strong></span> <span class='ocrx_word' id='word_1_122' title='bbox 824 2178 870 2255; x_wconf 92' lang='lat' dir='ltr'><strong>de</strong></span> <span class='ocrx_word' id='word_1_123' title='bbox 897 2179 1094 2258; x_wconf 88' lang='lat' dir='ltr'><strong>Cormeliis</strong></span> <span class='ocrx_word' id='word_1_124' title='bbox 1121 2180 1178 2258; x_wconf 90' lang='lat' dir='ltr'><strong>vel</strong></span> <span class='ocrx_word' id='word_1_125' title='bbox 1203 2181 1249 2257; x_wconf 90' lang='lat' dir='ltr'><strong>de</strong></span> <span class='ocrx_word' id='word_1_126' title='bbox 1276 2182 1423 2269; x_wconf 88' lang='lat' dir='ltr'><strong>Turno,</strong></span> <span class='ocrx_word' id='word_1_127' title='bbox 1451 2209 1527 2257; x_wconf 89' lang='lat' dir='ltr'><strong>non</strong></span> <span class='ocrx_word' id='word_1_128' title='bbox 1550 2182 1768 2259; x_wconf 85' lang='lat' dir='ltr'><strong>recordatur</strong></span> 
     </span>
     <span class='ocr_line' id='line_1_15' title="bbox 346 2307 1765 2417; baseline 0.002 -32"><span class='ocrx_word' id='word_1_129' title='bbox 346 2308 442 2386; x_wconf 87' lang='lat' dir='ltr'><strong>bene</strong></span> <span class='ocrx_word' id='word_1_130' title='bbox 464 2310 510 2386; x_wconf 90' lang='lat' dir='ltr'><strong>de</strong></span> <span class='ocrx_word' id='word_1_131' title='bbox 530 2337 623 2415; x_wconf 90' lang='lat' dir='ltr'><strong>quo,</strong></span> <span class='ocrx_word' id='word_1_132' title='bbox 646 2326 684 2385; x_wconf 90' lang='lat' dir='ltr'><strong>et</strong></span> <span class='ocrx_word' id='word_1_133' title='bbox 696 2307 922 2415; x_wconf 85' lang='lat' dir='ltr'><strong>quibusdem</strong></span> <span class='ocrx_word' id='word_1_134' title='bbox 944 2308 1025 2386; x_wconf 90' lang='lat' dir='ltr'><strong>aliis</strong></span> <span class='ocrx_word' id='word_1_135' title='bbox 1043 2311 1090 2387; x_wconf 92' lang='lat' dir='ltr'><strong>de</strong></span> <span class='ocrx_word' id='word_1_136' title='bbox 1107 2339 1270 2417; x_wconf 88' lang='lat' dir='ltr'><strong>quorum</strong></span> <span class='ocrx_word' id='word_1_137' title='bbox 1291 2310 1510 2389; x_wconf 89' lang='lat' dir='ltr'><strong>nominibus</strong></span> <span class='ocrx_word' id='word_1_138' title='bbox 1528 2339 1605 2388; x_wconf 92' lang='lat' dir='ltr'><strong>non</strong></span> <span class='ocrx_word' id='word_1_139' title='bbox 1624 2312 1765 2388; x_wconf 85' lang='lat' dir='ltr'><strong>recolit.</strong></span> 
     </span>
     <span class='ocr_line' id='line_1_16' title="bbox 345 2437 1767 2547; baseline 0.002 -32"><span class='ocrx_word' id='word_1_140' title='bbox 345 2442 597 2545; x_wconf 79' lang='lat' dir='ltr'><strong>interrogatus</strong></span> <span class='ocrx_word' id='word_1_141' title='bbox 617 2439 664 2515; x_wconf 89' lang='lat' dir='ltr'><strong>de</strong></span> <span class='ocrx_word' id='word_1_142' title='bbox 684 2437 799 2516; x_wconf 87' lang='lat' dir='ltr'><strong>modo</strong></span> <span class='ocrx_word' id='word_1_143' title='bbox 821 2439 1050 2544; x_wconf 88' lang='lat' dir='ltr'><strong>reoepcionis</strong></span> <span class='ocrx_word' id='word_1_144' title='bbox 1075 2469 1157 2534; x_wconf 86' lang='lat' dir='ltr'><strong>sue,</strong></span> <span class='ocrx_word' id='word_1_145' title='bbox 1187 2440 1278 2517; x_wconf 82' lang='lat' dir='ltr'><strong>dixit</strong></span> <span class='ocrx_word' id='word_1_146' title='bbox 1297 2468 1369 2547; x_wconf 81' lang='lat' dir='ltr'><strong>per·</strong></span> <span class='ocrx_word' id='word_1_147' title='bbox 1381 2441 1636 2546; x_wconf 91' lang='lat' dir='ltr'><strong>juramentum</strong></span> <span class='ocrx_word' id='word_1_148' title='bbox 1657 2469 1767 2521; x_wconf 87' lang='lat' dir='ltr'><strong>suum</strong></span> 
     </span>
     <span class='ocr_line' id='line_1_17' title="bbox 345 2570 1768 2676; baseline 0.002 -30"><span class='ocrx_word' id='word_1_149' title='bbox 345 2570 449 2675; x_wconf 92' lang='lat' dir='ltr'><strong>quod</strong></span> <span class='ocrx_word' id='word_1_150' title='bbox 468 2571 589 2676; x_wconf 93' lang='lat' dir='ltr'><strong>primo</strong></span> <span class='ocrx_word' id='word_1_151' title='bbox 605 2570 775 2646; x_wconf 86' lang='lat' dir='ltr'><strong>fecerunt</strong></span> <span class='ocrx_word' id='word_1_152' title='bbox 794 2597 881 2646; x_wconf 91' lang='lat' dir='ltr'><strong>eum</strong></span> <span class='ocrx_word' id='word_1_153' title='bbox 892 2570 1110 2676; x_wconf 85' lang='lat' dir='ltr'><strong>promittere</strong></span> <span class='ocrx_word' id='word_1_154' title='bbox 1131 2572 1266 2649; x_wconf 89' lang='lat' dir='ltr'><strong>multas</strong></span> <span class='ocrx_word' id='word_1_155' title='bbox 1286 2572 1538 2649; x_wconf 90' lang='lat' dir='ltr'><strong>observancias</strong></span> <span class='ocrx_word' id='word_1_156' title='bbox 1557 2572 1647 2648; x_wconf 91' lang='lat' dir='ltr'><strong>dicti</strong></span> <span class='ocrx_word' id='word_1_157' title='bbox 1667 2573 1768 2651; x_wconf 90' lang='lat' dir='ltr'><strong>ordi·</strong></span> 
     </span>
     <span class='ocr_line' id='line_1_18' title="bbox 345 2701 1767 2806; baseline 0.003 -32"><span class='ocrx_word' id='word_1_158' title='bbox 345 2701 420 2789; x_wconf 92' lang='lat' dir='ltr'><strong>nis,</strong></span> <span class='ocrx_word' id='word_1_159' title='bbox 443 2718 480 2776; x_wconf 90' lang='lat' dir='ltr'><strong>et</strong></span> <span class='ocrx_word' id='word_1_160' title='bbox 495 2701 622 2806; x_wconf 86' lang='lat' dir='ltr'><strong>jurare</strong></span> <span class='ocrx_word' id='word_1_161' title='bbox 639 2727 782 2777; x_wconf 89' lang='lat' dir='ltr'><strong>servare</strong></span> <span class='ocrx_word' id='word_1_162' title='bbox 803 2716 937 2777; x_wconf 84' lang='lat' dir='ltr'><strong>statuta</strong></span> <span class='ocrx_word' id='word_1_163' title='bbox 965 2701 1127 2791; x_wconf 72' lang='lat' dir='ltr'><strong>ordinis,</strong></span> <span class='ocrx_word' id='word_1_164' title='bbox 1149 2719 1202 2788; x_wconf 89' lang='lat' dir='ltr'><strong>et,</strong></span> <span class='ocrx_word' id='word_1_165' title='bbox 1229 2702 1301 2779; x_wconf 93' lang='lat' dir='ltr'><strong>hoc</strong></span> <span class='ocrx_word' id='word_1_166' title='bbox 1332 2701 1443 2791; x_wconf 87' lang='lat' dir='ltr'><strong>lacto,</strong></span> <span class='ocrx_word' id='word_1_167' title='bbox 1478 2702 1661 2806; x_wconf 90' lang='lat' dir='ltr'><strong>recipiens</strong></span> <span class='ocrx_word' id='word_1_168' title='bbox 1680 2702 1767 2780; x_wconf 89' lang='lat' dir='ltr'><strong>Iecit</strong></span> 
     </span>
     <span class='ocr_line' id='line_1_19' title="bbox 345 2828 1764 2936; baseline 0.003 -32"><span class='ocrx_word' id='word_1_169' title='bbox 345 2831 469 2907; x_wconf 91' lang='lat' dir='ltr'><strong>eidem</strong></span> <span class='ocrx_word' id='word_1_170' title='bbox 484 2831 593 2907; x_wconf 91' lang='lat' dir='ltr'><strong>indui</strong></span> <span class='ocrx_word' id='word_1_171' title='bbox 604 2828 824 2906; x_wconf 86' lang='lat' dir='ltr'><strong>mantellum</strong></span> <span class='ocrx_word' id='word_1_172' title='bbox 841 2829 993 2906; x_wconf 86' lang='lat' dir='ltr'><strong>ordinis.</strong></span> <span class='ocrx_word' id='word_1_173' title='bbox 1008 2831 1093 2924; x_wconf 91' lang='lat' dir='ltr'><strong>Quo</strong></span> <span class='ocrx_word' id='word_1_174' title='bbox 1110 2831 1223 2919; x_wconf 85' lang='lat' dir='ltr'><strong>Iacto,</strong></span> <span class='ocrx_word' id='word_1_175' title='bbox 1242 2831 1343 2908; x_wconf 94' lang='lat' dir='ltr'><strong>idem</strong></span> <span class='ocrx_word' id='word_1_176' title='bbox 1358 2831 1544 2936; x_wconf 89' lang='lat' dir='ltr'><strong>recipiens</strong></span> <span class='ocrx_word' id='word_1_177' title='bbox 1559 2831 1664 2907; x_wconf 88' lang='lat' dir='ltr'><strong>duxit</strong></span> <span class='ocrx_word' id='word_1_178' title='bbox 1675 2858 1764 2908; x_wconf 87' lang='lat' dir='ltr'><strong>eum</strong></span> 
     </span>
     <span class='ocr_line' id='line_1_20' title="bbox 344 2959 1765 3068; baseline 0.003 -34"><span class='ocrx_word' id='word_1_179' title='bbox 344 2960 392 3034; x_wconf 90' lang='lat' dir='ltr'><strong>ad</strong></span> <span class='ocrx_word' id='word_1_180' title='bbox 403 2960 605 3063; x_wconf 89' lang='lat' dir='ltr'><strong>quemdam</strong></span> <span class='ocrx_word' id='word_1_181' title='bbox 624 2960 750 3036; x_wconf 89' lang='lat' dir='ltr'><strong>locum</strong></span> <span class='ocrx_word' id='word_1_182' title='bbox 765 2959 878 3036; x_wconf 89' lang='lat' dir='ltr'><strong>alium</strong></span> <span class='ocrx_word' id='word_1_183' title='bbox 894 2977 1145 3048; x_wconf 89' lang='lat' dir='ltr'><strong>etsecretum,</strong></span> <span class='ocrx_word' id='word_1_184' title='bbox 1164 2978 1373 3053; x_wconf 86' lang='lat' dir='ltr'><strong>et,ostensa</strong></span> <span class='ocrx_word' id='word_1_185' title='bbox 1391 2961 1515 3037; x_wconf 91' lang='lat' dir='ltr'><strong>eidem</strong></span> <span class='ocrx_word' id='word_1_186' title='bbox 1524 2988 1633 3038; x_wconf 90' lang='lat' dir='ltr'><strong>cruce</strong></span> <span class='ocrx_word' id='word_1_187' title='bbox 1641 2961 1680 3036; x_wconf 93' lang='lat' dir='ltr'><strong>in</strong></span> <span class='ocrx_word' id='word_1_188' title='bbox 1691 2990 1765 3068; x_wconf 90' lang='lat' dir='ltr'><strong>qua</strong></span> 
     </span>
     <span class='ocr_line' id='line_1_21' title="bbox 344 3089 1765 3198; baseline 0.003 -33"><span class='ocrx_word' id='word_1_189' title='bbox 344 3107 432 3167; x_wconf 91' lang='lat' dir='ltr'><strong>erat.</strong></span> <span class='ocrx_word' id='word_1_190' title='bbox 446 3089 592 3195; x_wconf 91' lang='lat' dir='ltr'><strong>depicta</strong></span> <span class='ocrx_word' id='word_1_191' title='bbox 615 3117 748 3197; x_wconf 81' lang='lat' dir='ltr'><strong>ymago</strong></span> <span class='ocrx_word' id='word_1_192' title='bbox 768 3089 884 3166; x_wconf 84' lang='lat' dir='ltr'><strong>Ibesu</strong></span> <span class='ocrx_word' id='word_1_193' title='bbox 910 3090 1068 3179; x_wconf 86' lang='lat' dir='ltr'><strong>Christi,</strong></span> <span class='ocrx_word' id='word_1_194' title='bbox 1098 3092 1265 3198; x_wconf 90' lang='lat' dir='ltr'><strong>precepit</strong></span> <span class='ocrx_word' id='word_1_195' title='bbox 1289 3089 1414 3168; x_wconf 91' lang='lat' dir='ltr'><strong>eidem</strong></span> <span class='ocrx_word' id='word_1_196' title='bbox 1438 3092 1542 3197; x_wconf 88' lang='lat' dir='ltr'><strong>quod</strong></span> <span class='ocrx_word' id='word_1_197' title='bbox 1566 3091 1765 3194; x_wconf 81' lang='lat' dir='ltr'><strong>abnegaret</strong></span> 
     </span>
     <span class='ocr_line' id='line_1_22' title="bbox 342 3220 1764 3327; baseline 0.002 -31"><span class='ocrx_word' id='word_1_198' title='bbox 342 3248 430 3296; x_wconf 90' lang='lat' dir='ltr'><strong>eum</strong></span> <span class='ocrx_word' id='word_1_199' title='bbox 445 3220 550 3327; x_wconf 85' lang='lat' dir='ltr'><strong>cujus</strong></span> <span class='ocrx_word' id='word_1_200' title='bbox 564 3236 643 3296; x_wconf 83' lang='lat' dir='ltr'><strong>erat</strong></span> <span class='ocrx_word' id='word_1_201' title='bbox 660 3248 810 3326; x_wconf 83' lang='lat' dir='ltr'><strong>ymago,</strong></span> <span class='ocrx_word' id='word_1_202' title='bbox 828 3237 865 3296; x_wconf 90' lang='lat' dir='ltr'><strong>et</strong></span> <span class='ocrx_word' id='word_1_203' title='bbox 878 3237 1029 3326; x_wconf 86' lang='lat' dir='ltr'><strong>spueret</strong></span> <span class='ocrx_word' id='word_1_204' title='bbox 1042 3248 1152 3326; x_wconf 92' lang='lat' dir='ltr'><strong>supra</strong></span> <span class='ocrx_word' id='word_1_205' title='bbox 1166 3249 1325 3297; x_wconf 88' lang='lat' dir='ltr'><strong>cmcem.</strong></span> <span class='ocrx_word' id='word_1_206' title='bbox 1338 3221 1461 3314; x_wconf 90' lang='lat' dir='ltr'><strong>Quam</strong></span> <span class='ocrx_word' id='word_1_207' title='bbox 1474 3220 1764 3327; x_wconf 81' lang='lat' dir='ltr'><strong>abnegacionem</strong></span> 
     </span>
     <span class='ocr_line' id='line_1_23' title="bbox 342 3349 1763 3459; baseline 0.002 -32"><span class='ocrx_word' id='word_1_208' title='bbox 342 3369 380 3427; x_wconf 91' lang='lat' dir='ltr'><strong>et</strong></span> <span class='ocrx_word' id='word_1_209' title='bbox 400 3351 632 3457; x_wconf 88' lang='lat' dir='ltr'><strong>spuicionem</strong></span> <span class='ocrx_word' id='word_1_210' title='bbox 650 3349 739 3429; x_wconf 84' lang='lat' dir='ltr'><strong>fecit</strong></span> <span class='ocrx_word' id='word_1_211' title='bbox 755 3367 814 3428; x_wconf 87' lang='lat' dir='ltr'><strong>ter</strong></span> <span class='ocrx_word' id='word_1_212' title='bbox 838 3350 885 3427; x_wconf 92' lang='lat' dir='ltr'><strong>de</strong></span> <span class='ocrx_word' id='word_1_213' title='bbox 904 3368 1080 3458; x_wconf 86' lang='lat' dir='ltr'><strong>precepto</strong></span> <span class='ocrx_word' id='word_1_214' title='bbox 1101 3378 1188 3442; x_wconf 83' lang='lat' dir='ltr'><strong>su0;</strong></span> <span class='ocrx_word' id='word_1_215' title='bbox 1215 3352 1343 3429; x_wconf 88' lang='lat' dir='ltr'><strong>dicens</strong></span> <span class='ocrx_word' id='word_1_216' title='bbox 1368 3352 1482 3428; x_wconf 87' lang='lat' dir='ltr'><strong>etiam</strong></span> <span class='ocrx_word' id='word_1_217' title='bbox 1505 3353 1571 3458; x_wconf 86' lang='lat' dir='ltr'><strong>qui</strong></span> <span class='ocrx_word' id='word_1_218' title='bbox 1595 3352 1763 3459; x_wconf 87' lang='lat' dir='ltr'><strong>loquitur</strong></span> 
     </span>
     <span class='ocr_line' id='line_1_24' title="bbox 341 3481 1761 3588; baseline 0.001 -31"><span class='ocrx_word' id='word_1_219' title='bbox 341 3481 463 3586; x_wconf 92' lang='lat' dir='ltr'><strong>quod,</strong></span> <span class='ocrx_word' id='word_1_220' title='bbox 486 3482 533 3558; x_wconf 90' lang='lat' dir='ltr'><strong>de</strong></span> <span class='ocrx_word' id='word_1_221' title='bbox 552 3498 728 3586; x_wconf 89' lang='lat' dir='ltr'><strong>precepto</strong></span> <span class='ocrx_word' id='word_1_222' title='bbox 748 3482 865 3587; x_wconf 92' lang='lat' dir='ltr'><strong>ipsius</strong></span> <span class='ocrx_word' id='word_1_223' title='bbox 884 3481 1097 3588; x_wconf 90' lang='lat' dir='ltr'><strong>recipientis</strong></span> <span class='ocrx_word' id='word_1_224' title='bbox 1113 3482 1298 3559; x_wconf 89' lang='lat' dir='ltr'><strong>osculatus</strong></span> <span class='ocrx_word' id='word_1_225' title='bbox 1318 3481 1389 3559; x_wconf 86' lang='lat' dir='ltr'><strong>fuit</strong></span> <span class='ocrx_word' id='word_1_226' title='bbox 1409 3510 1496 3558; x_wconf 89' lang='lat' dir='ltr'><strong>cum</strong></span> <span class='ocrx_word' id='word_1_227' title='bbox 1511 3483 1549 3558; x_wconf 92' lang='lat' dir='ltr'><strong>in</strong></span> <span class='ocrx_word' id='word_1_228' title='bbox 1565 3483 1640 3560; x_wconf 86' lang='lat' dir='ltr'><strong>fine</strong></span> <span class='ocrx_word' id='word_1_229' title='bbox 1656 3483 1761 3586; x_wconf 88' lang='lat' dir='ltr'><strong>spine</strong></span> 
     </span>
     <span class='ocr_line' id='line_1_25' title="bbox 341 3609 1762 3717; baseline -0.001 -30"><span class='ocrx_word' id='word_1_230' title='bbox 341 3610 457 3701; x_wconf 88' lang='lat' dir='ltr'><strong>dorsi,</strong></span> <span class='ocrx_word' id='word_1_231' title='bbox 478 3628 607 3716; x_wconf 88' lang='lat' dir='ltr'><strong>postea</strong></span> <span class='ocrx_word' id='word_1_232' title='bbox 624 3610 663 3686; x_wconf 91' lang='lat' dir='ltr'><strong>in</strong></span> <span class='ocrx_word' id='word_1_233' title='bbox 683 3609 880 3701; x_wconf 90' lang='lat' dir='ltr'><strong>umbilico,</strong></span> <span class='ocrx_word' id='word_1_234' title='bbox 903 3627 942 3687; x_wconf 89' lang='lat' dir='ltr'><strong>et</strong></span> <span class='ocrx_word' id='word_1_235' title='bbox 956 3611 1068 3689; x_wconf 88' lang='lat' dir='ltr'><strong>tertio</strong></span> <span class='ocrx_word' id='word_1_236' title='bbox 1088 3612 1125 3686; x_wconf 93' lang='lat' dir='ltr'><strong>in</strong></span> <span class='ocrx_word' id='word_1_237' title='bbox 1147 3638 1223 3687; x_wconf 93' lang='lat' dir='ltr'><strong>ore.</strong></span> <span class='ocrx_word' id='word_1_238' title='bbox 1234 3612 1343 3693; x_wconf 73' lang='lat' dir='ltr'><strong>‚Dixit</strong></span> <span class='ocrx_word' id='word_1_239' title='bbox 1361 3612 1477 3687; x_wconf 89' lang='lat' dir='ltr'><strong>eciam</strong></span> <span class='ocrx_word' id='word_1_240' title='bbox 1492 3640 1560 3717; x_wconf 90' lang='lat' dir='ltr'><strong>per</strong></span> <span class='ocrx_word' id='word_1_241' title='bbox 1568 3612 1762 3716; x_wconf 89' lang='lat' dir='ltr'><strong>juramen-</strong></span> 
     </span>
     <span class='ocr_line' id='line_1_26' title="bbox 338 3740 1761 3846; baseline 0 -30"><span class='ocrx_word' id='word_1_242' title='bbox 338 3758 419 3818; x_wconf 90' lang='lat' dir='ltr'><strong>tum</strong></span> <span class='ocrx_word' id='word_1_243' title='bbox 440 3770 552 3818; x_wconf 91' lang='lat' dir='ltr'><strong>suum</strong></span> <span class='ocrx_word' id='word_1_244' title='bbox 574 3740 678 3846; x_wconf 92' lang='lat' dir='ltr'><strong>quod</strong></span> <span class='ocrx_word' id='word_1_245' title='bbox 710 3758 795 3846; x_wconf 93' lang='lat' dir='ltr'><strong>post</strong></span> <span class='ocrx_word' id='word_1_246' title='bbox 820 3741 890 3818; x_wconf 91' lang='lat' dir='ltr'><strong>bec</strong></span> <span class='ocrx_word' id='word_1_247' title='bbox 910 3741 1012 3817; x_wconf 91' lang='lat' dir='ltr'><strong>idem</strong></span> <span class='ocrx_word' id='word_1_248' title='bbox 1032 3741 1214 3845; x_wconf 89' lang='lat' dir='ltr'><strong>recipiens</strong></span> <span class='ocrx_word' id='word_1_249' title='bbox 1234 3741 1326 3816; x_wconf 82' lang='lat' dir='ltr'><strong>dixit</strong></span> <span class='ocrx_word' id='word_1_250' title='bbox 1348 3741 1472 3817; x_wconf 90' lang='lat' dir='ltr'><strong>eidem</strong></span> <span class='ocrx_word' id='word_1_251' title='bbox 1491 3740 1594 3846; x_wconf 90' lang='lat' dir='ltr'><strong>quod</strong></span> <span class='ocrx_word' id='word_1_252' title='bbox 1616 3757 1761 3844; x_wconf 86' lang='lat' dir='ltr'><strong>poterat</strong></span> 
     </span>
     <span class='ocr_line' id='line_1_27' title="bbox 339 3869 1756 3958; baseline -0.001 -10"><span class='ocrx_word' id='word_1_253' title='bbox 339 3900 377 3948; x_wconf 90' lang='lat' dir='ltr'><strong>se</strong></span> <span class='ocrx_word' id='word_1_254' title='bbox 389 3872 631 3949; x_wconf 90' lang='lat' dir='ltr'><strong>commiscere</strong></span> <span class='ocrx_word' id='word_1_255' title='bbox 644 3869 838 3947; x_wconf 89' lang='lat' dir='ltr'><strong>carnaliter</strong></span> <span class='ocrx_word' id='word_1_256' title='bbox 847 3898 934 3947; x_wconf 90' lang='lat' dir='ltr'><strong>cum</strong></span> <span class='ocrx_word' id='word_1_257' title='bbox 946 3869 1029 3946; x_wconf 89' lang='lat' dir='ltr'><strong>aliis</strong></span> <span class='ocrx_word' id='word_1_258' title='bbox 1043 3869 1232 3958; x_wconf 78' lang='lat' dir='ltr'><strong>iratribus,</strong></span> <span class='ocrx_word' id='word_1_259' title='bbox 1253 3869 1368 3947; x_wconf 89' lang='lat' dir='ltr'><strong>etalii</strong></span> <span class='ocrx_word' id='word_1_260' title='bbox 1385 3900 1471 3947; x_wconf 92' lang='lat' dir='ltr'><strong>cum</strong></span> <span class='ocrx_word' id='word_1_261' title='bbox 1488 3898 1533 3946; x_wconf 93' lang='lat' dir='ltr'><strong>eo</strong></span> <span class='ocrx_word' id='word_1_262' title='bbox 1543 3929 1551 3954; x_wconf 88' lang='lat'><strong>,</strong></span> <span class='ocrx_word' id='word_1_263' title='bbox 1563 3869 1594 3945; x_wconf 88' lang='lat' dir='ltr'><strong>si</strong></span> <span class='ocrx_word' id='word_1_264' title='bbox 1609 3869 1756 3946; x_wconf 85' lang='lat' dir='ltr'><strong>vellent.</strong></span> 
     </span>
     <span class='ocr_line' id='line_1_28' title="bbox 338 3999 1511 4108; baseline 0 -32"><span class='ocrx_word' id='word_1_265' title='bbox 338 4001 440 4077; x_wconf 80' lang='lat' dir='ltr'><strong>Dixit</strong></span> <span class='ocrx_word' id='word_1_266' title='bbox 458 4019 582 4078; x_wconf 90' lang='lat' dir='ltr'><strong>tamen</strong></span> <span class='ocrx_word' id='word_1_267' title='bbox 600 4030 668 4108; x_wconf 91' lang='lat' dir='ltr'><strong>per</strong></span> <span class='ocrx_word' id='word_1_268' title='bbox 680 4002 935 4108; x_wconf 86' lang='lat' dir='ltr'><strong>juramentum</strong></span> <span class='ocrx_word' id='word_1_269' title='bbox 952 4029 1063 4077; x_wconf 91' lang='lat' dir='ltr'><strong>suum</strong></span> <span class='ocrx_word' id='word_1_270' title='bbox 1081 4000 1185 4107; x_wconf 92' lang='lat' dir='ltr'><strong>quod</strong></span> <span class='ocrx_word' id='word_1_271' title='bbox 1202 4028 1393 4105; x_wconf 86' lang='lat' dir='ltr'><strong>nunquam</strong></span> <span class='ocrx_word' id='word_1_272' title='bbox 1414 3999 1511 4076; x_wconf 85' lang='lat' dir='ltr'><strong>lecit.</strong></span> 
     </span>
    </p>

    <p class='ocr_par' dir='ltr' id='par_1_3' title="bbox 338 4130 1758 4368">
     <span class='ocr_line' id='line_1_29' title="bbox 393 4130 1758 4237; baseline 0 -30"><span class='ocrx_word' id='word_1_273' title='bbox 393 4134 643 4237; x_wconf 88' lang='lat' dir='ltr'><strong>Interrogatus</strong></span> <span class='ocrx_word' id='word_1_274' title='bbox 670 4130 700 4207; x_wconf 92' lang='lat' dir='ltr'><strong>si</strong></span> <span class='ocrx_word' id='word_1_275' title='bbox 726 4159 920 4235; x_wconf 88' lang='lat' dir='ltr'><strong>nunquam</strong></span> <span class='ocrx_word' id='word_1_276' title='bbox 940 4131 1033 4207; x_wconf 88' lang='lat' dir='ltr'><strong>vidit</strong></span> <span class='ocrx_word' id='word_1_277' title='bbox 1056 4130 1201 4236; x_wconf 87' lang='lat' dir='ltr'><strong>aliquos</strong></span> <span class='ocrx_word' id='word_1_278' title='bbox 1219 4130 1349 4206; x_wconf 85' lang='lat' dir='ltr'><strong>fratres</strong></span> <span class='ocrx_word' id='word_1_279' title='bbox 1375 4131 1489 4235; x_wconf 91' lang='lat' dir='ltr'><strong>recipi</strong></span> <span class='ocrx_word' id='word_1_280' title='bbox 1515 4131 1553 4206; x_wconf 89' lang='lat' dir='ltr'><strong>in</strong></span> <span class='ocrx_word' id='word_1_281' title='bbox 1575 4130 1674 4209; x_wconf 90' lang='lat' dir='ltr'><strong>dicto</strong></span> <span class='ocrx_word' id='word_1_282' title='bbox 1695 4156 1758 4208; x_wconf 90' lang='lat' dir='ltr'><strong>or-</strong></span> 
     </span>
     <span class='ocr_line' id='line_1_30' title="bbox 338 4259 1650 4368; baseline 0.001 -32"><span class='ocrx_word' id='word_1_283' title='bbox 338 4260 442 4349; x_wconf 91' lang='lat' dir='ltr'><strong>dine,</strong></span> <span class='ocrx_word' id='word_1_284' title='bbox 463 4259 555 4337; x_wconf 85' lang='lat' dir='ltr'><strong>dixit</strong></span> <span class='ocrx_word' id='word_1_285' title='bbox 572 4288 639 4367; x_wconf 94' lang='lat' dir='ltr'><strong>per</strong></span> <span class='ocrx_word' id='word_1_286' title='bbox 654 4262 907 4368; x_wconf 81' lang='lat' dir='ltr'><strong>juramentum</strong></span> <span class='ocrx_word' id='word_1_287' title='bbox 927 4288 1038 4338; x_wconf 87' lang='lat' dir='ltr'><strong>suum</strong></span> <span class='ocrx_word' id='word_1_288' title='bbox 1053 4260 1158 4366; x_wconf 87' lang='lat' dir='ltr'><strong>quod</strong></span> <span class='ocrx_word' id='word_1_289' title='bbox 1170 4260 1224 4336; x_wconf 89' lang='lat' dir='ltr'><strong>sic</strong></span> <span class='ocrx_word' id='word_1_290' title='bbox 1241 4260 1368 4364; x_wconf 87' lang='lat' dir='ltr'><strong>plures</strong></span> <span class='ocrx_word' id='word_1_291' title='bbox 1381 4260 1557 4359; x_wconf 83' lang='lat' dir='ltr'><strong>Parisios.</strong></span> <span class='ocrx_word' id='word_1_292' title='bbox 1648 4309 1650 4313; x_wconf 94' lang='lat'>-</span> 
     </span>
    </p>

    <p class='ocr_par' dir='ltr' id='par_1_4' title="bbox 336 4390 1756 4629">
     <span class='ocr_line' id='line_1_31' title="bbox 391 4390 1756 4499; baseline 0.001 -30"><span class='ocrx_word' id='word_1_293' title='bbox 391 4394 642 4496; x_wconf 88' lang='lat' dir='ltr'><strong>Interrogatus</strong></span> <span class='ocrx_word' id='word_1_294' title='bbox 661 4408 789 4468; x_wconf 89' lang='lat' dir='ltr'><strong>utrum</strong></span> <span class='ocrx_word' id='word_1_295' title='bbox 801 4418 870 4495; x_wconf 92' lang='lat' dir='ltr'><strong>per</strong></span> <span class='ocrx_word' id='word_1_296' title='bbox 883 4391 996 4466; x_wconf 89' lang='lat' dir='ltr'><strong>istum</strong></span> <span class='ocrx_word' id='word_1_297' title='bbox 1015 4390 1173 4467; x_wconf 90' lang='lat' dir='ltr'><strong>modum</strong></span> <span class='ocrx_word' id='word_1_298' title='bbox 1187 4390 1453 4496; x_wconf 89' lang='lat' dir='ltr'><strong>reciperentur,</strong></span> <span class='ocrx_word' id='word_1_299' title='bbox 1472 4391 1562 4468; x_wconf 85' lang='lat' dir='ltr'><strong>dixit</strong></span> <span class='ocrx_word' id='word_1_300' title='bbox 1576 4418 1645 4497; x_wconf 88' lang='lat' dir='ltr'><strong>per</strong></span> <span class='ocrx_word' id='word_1_301' title='bbox 1653 4392 1756 4499; x_wconf 86' lang='lat' dir='ltr'><strong>jura-</strong></span> 
     </span>
     <span class='ocr_line' id='line_1_32' title="bbox 336 4520 841 4629; baseline -0.002 -31"><span class='ocrx_word' id='word_1_302' title='bbox 336 4539 505 4600; x_wconf 91' lang='lat' dir='ltr'><strong>mentum</strong></span> <span class='ocrx_word' id='word_1_303' title='bbox 522 4550 633 4600; x_wconf 91' lang='lat' dir='ltr'><strong>suum</strong></span> <span class='ocrx_word' id='word_1_304' title='bbox 652 4520 805 4629; x_wconf 92' lang='lat' dir='ltr'><strong>quod</strong></span> <span class='ocrx_word' id='word_1_305' title='bbox 777 4549 841 4598; x_wconf 81' lang='lat' dir='ltr'><strong>stc.</strong></span> 
     </span>
    </p>

    <p class='ocr_par' dir='ltr' id='par_1_5' title="bbox 391 4651 1312 4760">
     <span class='ocr_line' id='line_1_33' title="bbox 391 4651 1312 4760; baseline 0 -30"><span class='ocrx_word' id='word_1_306' title='bbox 391 4656 638 4760; x_wconf 87' lang='lat' dir='ltr'><strong>Interrogatus</strong></span> <span class='ocrx_word' id='word_1_307' title='bbox 657 4653 848 4759; x_wconf 88' lang='lat' dir='ltr'><strong>quomodo</strong></span> <span class='ocrx_word' id='word_1_308' title='bbox 869 4652 954 4741; x_wconf 89' lang='lat' dir='ltr'><strong>scit,</strong></span> <span class='ocrx_word' id='word_1_309' title='bbox 975 4651 1067 4729; x_wconf 81' lang='lat' dir='ltr'><strong>dixit</strong></span> <span class='ocrx_word' id='word_1_310' title='bbox 1085 4651 1188 4758; x_wconf 89' lang='lat' dir='ltr'><strong>quod</strong></span> <span class='ocrx_word' id='word_1_311' title='bbox 1209 4652 1312 4730; x_wconf 83' lang='lat' dir='ltr'><strong>vidit.</strong></span> 
     </span>
    </p>

    <p class='ocr_par' dir='ltr' id='par_1_6' title="bbox 391 4736 1763 4890">
     <span class='ocr_line' id='line_1_34' title="bbox 391 4736 1763 4890; baseline 0.001 -31"><span class='ocrx_word' id='word_1_312' title='bbox 391 4787 640 4890; x_wconf 88' lang='lat' dir='ltr'><strong>Interrogatus</strong></span> <span class='ocrx_word' id='word_1_313' title='bbox 659 4800 786 4862; x_wconf 70' lang='lat' dir='ltr'><strong>uuum</strong></span> <span class='ocrx_word' id='word_1_314' title='bbox 810 4783 944 4860; x_wconf 89' lang='lat' dir='ltr'><strong>viderit</strong></span> <span class='ocrx_word' id='word_1_315' title='bbox 963 4783 1154 4890; x_wconf 88' lang='lat' dir='ltr'><strong>quoddam</strong></span> <span class='ocrx_word' id='word_1_316' title='bbox 1167 4784 1294 4889; x_wconf 80' lang='lat' dir='ltr'><strong>capud</strong></span> <span class='ocrx_word' id='word_1_317' title='bbox 1313 4786 1417 4890; x_wconf 90' lang='lat' dir='ltr'><strong>quod</strong></span> <span class='ocrx_word' id='word_1_318' title='bbox 1433 4736 1620 4883; x_wconf 64' lang='lat' dir='ltr'><strong>adoratur,</strong></span> <span class='ocrx_word' id='word_1_319' title='bbox 1642 4801 1686 4861; x_wconf 88' lang='lat' dir='ltr'><strong>ut</strong></span> <span class='ocrx_word' id='word_1_320' title='bbox 1702 4782 1763 4883; x_wconf 28' lang='lat' dir='ltr'><strong>di·-</strong></span> 
     </span>
    </p>
   </div>
   <div class='ocr_carea' id='block_1_3' title="bbox 1512 4937 1564 5003">
    <p class='ocr_par' dir='ltr' id='par_1_7' title="bbox 1512 4937 1564 5003">
     <span class='ocr_line' id='line_1_35' title="bbox 1512 4937 1564 5003; baseline -0.058 0"><span class='ocrx_word' id='word_1_321' title='bbox 1512 4937 1564 5003; x_wconf 78' lang='lat'><strong>36.</strong></span> 
     </span>
    </p>
   </div>
   <div class='ocr_carea' id='block_1_4' title="bbox 0 0 2120 5956">
    <p class='ocr_par' dir='ltr' id='par_1_8' title="bbox 0 0 2120 5956">
     <span class='ocr_line' id='line_1_36' title="bbox 0 0 2120 5956; baseline 0 8"><span class='ocrx_word' id='word_1_322' title='bbox 0 0 2120 5956; x_wconf 95' lang='lat' dir='ltr'><strong> </strong></span> 
     </span>
    </p>
   </div>
  </div>
 </body>
</html>
