4230 5956
646 462 839 556 avocas
872 484 968 554 uss
999 482 1298 554 rsurtrsns.
1601 487 1674 558 209

265 623 371 698 batur
396 622 449 697 eis
473 648 520 697 ne
543 620 682 728 absque
706 622 860 700 licencia
883 621 1152 700 confiterentur
1181 620 1262 696 aliis
1285 648 1398 725 quam
1423 623 1677 700 sacerdotibus

265 751 420 828 ordinis.
443 752 588 828 Fratres
610 753 755 830 ordinis
775 751 915 858 quibus
937 751 1057 828 credit
1071 750 1259 857 predictos
1277 776 1422 827 errores
1436 768 1547 828 notos
1565 751 1676 830 inisse

263 881 418 957 luerunt
440 879 691 988 negligentes,
712 883 799 988 quia
826 910 903 960 non
927 900 1169 960 correxerunt
1191 908 1342 958 cosnec
1364 880 1680 956 denunciaverunt

263 1012 438 1089 Ecclesie.
465 1011 697 1089 Elemosinas
725 1029 764 1089 et
783 1012 1074 1118 hospitalitatem
1102 1011 1195 1087 vidit
1221 1011 1259 1086 in
1287 1010 1476 1116 aliquibus
1501 1010 1678 1087 domibus

265 1141 408 1217 ordinis
431 1141 518 1218 satis
535 1142 799 1220 convenienter
820 1143 922 1234 fieri,
938 1159 977 1218 et
992 1143 1031 1218 in
1047 1141 1128 1218 aliis
1142 1141 1326 1247 restringi.
1346 1141 1487 1219 Eorum
1504 1141 1678 1246 capitulia

265 1268 453 1375 generalia
477 1268 572 1345 clam
602 1269 839 1359 tenebantur,
870 1255 1103 1379 frequentius
1132 1287 1217 1346 ante
1249 1269 1351 1345 diem
1378 1263 1490 1375 quarn
1519 1269 1566 1345 de
1597 1270 1675 1355 die,

265 1400 378 1477 nullis
400 1399 639 1504 presentibus
661 1402 731 1478 nisi
756 1385 932 1479 fratribus
964 1400 1125 1490 ordinis,
1155 1418 1193 1476 et
1218 1399 1484 1506 providebatur
1504 1428 1551 1476 nc
1572 1400 1679 1475 audi-

266 1545 369 1606 retur
394 1530 555 1606 ext'erius
584 1532 688 1636 quod
715 1533 873 1609 interius
899 1530 1088 1639 agebatur.
1120 1531 1250 1609 Credit
1282 1530 1387 1637 quod
1417 1530 1505 1606 dicti
1533 1558 1679 1606 errores

265 1658 332 1734 diu
353 1659 581 1735 duraverunt
595 1661 633 1735 in
650 1661 804 1752 ordine,
825 1678 862 1739 et
881 1661 985 1767 quod
1001 1678 1126 1738 ortum
1142 1660 1343 1737 habuerint
1361 1660 1458 1736 ultra
1474 1687 1591 1749 mare,
1612 1657 1677 1733 ubi

264 1788 480 1894 frequenter
504 1791 817 1869 conversabantur
840 1821 926 1868 cum
950 1791 1157 1882 Saracenis,
1182 1806 1219 1866 et
1245 1788 1358 1865 frater
1381 1786 1610 1866 Guillelmus
1630 1787 1677 1861 de

264 1916 369 1994 Bello
398 1919 509 1995 Jocco
531 1919 707 2027 Magister
729 1921 921 2024 quondam
942 1919 1101 2008 ordinis,
1124 1937 1161 1996 et
1187 1919 1299 1994 frater
1325 1918 1497 1993 Matheus
1522 1915 1558 1991 lo
1585 1916 1678 1992 Sau-

265 2074 373 2150 vacge
413 2046 535 2137 miles,
572 2065 836 2124 contraxerunt
878 2075 1048 2154 magnam
1084 2046 1288 2122 amiciciam
1330 2075 1415 2120 cunr
1449 2044 1605 2121 soldano
1641 2062 1677 2119 et

267 2176 495 2263 Sarracenis,
512 2193 550 2252 et
566 2174 688 2252 dictus
705 2176 817 2253 frater
834 2175 1004 2253 Mattheus
1023 2167 1309 2254 conversabatur
1323 2176 1422 2252 inter
1443 2203 1520 2263 eos,
1544 2193 1581 2250 et
1601 2204 1679 2279 pre-

267 2307 363 2382 latus
382 2304 496 2381 frater
517 2303 746 2383 Guillelmus
770 2306 932 2384 habebat
950 2304 1095 2410 aliquos
1110 2306 1331 2383 Sarracenos
1353 2306 1400 2380 ad
1415 2305 1597 2409 stipendia
1614 2332 1679 2380 sua

265 2434 416 2541 quando
438 2432 604 2522 volebat,
629 2450 667 2507 et
691 2433 865 2509 dicebant
890 2434 995 2538 quod
1022 2433 1094 2509 hoc
1119 2431 1304 2509 faciebant
1327 2450 1479 2539 propter
1498 2435 1677 2541 majorem

267 2564 500 2641 securitatem
530 2590 679 2651 eorum3
712 2562 780 2639 sed
801 2561 864 2638 alii
889 2562 937 2639 de
972 2563 1045 2639 hoc
1069 2561 1385 2669 obloquebantur.
1414 2563 1595 2640 Ordinata
1614 2593 1679 2669 per

266 2694 485 2801 Magistrum
515 2721 601 2769 cum
629 2709 815 2769 conventu
841 2709 1021 2769 servasset
1040 2707 1143 2768 totus
1169 2691 1279 2782 ordo,
1302 2710 1428 2768 contra
1457 2721 1571 2800 quem
1592 2722 1678 2797 pro-

268 2840 349 2927 pter
357 2822 524 2929 predicta
533 2849 634 2899 nunc
645 2821 798 2928 grandia
808 2821 990 2908 scandala,
1001 2820 1161 2926 suspicio
1178 2837 1216 2895 et
1228 2819 1376 2896 infamia
1389 2837 1477 2897 sunt
1489 2838 1625 2909 exorta,
1643 2840 1680 2897 et

268 2969 394 3029 contra
411 2981 526 3059 quem
542 2950 665 3029 dictus
674 2952 849 3059 Magister
863 2967 900 3027 et
910 2951 973 3027 alii
984 2950 1161 3028 dicuntur
1174 2948 1296 3055 aliqua
1314 2948 1426 3027 luisse
1437 2950 1612 3036 consessi3
1632 2951 1678 3025 ad

266 3086 372 3190 cujus
396 3082 540 3160 ordinis
560 3081 831 3158 deffensionem
851 3108 890 3157 se
912 3107 989 3157 non
1008 3079 1211 3167 obtulerat,
1234 3106 1304 3154 nec
1318 3078 1438 3156 iuerat
1450 3080 1547 3156 ultra
1564 3109 1677 3156 mare.

322 3212 537 3317 Requisitus
551 3211 582 3288 si
596 3211 648 3287 sic
663 3210 888 3316 deposuerat
902 3237 1027 3315 prece,
1042 3224 1230 3314 precepto,
1246 3209 1399 3297 timore,
1416 3237 1559 3298 amore,
1577 3210 1677 3295 odio,

266 3342 324 3419 vel
338 3342 535 3448 temporali
551 3341 713 3420 comodo
732 3340 860 3417 habito
881 3339 938 3417 vel
955 3338 1146 3425 habendo,
1168 3339 1361 3444 respondit
1380 3340 1484 3445 quod
1502 3368 1595 3430 non,
1613 3340 1680 3415 sed

268 3498 335 3576 pro
354 3470 507 3549 veritate
526 3470 703 3558 dicenda,
731 3470 791 3547 cui
817 3469 889 3547 fuit
915 3469 1127 3576 injunctum
1152 3468 1252 3574 quod
1280 3496 1356 3544 non
1378 3469 1558 3547 revelaret
1586 3470 1680 3545 hanc

268 3627 372 3676 suam
390 3600 685 3706 deposicionem,
705 3626 902 3707 quousque
919 3597 1173 3676 attestaciones
1192 3596 1329 3674 fuerint
1348 3598 1553 3703 publicate;
1570 3616 1606 3672 et
1625 3599 1681 3671 in-

267 3728 461 3836 telligebat
479 3730 649 3807 latinum.

325 3858 415 3937 Acta
434 3858 588 3937 luerunt
603 3863 673 3937 hec
687 3860 797 3938 dictis
812 3860 872 3936 die
892 3877 929 3938 et
949 3859 1049 3950 loco,
1071 3860 1306 3965 presentibus
1325 3859 1501 3966 magistro
1518 3857 1677 3944 Amisio,

270 4017 330 4064 me
341 3989 595 4068 Floriamonte
611 3989 831 4076 Dondedei,
854 4007 891 4065 et
908 3989 990 4066 aliis
1005 3989 1158 4066 notariis
1171 4016 1281 4091 supra
1302 3986 1435 4061 ultimo
1451 3984 1661 4061 nominatis.

325 4247 412 4324 Post
432 4247 518 4338 hec,
549 4249 610 4325 dic
628 4251 734 4325 Lune
754 4248 942 4355 sequenti,
964 4275 1038 4353 que
1058 4247 1130 4324 luit
1152 4274 1175 4323 x
1199 4246 1279 4321 dies
1302 4246 1391 4321 dicti
1411 4247 1549 4324 mensis
1576 4248 1679 4336 maii,

269 4373 342 4449 luit
364 4374 548 4451 adductus
575 4376 623 4452 ad
642 4377 872 4482 presenciam
898 4375 1120 4452 eorumdem
1142 4373 1384 4451 dominorum
1411 4377 1682 4452 commissario-

271 4532 374 4596 rum,
392 4505 430 4579 in
447 4504 563 4582 domo
578 4505 743 4611 predicta
760 4505 903 4582 domini
917 4504 1015 4581 Petri
1035 4505 1082 4581 de
1099 4504 1303 4594 Sabaudia,
1325 4505 1436 4581 frater
1453 4503 1576 4580 Helias
1591 4506 1682 4581 Cos·

267 4635 333 4709 tati
352 4635 532 4720 serviens,
553 4635 800 4712 Xantonensis
824 4635 993 4722 diocesis,
1010 4636 1115 4712 testis
1129 4663 1237 4741 supra
1247 4636 1405 4741 juratus,
1423 4652 1463 4711 ut
1476 4635 1683 4739 deponeret

271 4763 412 4840 dictum
431 4791 559 4853 suum,
586 4767 844 4873 sexagenarius
863 4764 922 4842 vel
943 4764 1055 4853 circa,
1079 4763 1299 4842 mantellum
1322 4764 1464 4840 ordinis
1479 4781 1517 4839 et
1527 4763 1682 4841 barbam

377 4902 485 4962 raucis
508 4922 560 4963 sss
581 4923 752 4964 rrurtvans.
766 4938 805 4952 .-
817 4925 849 4962 11.
1498 4921 1535 4979 27
