4230 5956
664 461 866 554 rnocts
892 478 988 551 nas
1013 474 1314 549 ratramnus.
1619 476 1688 551 aar

279 628 382 733 quod
402 623 590 702 confessus
610 639 667 698 est
684 622 785 728 ipsos
801 619 933 697 fratres
954 636 991 717 et
1009 646 1049 694 se
1066 618 1189 722 ipsum
1208 634 1355 722 portare
1375 614 1544 721 cingulos
1559 618 1694 694 cordu-

277 757 395 833 larum
415 756 461 832 de
482 753 548 831 filo
570 754 670 831 lineo
691 766 802 859 supra
817 750 1016 828 camisiam.

333 889 584 995 Interrogatus
601 901 882 992 propterquam
896 908 1042 958 causam
1059 879 1129 985 ipsi
1147 878 1279 954 fratres
1299 893 1447 984 portant
1467 874 1608 955 dictum
1626 882 1696 957 cin-

277 1018 425 1122 gulum,
447 1014 539 1092 dixit
563 1043 602 1092 se
622 1015 776 1091 credere
797 1014 901 1119 qarod
921 1012 1007 1089 ideo
1026 1026 1192 1118 portant,
1212 1010 1348 1114 etipse
1368 1008 1462 1084 dixit
1478 1008 1526 1084 de
1551 1038 1590 1086 se
1615 1012 1696 1118 ipso

279 1148 469 1237 assertive,
482 1146 587 1252 quod
604 1148 681 1251 ipse
694 1160 817 1249 portat
830 1142 1022 1252 cingulum
1041 1142 1129 1219 ideo
1144 1141 1248 1247 quod
1267 1140 1444 1246 scriptum
1459 1140 1567 1215 estin
1582 1142 1697 1218 Evan-

278 1277 377 1384 gelio
391 1279 519 1355 Luche
531 1307 541 1351 t
555 1313 568 1345 α
584 1277 668 1354 Sint
681 1274 801 1353 lumbi
818 1274 926 1351 vestri
942 1271 1137 1380 precincti,
1155 1287 1239 1359 etc,
1256 1270 1538 1376 »addensquod
1556 1271 1697 1349 dictum

280 1408 470 1513 cingulum
486 1407 646 1512 portavit
660 1422 698 1482 et
712 1405 827 1481 hodie
842 1421 966 1510 portat
980 1431 1001 1478 a
1015 1420 1184 1509 tempore
1204 1430 1270 1478 sue
1291 1402 1519 1506 recepcionis
1533 1402 1640 1492 citra,
1661 1422 1698 1481 et

280 1539 372 1615 dixit
391 1539 515 1644 ipsum
540 1536 731 1642 cingulum
752 1563 832 1612 esse
856 1535 902 1611 dc
923 1534 1156 1612 observantia
1173 1532 1261 1609 dicti
1283 1533 1441 1620 ordinis,
1464 1533 1510 1608 ab
1530 1536 1610 1639 ejus
1627 1535 1699 1611 fra-

278 1669 397 1746 tribus
416 1667 573 1775 singulis
592 1667 645 1743 sic
665 1667 814 1773 portari,

336 1796 393 1873 Ad
412 1797 461 1873 lrx
479 1796 680 1874 articulum
694 1796 941 1903 respondens,
962 1795 1054 1871 dixit
1075 1795 1181 1900 quod
1201 1794 1355 1871 cordule
1377 1795 1451 1871 sive
1467 1795 1604 1902 cinguli
1624 1814 1698 1874 tra-

280 1928 423 2003 duntur
439 1927 582 2004 eisdem
603 1926 779 2003 fratribus
798 1927 958 2033 cujusvis
976 1924 1236 2030 longitudinis,
1260 1925 1356 2001 sicut
1379 1924 1500 2031 placet
1519 1930 1695 2032 portanti,

280 2057 379 2133 salvo
394 2057 498 2162 quod
514 2055 664 2133 nullum
682 2056 839 2162 ydolum
858 2056 1023 2162 tangitur
1037 2082 1160 2160 neque
1182 2055 1341 2162 cingitur
1355 2082 1441 2132 cum
1459 2056 1609 2134 cordula
1623 2061 1697 2136 sive

281 2186 429 2292 cingulo
450 2187 680 2292 supradictis.

336 2317 394 2395 Ad
412 2317 449 2394 lx
465 2317 663 2394 articulum
681 2316 928 2422 respondens,
950 2333 1061 2426 negat
1078 2344 1231 2423 prorsus
1246 2335 1416 2394 contenta
1437 2319 1475 2395 in
1494 2321 1629 2397 eodem
1643 2351 1700 2397 ar-

281 2447 408 2525 ticulo.

337 2575 396 2652 Ad
414 2578 464 2654 lm
490 2577 687 2654 articulum
715 2576 962 2684 respondens,
995 2578 1088 2655 dixit
1112 2578 1215 2684 quod
1240 2579 1277 2654 in
1298 2579 1518 2686 receptione
1544 2580 1696 2658 fratrum

283 2708 370 2784 dicti
392 2708 549 2797 ordinis,
573 2707 779 2815 injungitur
795 2707 886 2813 ipsis
906 2709 1065 2814 receptis
1083 2707 1189 2813 quod
1208 2708 1386 2785 continue
1407 2726 1554 2813 portent
1573 2711 1699 2816 cingu-

283 2838 363 2913 lum
378 2838 519 2915 lineum
541 2839 590 2915 de
609 2839 671 2915 die
694 2855 733 2915 et
750 2838 798 2915 de
817 2854 938 2915 nocte.
961 2837 1062 2915 Dixit
1078 2855 1205 2915 tamen
1227 2839 1332 2944 quod
1353 2867 1396 2915 ex
1422 2839 1517 2916 dicta
1546 2840 1700 2916 cordula

283 2996 476 3074 nunquam
495 2969 659 3076 tangitur
677 2968 832 3075 aliquod
847 2968 1020 3075 ydolum,
1035 2996 1106 3045 nec
1119 2970 1279 3075 cingitur
1297 2996 1340 3046 ex
1355 2971 1497 3047 eadem.

338 3098 395 3176 ad
416 3099 480 3178 lxu
492 3101 689 3179 articulum
710 3100 957 3206 respondens,
979 3100 1071 3177 dixit
1089 3119 1133 3179 ut
1152 3102 1191 3176 in
1210 3102 1380 3208 proximo
1400 3103 1555 3179 articulo
1576 3131 1698 3211 supra.

338 3229 397 3306 Ad
408 3230 486 3308 lxm
498 3229 697 3309 articulum
713 3231 961 3337 respondens,
977 3232 1121 3339 negarit
1138 3258 1225 3309 eum
1248 3249 1285 3308 et
1304 3248 1477 3309 contenta
1496 3234 1534 3309 in
1556 3260 1601 3310 eo
1617 3234 1701 3310 sim·

282 3360 439 3465 pliciter,
458 3362 555 3439 sicut
568 3364 678 3470 jacet.

339 3490 397 3568 Ad
417 3491 508 3570 lxrm
528 3493 726 3570 articulum
745 3493 992 3599 respondens,
1015 3495 1160 3600 negavit
1180 3520 1277 3570 eum.

338 3623 397 3699 Ad
416 3623 475 3700 lxv
495 3623 695 3700 articulum
720 3623 969 3730 respondens,
993 3623 1140 3729 negavit
1167 3651 1272 3709 eum,
1298 3622 1425 3698 dicens
1443 3623 1546 3727 quod
1579 3623 1700 3699 modis

284 3751 460 3855 predictis
481 3750 607 3828 nullus
622 3780 790 3857 unquam
810 3751 1000 3858 recipitur,
1023 3778 1091 3828 uec
1111 3750 1182 3828 suit
1201 3778 1360 3857 usquam
1382 3753 1578 3858 quisquam
1598 3781 1702 3828 reee-

284 3898 371 3985 ptus
387 3881 490 3986 quod
506 3882 583 3988 ipse
599 3882 688 3958 sciat
704 3881 764 3958 vel
777 3882 918 3971 credat,
941 3882 1102 3989 exceptis
1120 3906 1141 3958 a
1161 3910 1200 3959 se
1221 3882 1390 3989 superius
1405 3880 1647 3989 confessatin

342 4010 398 4087 Ad
423 4011 496 4091 lxm
516 4012 712 4089 articulum
732 4012 980 4120 respondens,
999 4015 1145 4121 negavit
1164 4013 1286 4120 ipsum
1315 4029 1352 4090 et
1375 4028 1547 4091 contenta
1572 4014 1610 4089 in
1636 4043 1697 4105 eo,

285 4139 413 4220 dicens
423 4170 461 4219 se
473 4169 550 4219 non
568 4142 719 4219 credere
735 4170 902 4250 unquam
917 4142 1056 4220 lactum
1071 4143 1186 4222 fuisse
1206 4144 1400 4250 dealiqao
1416 4142 1527 4220 fratre
1539 4173 1699 4221 excausa

286 4272 324 4345 in
345 4272 444 4350 dicto
465 4272 622 4349 articulo
642 4290 825 4351 contenta.

341 4401 399 4479 ad
418 4403 505 4481 lxvn
519 4404 720 4481 articulum
737 4404 985 4510 respondens,
1009 4404 1101 4482 dixit
1115 4422 1158 4482 ut
1172 4406 1211 4481 in
1223 4407 1393 4509 proximo
1406 4406 1561 4483 articulo
1574 4434 1698 4511 supra.

342 4532 398 4609 Ad
416 4533 515 4612 lxvm
527 4533 727 4611 articulum
746 4534 995 4641 respondens,
1017 4535 1110 4612 dixit
1127 4555 1170 4614 ut
1189 4538 1227 4613 in
1249 4537 1321 4615 lavr
1342 4537 1511 4615 articulo.

342 4662 399 4740 ad
419 4663 492 4740 lxrx
517 4664 982 4772 articulumrespondens,
1010 4666 1102 4744 dixit
1122 4669 1224 4774 quod
1244 4669 1283 4743 in
1304 4669 1523 4775 recepcione
1546 4667 1699 4744 fratrum

286 4793 373 4869 dicti
399 4794 543 4872 ordinis
572 4797 781 4904 injungitur
805 4827 825 4874 a
849 4797 1115 4903 recipientibus
1135 4801 1252 4906 ipsos,
1274 4816 1427 4907 propter
1448 4799 1699 4908 juramentum
