4230 5956
459 486 507 557 cs
843 461 1037 554 rnocss
1063 479 1157 554 uss
1185 478 1487 582 rsurmnns.

370 645 373 653 '
456 625 573 703 lelmo
587 624 636 700 de
649 621 757 700 Blere
776 639 996 728 preceptore
1009 621 1056 700 de
1072 621 1215 726 Campo
1231 617 1379 698 Gilonis
1390 619 1613 696 Pictavensis
1623 619 1797 708 diocesis,
1808 622 1874 727 qui

457 756 649 834 detinetur
667 753 766 860 apud
783 752 1018 861 Caynonem3
1039 752 1188 829 Andrea
1210 750 1257 827 de
1281 752 1409 828 Monte
1431 749 1618 842 Laudato,
1643 768 1738 829 teste
1762 781 1871 858 supra

452 889 580 993 jurato
588 886 758 962 nondum
772 883 997 972 examinato,
1011 900 1048 959 et
1059 882 1160 958 dicto
1175 881 1393 960 Guausredo
1408 881 1456 957 de
1471 883 1641 963 Tencen,
1656 882 1872 959 etlobanne

357 996 360 1000 γ
456 1016 618 1106 Picardi,
640 1016 705 1120 qui
724 1014 915 1090 detinetur
933 1013 1114 1101 Turonis,
1130 1011 1396 1100 servientibus3
1413 1010 1577 1116 plurium
1592 1012 1874 1116 recepcionibus

458 1174 534 1220 non
550 1143 683 1220 recolit
696 1171 734 1219 se
751 1140 924 1218 adfuisse.
942 1144 983 1218 ln
1000 1141 1257 1247 predictorum
1278 1158 1403 1217 autem
1418 1139 1700 1245 recepcionibus
1714 1140 1773 1217 vel
1788 1159 1873 1246 post

457 1301 534 1351 non
550 1272 645 1349 vidit
662 1271 805 1377 aliquid
825 1270 998 1348 illicitum
1020 1272 1102 1348 lieri
1123 1270 1182 1347 vel
1204 1270 1368 1378 injungi,
1387 1297 1458 1346 nec
1477 1268 1598 1346 credit
1614 1270 1720 1375 quod
1738 1270 1874 1346 lactum

457 1402 580 1479 luerit.
595 1400 727 1479 Credit
737 1401 993 1478 ecclesiasticis
1010 1402 1265 1491 sacramentis,
1290 1399 1447 1477 credens
1463 1400 1581 1476 eciam
1594 1398 1698 1505 quod
1719 1398 1780 1475 alii
1797 1428 1875 1476 cre·

459 1533 603 1618 decent,
617 1548 655 1607 et
666 1531 908 1636 quodeorum
914 1531 1125 1608 sacerdotes
1134 1530 1261 1607 debite
1275 1529 1519 1606 celebrarent.
1530 1530 1671 1605 Juravit
1683 1529 1788 1634 quod
1801 1556 1875 1606 non

458 1664 574 1738 exiret
594 1659 785 1746 ordinem,
807 1677 846 1735 et
867 1660 961 1737 vidit
986 1659 1090 1766 quod
1113 1659 1175 1736 alii
1200 1687 1296 1766 quos
1321 1658 1415 1734 vidit
1439 1656 1553 1763 recipi
1575 1657 1675 1733 idem
1691 1659 1873 1763 jurarent.
1944 1680 1952 1691 ·

459 1791 590 1868 Statim
613 1820 681 1896 pro
711 1790 886 1896 professis
909 1791 1155 1872 habebantur.
1178 1789 1420 1868 Clandestine
1447 1787 1736 1895 recipiebantur,
1760 1789 1877 1866 nullis

458 1921 697 2026 presentibus
714 1920 787 1997 nisi
805 1918 995 2007 fratribus,
1009 1948 1053 1998 ex
1065 1948 1141 2026 quo
1156 1919 1253 1996 mala
1263 1918 1425 2024 suspicio
1437 1918 1645 1995 habebatur
1655 1918 1783 1993 contra
1798 1945 1874 1995 eos.

458 2052 658 2156 Nunquam
679 2051 819 2129 audivit
853 2051 957 2157 loqui
989 2052 1037 2128 de
1059 2048 1196 2158 ydolis,
1216 2049 1285 2126 sed·
1308 2047 1475 2125 cordulis
1501 2046 1746 2154 cingebantur
1777 2048 1877 2124 bene

458 2207 571 2285 super
588 2181 755 2257 camisias
775 2210 861 2257 cum
884 2181 1024 2285 quibus
1042 2181 1228 2285 jacebant.
1250 2179 1381 2257 Credit
1399 2177 1504 2283 quod
1533 2176 1787 2254 diversimodo
1817 2206 1877 2254 re·

459 2308 672 2412 ciperentur
691 2309 729 2382 in
748 2307 900 2394 ordine,
919 2324 1073 2413 propter
1097 2307 1252 2414 illaque
1274 2307 1322 2384 de
1344 2307 1564 2411 recepcione
1588 2333 1653 2383 sua
1669 2323 1708 2383 et
1722 2306 1875 2383 illorum

458 2463 553 2541 quos
572 2436 665 2511 vidit
686 2436 801 2540 recipi
824 2462 935 2541 supra
962 2435 1154 2540 deposuit,
1183 2451 1336 2541 propter
1366 2435 1429 2511 illa
1462 2434 1591 2511 illicita
1620 2464 1694 2542 que
1719 2463 1876 2542 magnus

458 2566 632 2673 Magister
642 2584 679 2643 et
693 2566 753 2643 alii
773 2564 929 2643 confessi
947 2565 1061 2643 luisse
1079 2565 1269 2642 dicuntur.
1280 2565 1438 2656 Juravit,
1457 2582 1496 2643 et
1513 2566 1576 2643 alii
1594 2594 1690 2672 quos
1703 2566 1797 2643 vidit
1814 2593 1875 2642 re-

459 2695 529 2800 cipi
545 2696 776 2803 juraverunt,
796 2695 902 2801 quod
918 2723 995 2773 non
1012 2694 1219 2772 revelarent
1235 2713 1375 2772 secreta
1395 2695 1662 2801 capitulorum,
1684 2689 1763 2774 noia
1782 2695 1877 2772 sacta

458 2828 655 2903 mencione
684 2826 833 2931 speciali
860 2826 908 2902 de
933 2826 1049 2903 modo
1073 2824 1324 2930 recepcionis,
1352 2826 1509 2903 credens
1530 2827 1634 2933 quod
1656 2853 1788 2903 omnes
1812 2827 1874 2902 alii

458 2956 531 3033 boc
555 2956 656 3032 idem
675 2956 863 3061 jurarent,
887 2971 925 3033 et
952 2956 1073 3062 quod,
1103 2956 1133 3032 si
1157 2955 1381 3047 revelarent,
1410 2954 1569 3034 fuissent
1594 2956 1733 3062 puniti,
1756 2958 1876 3033 nescit

458 3084 629 3190 qualiter.
640 3083 716 3176 Qui
732 3085 899 3162 sciebant
906 3112 1051 3162 errores
1068 3113 1148 3163 esse
1167 3086 1205 3161 in
1225 3086 1359 3163 ordine
1373 3086 1604 3193 negligentes
1618 3086 1773 3164 luerunt
1786 3087 1874 3192 quia

459 3240 536 3290 non
557 3231 797 3290 correxerunt
815 3234 885 3290 nec
904 3213 1225 3291 denunciaverunt
1243 3215 1418 3294 Ecclesia.
1438 3216 1672 3294 Elemosinas
1691 3233 1730 3294 et
1746 3219 1875 3322 bospi-

458 3341 637 3418 talitatem
666 3341 760 3418 vidit
781 3343 1043 3419 convenienter
1066 3342 1148 3420 lieri
1176 3362 1214 3421 et
1238 3345 1373 3422 servari
1397 3346 1437 3421 in
1460 3345 1640 3423 domibus
1664 3346 1808 3423 ordinis
1835 3347 1875 3423 in

383 3504 391 3517 ·
459 3470 599 3578 quibus
616 3470 689 3547 luit
705 3488 880 3548 moratus.
901 3472 1169 3579 lnjungebatur
1184 3474 1349 3579 eisquod
1353 3476 1454 3581 juste
1468 3491 1507 3551 et
1520 3474 1621 3551 licite
1637 3476 1875 3580 acquirerent

462 3601 601 3688 ordini,
617 3628 693 3678 non
705 3618 831 3677 autem
845 3628 914 3707 per
929 3601 1043 3679 nefas.
1055 3601 1206 3678 Audivit
1222 3604 1294 3680 dici
1307 3605 1413 3711 quod
1425 3604 1519 3681 clam
1528 3604 1755 3682 tenebantur
1774 3607 1874 3710 capi-

458 3732 556 3851 tula.
583 3730 698 3807 nullis
721 3731 862 3807 scilicet
885 3733 1122 3836 presentibus
1144 3733 1214 3811 nisi
1232 3733 1409 3810 fratribus
1429 3733 1584 3811 ordinis.
1606 3733 1788 3812 Ordinata
1806 3761 1874 3842 per

457 3861 678 3969 Magistrum
705 3890 790 3938 cum
815 3880 1000 3938 conventu
1024 3891 1091 3939 suo
1112 3882 1252 3940 servata
1282 3865 1440 3941 luissent
1465 3865 1505 3940 in
1538 3863 1684 3941 ordine.
1709 3863 1874 3941 Grandia

458 3992 647 4084 scandala,
662 3992 825 4098 suspicio
837 4008 876 4069 et
887 3991 1038 4068 infamia
1049 4021 1150 4070 nunc
1160 4010 1285 4071 exorta
1297 4010 1521 4071 suntcontra
1535 3992 1706 4070 ordinem
1719 4008 1874 4099 propter

458 4121 774 4225 predicta.lllicita
785 4122 903 4201 credit
916 4151 996 4200 esse
1013 4141 1101 4201 nota
1113 4123 1290 4202 fratribus
1303 4124 1368 4231 qui
1384 4124 1554 4201 fecerunt
1567 4138 1605 4200 et
1618 4123 1684 4229 qui
1698 4122 1875 4202 viderunt

459 4248 553 4326 lieri.
577 4250 634 4327 nd
655 4252 925 4331 deffensionem
944 4253 1088 4331 ordinis
1105 4282 1144 4332 se
1165 4283 1240 4332 non
1261 4254 1460 4342 obtulerat.

468 4442 472 4470 ,
513 4380 726 4487 Requisitus
743 4385 772 4460 si
793 4384 845 4460 sic
865 4385 1088 4489 deposuerat
1103 4414 1225 4492 prece,
1240 4401 1426 4492 precepto,
1439 4385 1595 4472 timore,
1610 4411 1749 4473 amore,
1765 4382 1871 4470 odio,

456 4511 514 4587 vel
530 4512 729 4616 temporali
748 4512 907 4588 comodo
923 4511 1052 4589 habito
1067 4514 1125 4591 vel
1140 4514 1334 4603 babendo,
1354 4513 1550 4619 respondit
1566 4513 1670 4618 quod
1690 4539 1785 4603 non,
1804 4512 1873 4589 sed

457 4667 526 4742 pro
545 4643 696 4719 veritate
718 4641 894 4727 dicenda3
913 4639 973 4714 cui
1002 4640 1075 4717 suit
1098 4642 1309 4751 injunctum
1334 4644 1439 4750 quod
1463 4672 1540 4721 non
1566 4642 1748 4721 revelaret
1774 4642 1870 4718 banc

456 4795 562 4844 suam
577 4770 873 4874 deposicionem,
890 4796 1089 4875 quousque
1103 4774 1360 4851 attestaciones
1371 4771 1512 4850 luerint
1524 4773 1733 4878 publicate3
1750 4788 1788 4847 et
1801 4769 1874 4848 luit
