<?xml version="1.0" encoding="UTF-8"?>
<!DOCTYPE html PUBLIC "-//W3C//DTD XHTML 1.0 Transitional//EN"
    "http://www.w3.org/TR/xhtml1/DTD/xhtml1-transitional.dtd">
<html xmlns="http://www.w3.org/1999/xhtml" xml:lang="en" lang="en">
 <head>
  <title>
</title>
<meta http-equiv="Content-Type" content="text/html;charset=utf-8" />
  <meta name='ocr-system' content='tesseract 3.04.00' />
  <meta name='ocr-capabilities' content='ocr_page ocr_carea ocr_par ocr_line ocrx_word'/>
</head>
<body>
  <div class='ocr_page' id='page_1' title='image "./procsdestemplie01defegoog/procsdestemplie01defegoog_0125.png"; bbox 0 0 4230 5956; ppageno 0'>
   <div class='ocr_carea' id='block_1_1' title="bbox 623 473 1742 579">
    <p class='ocr_par' dir='ltr' id='par_1_1' title="bbox 623 473 1742 579">
     <span class='ocr_line' id='line_1_1' title="bbox 623 473 1742 579; baseline -0.01 -15"><span class='ocrx_word' id='word_1_1' title='bbox 623 473 820 568; x_wconf 75' lang='lat' dir='ltr'><strong>nnouss</strong></span> <span class='ocrx_word' id='word_1_2' title='bbox 849 493 942 564; x_wconf 85' lang='lat' dir='ltr'><strong>nus</strong></span> <span class='ocrx_word' id='word_1_3' title='bbox 970 492 1273 569; x_wconf 78' lang='lat' dir='ltr'><strong>rsurmsns.</strong></span> <span class='ocrx_word' id='word_1_4' title='bbox 1609 508 1656 579; x_wconf 79' lang='lat'><strong>99</strong></span> <span class='ocrx_word' id='word_1_5' title='bbox 1739 528 1742 535; x_wconf 80' lang='grc'>.</span> 
     </span>
    </p>
   </div>
   <div class='ocr_carea' id='block_1_2' title="bbox 234 635 1658 974">
    <p class='ocr_par' dir='ltr' id='par_1_2' title="bbox 234 635 1658 974">
     <span class='ocr_line' id='line_1_2' title="bbox 238 635 1658 743; baseline 0.007 -30"><span class='ocrx_word' id='word_1_6' title='bbox 238 653 463 742; x_wconf 79' lang='lat' dir='ltr'><strong>protestatus</strong></span> <span class='ocrx_word' id='word_1_7' title='bbox 482 650 567 711; x_wconf 86' lang='lat' dir='ltr'><strong>ante</strong></span> <span class='ocrx_word' id='word_1_8' title='bbox 587 635 866 740; x_wconf 90' lang='lat' dir='ltr'><strong>deposicionem</strong></span> <span class='ocrx_word' id='word_1_9' title='bbox 886 663 990 712; x_wconf 89' lang='lat' dir='ltr'><strong>suam</strong></span> <span class='ocrx_word' id='word_1_10' title='bbox 1011 638 1114 743; x_wconf 94' lang='lat' dir='ltr'><strong>quod</strong></span> <span class='ocrx_word' id='word_1_11' title='bbox 1140 665 1217 715; x_wconf 91' lang='lat' dir='ltr'><strong>non</strong></span> <span class='ocrx_word' id='word_1_12' title='bbox 1237 639 1458 717; x_wconf 84' lang='lat' dir='ltr'><strong>intendebat</strong></span> <span class='ocrx_word' id='word_1_13' title='bbox 1481 645 1658 723; x_wconf 82' lang='lat' dir='ltr'><strong>recedere</strong></span> 
     </span>
     <span class='ocr_line' id='line_1_3' title="bbox 238 764 1658 878; baseline 0.006 -35"><span class='ocrx_word' id='word_1_14' title='bbox 238 797 259 843; x_wconf 84' lang='lat' dir='ltr'>a</span> <span class='ocrx_word' id='word_1_15' title='bbox 288 765 529 871; x_wconf 89' lang='lat' dir='ltr'><strong>deposicione</strong></span> <span class='ocrx_word' id='word_1_16' title='bbox 555 792 623 870; x_wconf 90' lang='lat' dir='ltr'><strong>per</strong></span> <span class='ocrx_word' id='word_1_17' title='bbox 646 793 734 842; x_wconf 89' lang='lat' dir='ltr'><strong>eum</strong></span> <span class='ocrx_word' id='word_1_18' title='bbox 762 764 853 843; x_wconf 87' lang='lat' dir='ltr'><strong>lacta</strong></span> <span class='ocrx_word' id='word_1_19' title='bbox 882 793 1007 843; x_wconf 88' lang='lat' dir='ltr'><strong>coram</strong></span> <span class='ocrx_word' id='word_1_20' title='bbox 1029 767 1183 846; x_wconf 87' lang='lat' dir='ltr'><strong>domino</strong></span> <span class='ocrx_word' id='word_1_21' title='bbox 1208 770 1487 878; x_wconf 85' lang='lat' dir='ltr'><strong>archiepiscopo</strong></span> <span class='ocrx_word' id='word_1_22' title='bbox 1512 803 1658 852; x_wconf 89' lang='lat' dir='ltr'><strong>memo-</strong></span> 
     </span>
     <span class='ocr_line' id='line_1_4' title="bbox 234 915 327 974; baseline -0.011 0"><span class='ocrx_word' id='word_1_23' title='bbox 234 915 327 974; x_wconf 83' lang='lat' dir='ltr'><strong>rato.</strong></span> 
     </span>
    </p>
   </div>
   <div class='ocr_carea' id='block_1_3' title="bbox 228 1157 1761 4779">
    <p class='ocr_par' dir='ltr' id='par_1_3' title="bbox 228 1157 1761 4779">
     <span class='ocr_line' id='line_1_5' title="bbox 293 1157 1654 1268; baseline 0.004 -33"><span class='ocrx_word' id='word_1_24' title='bbox 293 1161 421 1235; x_wconf 84' lang='lat' dir='ltr'><strong>Frater</strong></span> <span class='ocrx_word' id='word_1_25' title='bbox 440 1160 573 1236; x_wconf 88' lang='lat' dir='ltr'><strong>Petrus</strong></span> <span class='ocrx_word' id='word_1_26' title='bbox 592 1159 639 1236; x_wconf 89' lang='lat' dir='ltr'><strong>de</strong></span> <span class='ocrx_word' id='word_1_27' title='bbox 663 1161 790 1236; x_wconf 89' lang='lat' dir='ltr'><strong>Monte</strong></span> <span class='ocrx_word' id='word_1_28' title='bbox 809 1157 977 1236; x_wconf 88' lang='lat' dir='ltr'><strong>Chalveti</strong></span> <span class='ocrx_word' id='word_1_29' title='bbox 996 1159 1176 1246; x_wconf 87' lang='lat' dir='ltr'><strong>serviens,</strong></span> <span class='ocrx_word' id='word_1_30' title='bbox 1198 1160 1461 1268; x_wconf 85' lang='lat' dir='ltr'><strong>Lugdunensis</strong></span> <span class='ocrx_word' id='word_1_31' title='bbox 1479 1164 1654 1252; x_wconf 90' lang='lat' dir='ltr'><strong>diocesis,</strong></span> 
     </span>
     <span class='ocr_line' id='line_1_6' title="bbox 236 1287 1656 1393; baseline 0.003 -26"><span class='ocrx_word' id='word_1_32' title='bbox 236 1289 341 1368; x_wconf 91' lang='lat' dir='ltr'><strong>testis</strong></span> <span class='ocrx_word' id='word_1_33' title='bbox 360 1317 471 1393; x_wconf 91' lang='lat' dir='ltr'><strong>supra</strong></span> <span class='ocrx_word' id='word_1_34' title='bbox 492 1288 661 1393; x_wconf 88' lang='lat' dir='ltr'><strong>juratus,</strong></span> <span class='ocrx_word' id='word_1_35' title='bbox 683 1287 905 1364; x_wconf 91' lang='lat' dir='ltr'><strong>mantellum</strong></span> <span class='ocrx_word' id='word_1_36' title='bbox 924 1287 1069 1365; x_wconf 82' lang='lat' dir='ltr'><strong>ordinis</strong></span> <span class='ocrx_word' id='word_1_37' title='bbox 1090 1307 1126 1364; x_wconf 89' lang='lat' dir='ltr'><strong>ct</strong></span> <span class='ocrx_word' id='word_1_38' title='bbox 1146 1289 1301 1367; x_wconf 87' lang='lat' dir='ltr'><strong>barbam</strong></span> <span class='ocrx_word' id='word_1_39' title='bbox 1322 1290 1527 1386; x_wconf 86' lang='lat' dir='ltr'><strong>defferens,</strong></span> <span class='ocrx_word' id='word_1_40' title='bbox 1551 1297 1656 1371; x_wconf 89' lang='lat' dir='ltr'><strong>etatis</strong></span> 
     </span>
     <span class='ocr_line' id='line_1_7' title="bbox 234 1403 1653 1527; baseline 0.005 -33"><span class='ocrx_word' id='word_1_41' title='bbox 234 1419 661 1526; x_wconf 88' lang='lat' dir='ltr'><strong>quadragintaquinque</strong></span> <span class='ocrx_word' id='word_1_42' title='bbox 681 1446 866 1496; x_wconf 89' lang='lat' dir='ltr'><strong>annorum</strong></span> <span class='ocrx_word' id='word_1_43' title='bbox 880 1418 937 1496; x_wconf 92' lang='lat' dir='ltr'><strong>vel</strong></span> <span class='ocrx_word' id='word_1_44' title='bbox 953 1403 1063 1507; x_wconf 79' lang='lat' dir='ltr'><strong>circa,</strong></span> <span class='ocrx_word' id='word_1_45' title='bbox 1082 1447 1168 1494; x_wconf 91' lang='lat' dir='ltr'><strong>cum</strong></span> <span class='ocrx_word' id='word_1_46' title='bbox 1182 1449 1258 1527; x_wconf 93' lang='lat' dir='ltr'><strong>quo</strong></span> <span class='ocrx_word' id='word_1_47' title='bbox 1274 1421 1653 1526; x_wconf 83' lang='lat' dir='ltr'><strong>inquisitum-suerat,</strong></span> 
     </span>
     <span class='ocr_line' id='line_1_8' title="bbox 235 1548 1653 1655; baseline 0.002 -27"><span class='ocrx_word' id='word_1_48' title='bbox 235 1548 429 1628; x_wconf 81' lang='lat' dir='ltr'><strong>absolutus</strong></span> <span class='ocrx_word' id='word_1_49' title='bbox 439 1566 477 1626; x_wconf 94' lang='lat' dir='ltr'><strong>et</strong></span> <span class='ocrx_word' id='word_1_50' title='bbox 487 1548 746 1626; x_wconf 86' lang='lat' dir='ltr'><strong>reconciliatus</strong></span> <span class='ocrx_word' id='word_1_51' title='bbox 755 1577 824 1654; x_wconf 89' lang='lat' dir='ltr'><strong>per</strong></span> <span class='ocrx_word' id='word_1_52' title='bbox 834 1549 1033 1627; x_wconf 90' lang='lat' dir='ltr'><strong>dominum</strong></span> <span class='ocrx_word' id='word_1_53' title='bbox 1044 1549 1364 1655; x_wconf 89' lang='lat' dir='ltr'><strong>archiepiscopum</strong></span> <span class='ocrx_word' id='word_1_54' title='bbox 1374 1553 1653 1641; x_wconf 79' lang='lat' dir='ltr'><strong>Turonensem,</strong></span> 
     </span>
     <span class='ocr_line' id='line_1_9' title="bbox 235 1673 1653 1787; baseline 0.005 -32"><span class='ocrx_word' id='word_1_55' title='bbox 235 1679 340 1756; x_wconf 86' lang='lat' dir='ltr'><strong>lectis</strong></span> <span class='ocrx_word' id='word_1_56' title='bbox 355 1695 393 1756; x_wconf 91' lang='lat' dir='ltr'><strong>et</strong></span> <span class='ocrx_word' id='word_1_57' title='bbox 413 1679 613 1785; x_wconf 88' lang='lat' dir='ltr'><strong>diligenter</strong></span> <span class='ocrx_word' id='word_1_58' title='bbox 633 1679 807 1785; x_wconf 86' lang='lat' dir='ltr'><strong>expositis</strong></span> <span class='ocrx_word' id='word_1_59' title='bbox 827 1673 899 1757; x_wconf 91' lang='lat' dir='ltr'><strong>sibi</strong></span> <span class='ocrx_word' id='word_1_60' title='bbox 929 1679 1106 1756; x_wconf 90' lang='lat' dir='ltr'><strong>omnibus</strong></span> <span class='ocrx_word' id='word_1_61' title='bbox 1136 1698 1175 1756; x_wconf 92' lang='lat' dir='ltr'><strong>et</strong></span> <span class='ocrx_word' id='word_1_62' title='bbox 1203 1680 1361 1787; x_wconf 87' lang='lat' dir='ltr'><strong>singulis</strong></span> <span class='ocrx_word' id='word_1_63' title='bbox 1385 1682 1568 1772; x_wconf 73' lang='lat' dir='ltr'><strong>arcionis,</strong></span> <span class='ocrx_word' id='word_1_64' title='bbox 1593 1713 1653 1762; x_wconf 90' lang='lat' dir='ltr'><strong>re-</strong></span> 
     </span>
     <span class='ocr_line' id='line_1_10' title="bbox 233 1810 1654 1917; baseline 0.002 -30"><span class='ocrx_word' id='word_1_65' title='bbox 233 1810 387 1917; x_wconf 88' lang='lat' dir='ltr'><strong>spondit</strong></span> <span class='ocrx_word' id='word_1_66' title='bbox 409 1839 449 1887; x_wconf 92' lang='lat' dir='ltr'><strong>se</strong></span> <span class='ocrx_word' id='word_1_67' title='bbox 475 1810 637 1900; x_wconf 82' lang='lat' dir='ltr'><strong>nescire,</strong></span> <span class='ocrx_word' id='word_1_68' title='bbox 660 1839 729 1886; x_wconf 91' lang='lat' dir='ltr'><strong>nec</strong></span> <span class='ocrx_word' id='word_1_69' title='bbox 753 1810 925 1900; x_wconf 83' lang='lat' dir='ltr'><strong>credere,</strong></span> <span class='ocrx_word' id='word_1_70' title='bbox 952 1838 1022 1885; x_wconf 91' lang='lat' dir='ltr'><strong>nec</strong></span> <span class='ocrx_word' id='word_1_71' title='bbox 1045 1811 1230 1887; x_wconf 88' lang='lat' dir='ltr'><strong>audivisse</strong></span> <span class='ocrx_word' id='word_1_72' title='bbox 1250 1811 1323 1887; x_wconf 91' lang='lat' dir='ltr'><strong>dici</strong></span> <span class='ocrx_word' id='word_1_73' title='bbox 1343 1812 1390 1888; x_wconf 92' lang='lat' dir='ltr'><strong>de</strong></span> <span class='ocrx_word' id='word_1_74' title='bbox 1411 1815 1596 1890; x_wconf 88' lang='lat' dir='ltr'><strong>contentis</strong></span> <span class='ocrx_word' id='word_1_75' title='bbox 1616 1816 1654 1890; x_wconf 93' lang='lat' dir='ltr'><strong>in</strong></span> 
     </span>
     <span class='ocr_line' id='line_1_11' title="bbox 234 1939 1654 2046; baseline 0.002 -29"><span class='ocrx_word' id='word_1_76' title='bbox 234 1941 288 2017; x_wconf 87' lang='lat' dir='ltr'><strong>eis</strong></span> <span class='ocrx_word' id='word_1_77' title='bbox 302 1940 372 2016; x_wconf 84' lang='lat' dir='ltr'><strong>nisi</strong></span> <span class='ocrx_word' id='word_1_78' title='bbox 386 1940 491 2046; x_wconf 92' lang='lat' dir='ltr'><strong>quod</strong></span> <span class='ocrx_word' id='word_1_79' title='bbox 504 1942 686 2046; x_wconf 91' lang='lat' dir='ltr'><strong>sequitur.</strong></span> <span class='ocrx_word' id='word_1_80' title='bbox 701 1940 804 2017; x_wconf 83' lang='lat' dir='ltr'><strong>Dixit</strong></span> <span class='ocrx_word' id='word_1_81' title='bbox 817 1941 971 2016; x_wconf 89' lang='lat' dir='ltr'><strong>enimse</strong></span> <span class='ocrx_word' id='word_1_82' title='bbox 983 1939 1096 2016; x_wconf 89' lang='lat' dir='ltr'><strong>luisse</strong></span> <span class='ocrx_word' id='word_1_83' title='bbox 1110 1957 1301 2044; x_wconf 88' lang='lat' dir='ltr'><strong>receptum</strong></span> <span class='ocrx_word' id='word_1_84' title='bbox 1316 1941 1354 2016; x_wconf 94' lang='lat' dir='ltr'><strong>in</strong></span> <span class='ocrx_word' id='word_1_85' title='bbox 1366 1941 1505 2046; x_wconf 90' lang='lat' dir='ltr'><strong>capella</strong></span> <span class='ocrx_word' id='word_1_86' title='bbox 1518 1943 1654 2021; x_wconf 88' lang='lat' dir='ltr'><strong>domus</strong></span> 
     </span>
     <span class='ocr_line' id='line_1_12' title="bbox 234 2066 1653 2178; baseline 0.003 -30"><span class='ocrx_word' id='word_1_87' title='bbox 234 2072 282 2148; x_wconf 90' lang='lat' dir='ltr'><strong>de</strong></span> <span class='ocrx_word' id='word_1_88' title='bbox 301 2070 455 2176; x_wconf 83' lang='lat' dir='ltr'><strong>Belleyo</strong></span> <span class='ocrx_word' id='word_1_89' title='bbox 474 2071 661 2147; x_wconf 89' lang='lat' dir='ltr'><strong>Eduensis</strong></span> <span class='ocrx_word' id='word_1_90' title='bbox 682 2069 859 2156; x_wconf 83' lang='lat' dir='ltr'><strong>diocesis,</strong></span> <span class='ocrx_word' id='word_1_91' title='bbox 878 2085 966 2146; x_wconf 90' lang='lat' dir='ltr'><strong>sunt</strong></span> <span class='ocrx_word' id='word_1_92' title='bbox 986 2066 1102 2146; x_wconf 90' lang='lat' dir='ltr'><strong>modo</strong></span> <span class='ocrx_word' id='word_1_93' title='bbox 1122 2095 1169 2145; x_wconf 81' lang='lat' dir='ltr'><strong>xx</strong></span> <span class='ocrx_word' id='word_1_94' title='bbox 1184 2069 1271 2145; x_wconf 89' lang='lat' dir='ltr'><strong>anni</strong></span> <span class='ocrx_word' id='word_1_95' title='bbox 1288 2069 1346 2147; x_wconf 86' lang='lat' dir='ltr'><strong>vel</strong></span> <span class='ocrx_word' id='word_1_96' title='bbox 1362 2073 1474 2160; x_wconf 87' lang='lat' dir='ltr'><strong>circa,</strong></span> <span class='ocrx_word' id='word_1_97' title='bbox 1492 2102 1561 2178; x_wconf 90' lang='lat' dir='ltr'><strong>per</strong></span> <span class='ocrx_word' id='word_1_98' title='bbox 1581 2075 1653 2152; x_wconf 81' lang='lat' dir='ltr'><strong>lra-</strong></span> 
     </span>
     <span class='ocr_line' id='line_1_13' title="bbox 233 2196 1654 2303; baseline 0.005 -27"><span class='ocrx_word' id='word_1_99' title='bbox 233 2217 330 2276; x_wconf 88' lang='lat' dir='ltr'><strong>trem</strong></span> <span class='ocrx_word' id='word_1_100' title='bbox 350 2198 556 2277; x_wconf 87' lang='lat' dir='ltr'><strong>Geraldum</strong></span> <span class='ocrx_word' id='word_1_101' title='bbox 582 2197 631 2275; x_wconf 90' lang='lat' dir='ltr'><strong>de</strong></span> <span class='ocrx_word' id='word_1_102' title='bbox 658 2199 817 2275; x_wconf 88' lang='lat' dir='ltr'><strong>Sanzeto</strong></span> <span class='ocrx_word' id='word_1_103' title='bbox 843 2196 1003 2274; x_wconf 91' lang='lat' dir='ltr'><strong>militem</strong></span> <span class='ocrx_word' id='word_1_104' title='bbox 1029 2197 1243 2303; x_wconf 88' lang='lat' dir='ltr'><strong>quondam,</strong></span> <span class='ocrx_word' id='word_1_105' title='bbox 1271 2198 1546 2281; x_wconf 86' lang='lat' dir='ltr'><strong>Lemovicensis</strong></span> <span class='ocrx_word' id='word_1_106' title='bbox 1573 2206 1654 2283; x_wconf 92' lang='lat' dir='ltr'><strong>dio-</strong></span> 
     </span>
     <span class='ocr_line' id='line_1_14' title="bbox 234 2325 1654 2434; baseline 0.004 -30"><span class='ocrx_word' id='word_1_107' title='bbox 234 2329 327 2405; x_wconf 86' lang='lat' dir='ltr'><strong>cesis</strong></span> <span class='ocrx_word' id='word_1_108' title='bbox 350 2346 459 2416; x_wconf 89' lang='lat' dir='ltr'><strong>tunc,</strong></span> <span class='ocrx_word' id='word_1_109' title='bbox 476 2343 732 2434; x_wconf 88' lang='lat' dir='ltr'><strong>preceptorem</strong></span> <span class='ocrx_word' id='word_1_110' title='bbox 760 2325 1003 2403; x_wconf 83' lang='lat' dir='ltr'><strong>Lemovicinii</strong></span> <span class='ocrx_word' id='word_1_111' title='bbox 1033 2343 1071 2401; x_wconf 92' lang='lat' dir='ltr'><strong>et</strong></span> <span class='ocrx_word' id='word_1_112' title='bbox 1099 2325 1296 2418; x_wconf 86' lang='lat' dir='ltr'><strong>Alvcrnie,</strong></span> <span class='ocrx_word' id='word_1_113' title='bbox 1318 2330 1559 2432; x_wconf 83' lang='lat' dir='ltr'><strong>presentibus</strong></span> <span class='ocrx_word' id='word_1_114' title='bbox 1583 2334 1654 2409; x_wconf 86' lang='lat' dir='ltr'><strong>lra—</strong></span> 
     </span>
     <span class='ocr_line' id='line_1_15' title="bbox 233 2455 1651 2568; baseline 0.004 -32"><span class='ocrx_word' id='word_1_115' title='bbox 233 2459 355 2536; x_wconf 87' lang='lat' dir='ltr'><strong>tribus</strong></span> <span class='ocrx_word' id='word_1_116' title='bbox 383 2457 591 2537; x_wconf 92' lang='lat' dir='ltr'><strong>Guillelmo</strong></span> <span class='ocrx_word' id='word_1_117' title='bbox 621 2456 787 2534; x_wconf 85' lang='lat' dir='ltr'><strong>Arnaudi</strong></span> <span class='ocrx_word' id='word_1_118' title='bbox 810 2455 1106 2545; x_wconf 87' lang='lat' dir='ltr'><strong>Lemovicensis,</strong></span> <span class='ocrx_word' id='word_1_119' title='bbox 1134 2455 1314 2534; x_wconf 90' lang='lat' dir='ltr'><strong>Gnidone</strong></span> <span class='ocrx_word' id='word_1_120' title='bbox 1345 2476 1382 2535; x_wconf 88' lang='lat' dir='ltr'><strong>et</strong></span> <span class='ocrx_word' id='word_1_121' title='bbox 1413 2461 1571 2568; x_wconf 88' lang='lat' dir='ltr'><strong>Hugone</strong></span> <span class='ocrx_word' id='word_1_122' title='bbox 1605 2466 1651 2540; x_wconf 92' lang='lat' dir='ltr'><strong>de</strong></span> 
     </span>
     <span class='ocr_line' id='line_1_16' title="bbox 234 2585 1650 2690; baseline 0.003 -26"><span class='ocrx_word' id='word_1_123' title='bbox 234 2588 440 2667; x_wconf 89' lang='lat' dir='ltr'><strong>Monbalbo</strong></span> <span class='ocrx_word' id='word_1_124' title='bbox 460 2585 791 2675; x_wconf 89' lang='lat' dir='ltr'><strong>Claramontensis,</strong></span> <span class='ocrx_word' id='word_1_125' title='bbox 811 2603 849 2662; x_wconf 89' lang='lat' dir='ltr'><strong>et</strong></span> <span class='ocrx_word' id='word_1_126' title='bbox 868 2585 1059 2690; x_wconf 90' lang='lat' dir='ltr'><strong>Stephano</strong></span> <span class='ocrx_word' id='word_1_127' title='bbox 1080 2585 1127 2661; x_wconf 92' lang='lat' dir='ltr'><strong>de</strong></span> <span class='ocrx_word' id='word_1_128' title='bbox 1142 2585 1248 2665; x_wconf 84' lang='lat' dir='ltr'><strong>Valle</strong></span> <span class='ocrx_word' id='word_1_129' title='bbox 1267 2587 1454 2667; x_wconf 88' lang='lat' dir='ltr'><strong>Eduensis</strong></span> <span class='ocrx_word' id='word_1_130' title='bbox 1476 2591 1650 2678; x_wconf 87' lang='lat' dir='ltr'><strong>diocesis,</strong></span> 
     </span>
     <span class='ocr_line' id='line_1_17' title="bbox 232 2715 1650 2826; baseline 0.003 -31"><span class='ocrx_word' id='word_1_131' title='bbox 232 2719 480 2796; x_wconf 89' lang='lat' dir='ltr'><strong>servientibus</strong></span> <span class='ocrx_word' id='word_1_132' title='bbox 499 2717 716 2804; x_wconf 87' lang='lat' dir='ltr'><strong>deffunctis,</strong></span> <span class='ocrx_word' id='word_1_133' title='bbox 736 2733 778 2794; x_wconf 91' lang='lat' dir='ltr'><strong>ut</strong></span> <span class='ocrx_word' id='word_1_134' title='bbox 791 2715 928 2803; x_wconf 88' lang='lat' dir='ltr'><strong>credit,</strong></span> <span class='ocrx_word' id='word_1_135' title='bbox 946 2716 985 2791; x_wconf 90' lang='lat' dir='ltr'><strong>in</strong></span> <span class='ocrx_word' id='word_1_136' title='bbox 998 2717 1102 2793; x_wconf 92' lang='lat' dir='ltr'><strong>bunc</strong></span> <span class='ocrx_word' id='word_1_137' title='bbox 1115 2716 1291 2804; x_wconf 77' lang='lat' dir='ltr'><strong>modum3</strong></span> <span class='ocrx_word' id='word_1_138' title='bbox 1309 2746 1395 2803; x_wconf 80' lang='lat' dir='ltr'><strong>narn</strong></span> <span class='ocrx_word' id='word_1_139' title='bbox 1411 2748 1498 2795; x_wconf 91' lang='lat' dir='ltr'><strong>cum</strong></span> <span class='ocrx_word' id='word_1_140' title='bbox 1517 2724 1650 2826; x_wconf 91' lang='lat' dir='ltr'><strong>peciis-</strong></span> 
     </span>
     <span class='ocr_line' id='line_1_18' title="bbox 232 2844 1648 2955; baseline 0.004 -32"><span class='ocrx_word' id='word_1_141' title='bbox 232 2864 289 2924; x_wconf 88' lang='lat' dir='ltr'><strong>set</strong></span> <span class='ocrx_word' id='word_1_142' title='bbox 309 2848 412 2924; x_wconf 84' lang='lat' dir='ltr'><strong>llexis</strong></span> <span class='ocrx_word' id='word_1_143' title='bbox 423 2847 583 2955; x_wconf 86' lang='lat' dir='ltr'><strong>genibus</strong></span> <span class='ocrx_word' id='word_1_144' title='bbox 598 2876 733 2953; x_wconf 91' lang='lat' dir='ltr'><strong>panem</strong></span> <span class='ocrx_word' id='word_1_145' title='bbox 750 2864 788 2923; x_wconf 94' lang='lat' dir='ltr'><strong>et</strong></span> <span class='ocrx_word' id='word_1_146' title='bbox 802 2874 937 2953; x_wconf 90' lang='lat' dir='ltr'><strong>aquam</strong></span> <span class='ocrx_word' id='word_1_147' title='bbox 950 2862 988 2923; x_wconf 91' lang='lat' dir='ltr'><strong>et</strong></span> <span class='ocrx_word' id='word_1_148' title='bbox 1007 2844 1222 2923; x_wconf 88' lang='lat' dir='ltr'><strong>societatem</strong></span> <span class='ocrx_word' id='word_1_149' title='bbox 1241 2844 1397 2922; x_wconf 82' lang='lat' dir='ltr'><strong>fratrum</strong></span> <span class='ocrx_word' id='word_1_150' title='bbox 1419 2849 1562 2928; x_wconf 92' lang='lat' dir='ltr'><strong>ordinis</strong></span> <span class='ocrx_word' id='word_1_151' title='bbox 1581 2870 1648 2935; x_wconf 82' lang='lat' dir='ltr'><strong>ter,</strong></span> 
     </span>
     <span class='ocr_line' id='line_1_19' title="bbox 230 2973 1649 3086; baseline 0.004 -32"><span class='ocrx_word' id='word_1_152' title='bbox 230 2979 383 3084; x_wconf 85' lang='lat' dir='ltr'><strong>tandem</strong></span> <span class='ocrx_word' id='word_1_153' title='bbox 399 2978 521 3056; x_wconf 87' lang='lat' dir='ltr'><strong>dictus</strong></span> <span class='ocrx_word' id='word_1_154' title='bbox 536 2996 708 3084; x_wconf 88' lang='lat' dir='ltr'><strong>receptor</strong></span> <span class='ocrx_word' id='word_1_155' title='bbox 722 2977 903 3055; x_wconf 89' lang='lat' dir='ltr'><strong>concessit</strong></span> <span class='ocrx_word' id='word_1_156' title='bbox 919 2976 1056 3063; x_wconf 88' lang='lat' dir='ltr'><strong>eidem,</strong></span> <span class='ocrx_word' id='word_1_157' title='bbox 1069 2992 1107 3053; x_wconf 90' lang='lat' dir='ltr'><strong>et</strong></span> <span class='ocrx_word' id='word_1_158' title='bbox 1124 2973 1213 3051; x_wconf 88' lang='lat' dir='ltr'><strong>lecit</strong></span> <span class='ocrx_word' id='word_1_159' title='bbox 1227 3003 1317 3052; x_wconf 92' lang='lat' dir='ltr'><strong>eum</strong></span> <span class='ocrx_word' id='word_1_160' title='bbox 1331 3004 1461 3055; x_wconf 88' lang='lat' dir='ltr'><strong>vovere</strong></span> <span class='ocrx_word' id='word_1_161' title='bbox 1478 2997 1516 3057; x_wconf 92' lang='lat' dir='ltr'><strong>et</strong></span> <span class='ocrx_word' id='word_1_162' title='bbox 1522 2981 1649 3086; x_wconf 89' lang='lat' dir='ltr'><strong>jurare</strong></span> 
     </span>
     <span class='ocr_line' id='line_1_20' title="bbox 231 3104 1650 3212; baseline 0.004 -29"><span class='ocrx_word' id='word_1_163' title='bbox 231 3107 502 3196; x_wconf 67' lang='lat' dir='ltr'><strong>castitate-met</strong></span> <span class='ocrx_word' id='word_1_164' title='bbox 521 3109 641 3186; x_wconf 83' lang='lat' dir='ltr'><strong>vivere</strong></span> <span class='ocrx_word' id='word_1_165' title='bbox 661 3107 743 3184; x_wconf 90' lang='lat' dir='ltr'><strong>sine</strong></span> <span class='ocrx_word' id='word_1_166' title='bbox 760 3106 931 3212; x_wconf 91' lang='lat' dir='ltr'><strong>proprio,</strong></span> <span class='ocrx_word' id='word_1_167' title='bbox 953 3131 1097 3181; x_wconf 86' lang='lat' dir='ltr'><strong>servare</strong></span> <span class='ocrx_word' id='word_1_168' title='bbox 1117 3104 1241 3181; x_wconf 91' lang='lat' dir='ltr'><strong>bonos</strong></span> <span class='ocrx_word' id='word_1_169' title='bbox 1259 3133 1350 3183; x_wconf 91' lang='lat' dir='ltr'><strong>usus</strong></span> <span class='ocrx_word' id='word_1_170' title='bbox 1369 3124 1407 3182; x_wconf 88' lang='lat' dir='ltr'><strong>et</strong></span> <span class='ocrx_word' id='word_1_171' title='bbox 1426 3108 1543 3187; x_wconf 82' lang='lat' dir='ltr'><strong>bonas</strong></span> <span class='ocrx_word' id='word_1_172' title='bbox 1562 3139 1650 3189; x_wconf 94' lang='lat' dir='ltr'><strong>con-</strong></span> 
     </span>
     <span class='ocr_line' id='line_1_21' title="bbox 230 3235 1646 3344; baseline 0.004 -30"><span class='ocrx_word' id='word_1_173' title='bbox 230 3239 452 3316; x_wconf 88' lang='lat' dir='ltr'><strong>suetudines</strong></span> <span class='ocrx_word' id='word_1_174' title='bbox 471 3267 545 3344; x_wconf 88' lang='lat' dir='ltr'><strong>que</strong></span> <span class='ocrx_word' id='word_1_175' title='bbox 566 3256 658 3317; x_wconf 91' lang='lat' dir='ltr'><strong>tunc</strong></span> <span class='ocrx_word' id='word_1_176' title='bbox 678 3253 783 3315; x_wconf 89' lang='lat' dir='ltr'><strong>erant</strong></span> <span class='ocrx_word' id='word_1_177' title='bbox 803 3252 841 3314; x_wconf 91' lang='lat' dir='ltr'><strong>et</strong></span> <span class='ocrx_word' id='word_1_178' title='bbox 861 3236 900 3311; x_wconf 92' lang='lat' dir='ltr'><strong>in</strong></span> <span class='ocrx_word' id='word_1_179' title='bbox 919 3251 1114 3341; x_wconf 89' lang='lat' dir='ltr'><strong>posterum</strong></span> <span class='ocrx_word' id='word_1_180' title='bbox 1133 3235 1419 3339; x_wconf 84' lang='lat' dir='ltr'><strong>imponerentur</strong></span> <span class='ocrx_word' id='word_1_181' title='bbox 1443 3239 1482 3314; x_wconf 91' lang='lat' dir='ltr'><strong>in</strong></span> <span class='ocrx_word' id='word_1_182' title='bbox 1503 3241 1646 3320; x_wconf 91' lang='lat' dir='ltr'><strong>ordine.</strong></span> 
     </span>
     <span class='ocr_line' id='line_1_22' title="bbox 232 3364 1761 3478; baseline 0.005 -35"><span class='ocrx_word' id='word_1_183' title='bbox 232 3369 377 3475; x_wconf 91' lang='lat' dir='ltr'><strong>etquod</strong></span> <span class='ocrx_word' id='word_1_184' title='bbox 389 3397 467 3446; x_wconf 91' lang='lat' dir='ltr'><strong>non</strong></span> <span class='ocrx_word' id='word_1_185' title='bbox 482 3369 662 3447; x_wconf 86' lang='lat' dir='ltr'><strong>revelaret</strong></span> <span class='ocrx_word' id='word_1_186' title='bbox 673 3384 813 3446; x_wconf 90' lang='lat' dir='ltr'><strong>secreta</strong></span> <span class='ocrx_word' id='word_1_187' title='bbox 830 3365 1094 3472; x_wconf 85' lang='lat' dir='ltr'><strong>capitulorum.</strong></span> <span class='ocrx_word' id='word_1_188' title='bbox 1106 3365 1194 3458; x_wconf 92' lang='lat' dir='ltr'><strong>Quo</strong></span> <span class='ocrx_word' id='word_1_189' title='bbox 1210 3364 1323 3457; x_wconf 82' lang='lat' dir='ltr'><strong>lacto,</strong></span> <span class='ocrx_word' id='word_1_190' title='bbox 1339 3367 1461 3446; x_wconf 90' lang='lat' dir='ltr'><strong>dictus</strong></span> <span class='ocrx_word' id='word_1_191' title='bbox 1478 3390 1650 3478; x_wconf 91' lang='lat' dir='ltr'><strong>receptor</strong></span> <span class='ocrx_word' id='word_1_192' title='bbox 1758 3388 1761 3394; x_wconf 82' lang='lat'>&#39;</span> 
     </span>
     <span class='ocr_line' id='line_1_23' title="bbox 232 3490 1675 3606; baseline 0.004 -32"><span class='ocrx_word' id='word_1_193' title='bbox 232 3499 413 3606; x_wconf 90' lang='lat' dir='ltr'><strong>imposuit</strong></span> <span class='ocrx_word' id='word_1_194' title='bbox 445 3502 516 3578; x_wconf 89' lang='lat' dir='ltr'><strong>sibi</strong></span> <span class='ocrx_word' id='word_1_195' title='bbox 549 3499 788 3588; x_wconf 83' lang='lat' dir='ltr'><strong>mantellum,</strong></span> <span class='ocrx_word' id='word_1_196' title='bbox 813 3515 950 3575; x_wconf 90' lang='lat' dir='ltr'><strong>ettam</strong></span> <span class='ocrx_word' id='word_1_197' title='bbox 981 3496 1059 3601; x_wconf 90' lang='lat' dir='ltr'><strong>ipse</strong></span> <span class='ocrx_word' id='word_1_198' title='bbox 1085 3524 1200 3602; x_wconf 88' lang='lat' dir='ltr'><strong>quam</strong></span> <span class='ocrx_word' id='word_1_199' title='bbox 1228 3494 1290 3572; x_wconf 85' lang='lat' dir='ltr'><strong>ulii</strong></span> <span class='ocrx_word' id='word_1_200' title='bbox 1320 3515 1481 3576; x_wconf 83' lang='lat' dir='ltr'><strong>astantes</strong></span> <span class='ocrx_word' id='word_1_201' title='bbox 1495 3490 1675 3580; x_wconf 66' lang='lat' dir='ltr'><strong>luerunt⁸</strong></span> 
     </span>
     <span class='ocr_line' id='line_1_24' title="bbox 230 3625 1648 3730; baseline 0.001 -24"><span class='ocrx_word' id='word_1_202' title='bbox 230 3656 320 3706; x_wconf 91' lang='lat' dir='ltr'><strong>eum</strong></span> <span class='ocrx_word' id='word_1_203' title='bbox 341 3631 496 3709; x_wconf 83' lang='lat' dir='ltr'><strong>osculati</strong></span> <span class='ocrx_word' id='word_1_204' title='bbox 511 3631 550 3707; x_wconf 88' lang='lat' dir='ltr'><strong>in</strong></span> <span class='ocrx_word' id='word_1_205' title='bbox 570 3659 647 3709; x_wconf 91' lang='lat' dir='ltr'><strong>ore.</strong></span> <span class='ocrx_word' id='word_1_206' title='bbox 673 3629 820 3708; x_wconf 92' lang='lat' dir='ltr'><strong>Deinde</strong></span> <span class='ocrx_word' id='word_1_207' title='bbox 841 3625 1017 3706; x_wconf 82' lang='lat' dir='ltr'><strong>instruxit</strong></span> <span class='ocrx_word' id='word_1_208' title='bbox 1031 3653 1119 3704; x_wconf 88' lang='lat' dir='ltr'><strong>eum</strong></span> <span class='ocrx_word' id='word_1_209' title='bbox 1138 3642 1232 3730; x_wconf 92' lang='lat' dir='ltr'><strong>quot</strong></span> <span class='ocrx_word' id='word_1_210' title='bbox 1252 3627 1363 3704; x_wconf 84' lang='lat' dir='ltr'><strong>Pater</strong></span> <span class='ocrx_word' id='word_1_211' title='bbox 1377 3643 1490 3707; x_wconf 72' lang='lat' dir='ltr'><strong>tracter</strong></span> <span class='ocrx_word' id='word_1_212' title='bbox 1507 3632 1648 3709; x_wconf 89' lang='lat' dir='ltr'><strong>diceret</strong></span> 
     </span>
     <span class='ocr_line' id='line_1_25' title="bbox 231 3753 1648 3867; baseline 0.002 -34"><span class='ocrx_word' id='word_1_213' title='bbox 231 3784 299 3862; x_wconf 88' lang='lat' dir='ltr'><strong>pro</strong></span> <span class='ocrx_word' id='word_1_214' title='bbox 319 3760 424 3839; x_wconf 91' lang='lat' dir='ltr'><strong>boris</strong></span> <span class='ocrx_word' id='word_1_215' title='bbox 444 3761 536 3850; x_wconf 87' lang='lat' dir='ltr'><strong>suis,</strong></span> <span class='ocrx_word' id='word_1_216' title='bbox 562 3779 600 3838; x_wconf 91' lang='lat' dir='ltr'><strong>et</strong></span> <span class='ocrx_word' id='word_1_217' title='bbox 621 3759 785 3867; x_wconf 80' lang='lat' dir='ltr'><strong>qualiter</strong></span> <span class='ocrx_word' id='word_1_218' title='bbox 807 3787 846 3835; x_wconf 89' lang='lat' dir='ltr'><strong>se</strong></span> <span class='ocrx_word' id='word_1_219' title='bbox 867 3772 1013 3863; x_wconf 87' lang='lat' dir='ltr'><strong>regeret</strong></span> <span class='ocrx_word' id='word_1_220' title='bbox 1029 3755 1068 3830; x_wconf 91' lang='lat' dir='ltr'><strong>in</strong></span> <span class='ocrx_word' id='word_1_221' title='bbox 1086 3753 1240 3842; x_wconf 88' lang='lat' dir='ltr'><strong>ordine,</strong></span> <span class='ocrx_word' id='word_1_222' title='bbox 1275 3753 1403 3834; x_wconf 90' lang='lat' dir='ltr'><strong>dicens</strong></span> <span class='ocrx_word' id='word_1_223' title='bbox 1422 3759 1525 3835; x_wconf 91' lang='lat' dir='ltr'><strong>idem</strong></span> <span class='ocrx_word' id='word_1_224' title='bbox 1545 3762 1648 3837; x_wconf 90' lang='lat' dir='ltr'><strong>testis</strong></span> 
     </span>
     <span class='ocr_line' id='line_1_26' title="bbox 228 3884 1645 3995; baseline -0.001 -32"><span class='ocrx_word' id='word_1_225' title='bbox 228 3889 333 3993; x_wconf 91' lang='lat' dir='ltr'><strong>quod</strong></span> <span class='ocrx_word' id='word_1_226' title='bbox 348 3889 387 3966; x_wconf 90' lang='lat' dir='ltr'><strong>in</strong></span> <span class='ocrx_word' id='word_1_227' title='bbox 400 3890 496 3966; x_wconf 92' lang='lat' dir='ltr'><strong>dicta</strong></span> <span class='ocrx_word' id='word_1_228' title='bbox 508 3889 726 3995; x_wconf 89' lang='lat' dir='ltr'><strong>recepcione</strong></span> <span class='ocrx_word' id='word_1_229' title='bbox 743 3916 809 3965; x_wconf 91' lang='lat' dir='ltr'><strong>sua</strong></span> <span class='ocrx_word' id='word_1_230' title='bbox 826 3886 931 3963; x_wconf 90' lang='lat' dir='ltr'><strong>nulla</strong></span> <span class='ocrx_word' id='word_1_231' title='bbox 945 3885 1074 3962; x_wconf 89' lang='lat' dir='ltr'><strong>illicita</strong></span> <span class='ocrx_word' id='word_1_232' title='bbox 1092 3884 1383 3962; x_wconf 87' lang='lat' dir='ltr'><strong>intervenerunt.</strong></span> <span class='ocrx_word' id='word_1_233' title='bbox 1400 3888 1645 3963; x_wconf 86' lang='lat' dir='ltr'><strong>Postmodum</strong></span> 
     </span>
     <span class='ocr_line' id='line_1_27' title="bbox 228 4011 1644 4124; baseline 0 -31"><span class='ocrx_word' id='word_1_234' title='bbox 228 4035 368 4108; x_wconf 88' lang='lat' dir='ltr'><strong>autem,</strong></span> <span class='ocrx_word' id='word_1_235' title='bbox 386 4019 546 4097; x_wconf 91' lang='lat' dir='ltr'><strong>dimidio</strong></span> <span class='ocrx_word' id='word_1_236' title='bbox 562 4048 661 4098; x_wconf 85' lang='lat' dir='ltr'><strong>anno</strong></span> <span class='ocrx_word' id='word_1_237' title='bbox 677 4019 803 4124; x_wconf 87' lang='lat' dir='ltr'><strong>elapso</strong></span> <span class='ocrx_word' id='word_1_238' title='bbox 815 4017 873 4094; x_wconf 83' lang='lat' dir='ltr'><strong>vel</strong></span> <span class='ocrx_word' id='word_1_239' title='bbox 886 4017 996 4104; x_wconf 86' lang='lat' dir='ltr'><strong>circa,</strong></span> <span class='ocrx_word' id='word_1_240' title='bbox 1009 4013 1202 4120; x_wconf 84' lang='lat' dir='ltr'><strong>predictus</strong></span> <span class='ocrx_word' id='word_1_241' title='bbox 1212 4011 1326 4088; x_wconf 85' lang='lat' dir='ltr'><strong>frater</strong></span> <span class='ocrx_word' id='word_1_242' title='bbox 1337 4014 1465 4092; x_wconf 91' lang='lat' dir='ltr'><strong>Guido</strong></span> <span class='ocrx_word' id='word_1_243' title='bbox 1479 4014 1527 4092; x_wconf 93' lang='lat' dir='ltr'><strong>de</strong></span> <span class='ocrx_word' id='word_1_244' title='bbox 1539 4018 1644 4095; x_wconf 90' lang='lat' dir='ltr'><strong>Mon-</strong></span> 
     </span>
     <span class='ocr_line' id='line_1_28' title="bbox 230 4141 1647 4254; baseline 0 -31"><span class='ocrx_word' id='word_1_245' title='bbox 230 4146 343 4224; x_wconf 83' lang='lat' dir='ltr'><strong>balbo</strong></span> <span class='ocrx_word' id='word_1_246' title='bbox 361 4166 557 4254; x_wconf 89' lang='lat' dir='ltr'><strong>preceptor</strong></span> <span class='ocrx_word' id='word_1_247' title='bbox 576 4151 713 4226; x_wconf 92' lang='lat' dir='ltr'><strong>domus</strong></span> <span class='ocrx_word' id='word_1_248' title='bbox 732 4147 881 4253; x_wconf 88' lang='lat' dir='ltr'><strong>Templi</strong></span> <span class='ocrx_word' id='word_1_249' title='bbox 903 4145 950 4221; x_wconf 92' lang='lat' dir='ltr'><strong>de</strong></span> <span class='ocrx_word' id='word_1_250' title='bbox 971 4147 1171 4241; x_wconf 84' lang='lat' dir='ltr'><strong>Lammens</strong></span> <span class='ocrx_word' id='word_1_251' title='bbox 1193 4141 1378 4218; x_wconf 87' lang='lat' dir='ltr'><strong>Eduensis</strong></span> <span class='ocrx_word' id='word_1_252' title='bbox 1398 4143 1572 4236; x_wconf 88' lang='lat' dir='ltr'><strong>diocesis,</strong></span> <span class='ocrx_word' id='word_1_253' title='bbox 1591 4178 1647 4224; x_wconf 89' lang='lat' dir='ltr'><strong>vo-</strong></span> 
     </span>
     <span class='ocr_line' id='line_1_29' title="bbox 230 4269 1646 4368; baseline 0.003 -18"><span class='ocrx_word' id='word_1_254' title='bbox 230 4276 324 4350; x_wconf 85' lang='lat' dir='ltr'><strong>cavit</strong></span> <span class='ocrx_word' id='word_1_255' title='bbox 342 4275 485 4353; x_wconf 89' lang='lat' dir='ltr'><strong>dictum</strong></span> <span class='ocrx_word' id='word_1_256' title='bbox 501 4295 637 4354; x_wconf 90' lang='lat' dir='ltr'><strong>testem</strong></span> <span class='ocrx_word' id='word_1_257' title='bbox 651 4280 691 4354; x_wconf 95' lang='lat' dir='ltr'><strong>in</strong></span> <span class='ocrx_word' id='word_1_258' title='bbox 712 4278 810 4353; x_wconf 86' lang='lat' dir='ltr'><strong>dicta</strong></span> <span class='ocrx_word' id='word_1_259' title='bbox 825 4277 942 4353; x_wconf 90' lang='lat' dir='ltr'><strong>domo</strong></span> <span class='ocrx_word' id='word_1_260' title='bbox 951 4288 1160 4350; x_wconf 89' lang='lat' dir='ltr'><strong>morantem</strong></span> <span class='ocrx_word' id='word_1_261' title='bbox 1174 4269 1221 4344; x_wconf 85' lang='lat' dir='ltr'><strong>ad</strong></span> <span class='ocrx_word' id='word_1_262' title='bbox 1233 4288 1416 4349; x_wconf 88' lang='lat' dir='ltr'><strong>cameram</strong></span> <span class='ocrx_word' id='word_1_263' title='bbox 1427 4304 1545 4368; x_wconf 89' lang='lat' dir='ltr'><strong>suam,</strong></span> <span class='ocrx_word' id='word_1_264' title='bbox 1561 4279 1646 4354; x_wconf 68' lang='lat' dir='ltr'><strong>nulss</strong></span> 
     </span>
     <span class='ocr_line' id='line_1_30' title="bbox 228 4398 1642 4512; baseline 0.002 -32"><span class='ocrx_word' id='word_1_265' title='bbox 228 4404 275 4482; x_wconf 88' lang='lat' dir='ltr'><strong>lis</strong></span> <span class='ocrx_word' id='word_1_266' title='bbox 298 4405 383 4482; x_wconf 90' lang='lat' dir='ltr'><strong>aliis</strong></span> <span class='ocrx_word' id='word_1_267' title='bbox 402 4407 654 4512; x_wconf 88' lang='lat' dir='ltr'><strong>presentibus,</strong></span> <span class='ocrx_word' id='word_1_268' title='bbox 673 4406 802 4483; x_wconf 90' lang='lat' dir='ltr'><strong>dicens</strong></span> <span class='ocrx_word' id='word_1_269' title='bbox 821 4407 855 4482; x_wconf 91' lang='lat' dir='ltr'><strong>ei</strong></span> <span class='ocrx_word' id='word_1_270' title='bbox 876 4404 980 4512; x_wconf 89' lang='lat' dir='ltr'><strong>quod</strong></span> <span class='ocrx_word' id='word_1_271' title='bbox 1002 4403 1081 4509; x_wconf 90' lang='lat' dir='ltr'><strong>ipse</strong></span> <span class='ocrx_word' id='word_1_272' title='bbox 1097 4398 1267 4477; x_wconf 90' lang='lat' dir='ltr'><strong>nondum</strong></span> <span class='ocrx_word' id='word_1_273' title='bbox 1284 4420 1364 4479; x_wconf 90' lang='lat' dir='ltr'><strong>erat</strong></span> <span class='ocrx_word' id='word_1_274' title='bbox 1382 4406 1642 4511; x_wconf 85' lang='lat' dir='ltr'><strong>Templarius‚</strong></span> 
     </span>
     <span class='ocr_line' id='line_1_31' title="bbox 228 4531 1643 4645; baseline 0.002 -34"><span class='ocrx_word' id='word_1_275' title='bbox 228 4536 437 4642; x_wconf 89' lang='lat' dir='ltr'><strong>precipiens</strong></span> <span class='ocrx_word' id='word_1_276' title='bbox 463 4538 496 4614; x_wconf 91' lang='lat' dir='ltr'><strong>ei</strong></span> <span class='ocrx_word' id='word_1_277' title='bbox 525 4538 629 4645; x_wconf 90' lang='lat' dir='ltr'><strong>quod</strong></span> <span class='ocrx_word' id='word_1_278' title='bbox 650 4537 851 4643; x_wconf 85' lang='lat' dir='ltr'><strong>abnegaret</strong></span> <span class='ocrx_word' id='word_1_279' title='bbox 869 4539 1016 4624; x_wconf 84' lang='lat' dir='ltr'><strong>Deum;</strong></span> <span class='ocrx_word' id='word_1_280' title='bbox 1045 4550 1189 4609; x_wconf 88' lang='lat' dir='ltr'><strong>etcum</strong></span> <span class='ocrx_word' id='word_1_281' title='bbox 1212 4531 1291 4637; x_wconf 88' lang='lat' dir='ltr'><strong>ipse</strong></span> <span class='ocrx_word' id='word_1_282' title='bbox 1311 4534 1454 4613; x_wconf 89' lang='lat' dir='ltr'><strong>diceret</strong></span> <span class='ocrx_word' id='word_1_283' title='bbox 1473 4565 1512 4614; x_wconf 90' lang='lat' dir='ltr'><strong>se</strong></span> <span class='ocrx_word' id='word_1_284' title='bbox 1537 4536 1643 4614; x_wconf 93' lang='lat' dir='ltr'><strong>nullo</strong></span> 
     </span>
     <span class='ocr_line' id='line_1_32' title="bbox 228 4664 1641 4779; baseline 0.002 -37"><span class='ocrx_word' id='word_1_285' title='bbox 228 4666 344 4744; x_wconf 88' lang='lat' dir='ltr'><strong>modo</strong></span> <span class='ocrx_word' id='word_1_286' title='bbox 357 4666 747 4759; x_wconf 63' lang='lat' dir='ltr'><strong>bocfacturum3dixit</strong></span> <span class='ocrx_word' id='word_1_287' title='bbox 764 4667 834 4745; x_wconf 90' lang='lat' dir='ltr'><strong>sibi</strong></span> <span class='ocrx_word' id='word_1_288' title='bbox 852 4667 975 4743; x_wconf 91' lang='lat' dir='ltr'><strong>dictus</strong></span> <span class='ocrx_word' id='word_1_289' title='bbox 993 4677 1191 4770; x_wconf 88' lang='lat' dir='ltr'><strong>preceptor</strong></span> <span class='ocrx_word' id='word_1_290' title='bbox 1212 4664 1316 4766; x_wconf 89' lang='lat' dir='ltr'><strong>quod</strong></span> <span class='ocrx_word' id='word_1_291' title='bbox 1336 4667 1533 4771; x_wconf 89' lang='lat' dir='ltr'><strong>oportebat</strong></span> <span class='ocrx_word' id='word_1_292' title='bbox 1552 4696 1641 4779; x_wconf 87' lang='lat' dir='ltr'><strong>eurn</strong></span> 
     </span>
    </p>
   </div>
   <div class='ocr_carea' id='block_1_4' title="bbox 226 4784 1644 4996">
    <p class='ocr_par' dir='ltr' id='par_1_4' title="bbox 226 4784 1644 4996">
     <span class='ocr_line' id='line_1_33' title="bbox 226 4784 1644 4906; baseline 0 -32"><span class='ocrx_word' id='word_1_293' title='bbox 226 4796 426 4904; x_wconf 81' lang='lat' dir='ltr'><strong>sbnegare,</strong></span> <span class='ocrx_word' id='word_1_294' title='bbox 449 4798 617 4906; x_wconf 91' lang='lat' dir='ltr'><strong>alioquin</strong></span> <span class='ocrx_word' id='word_1_295' title='bbox 636 4813 793 4903; x_wconf 89' lang='lat' dir='ltr'><strong>poneret</strong></span> <span class='ocrx_word' id='word_1_296' title='bbox 810 4824 898 4874; x_wconf 91' lang='lat' dir='ltr'><strong>eum</strong></span> <span class='ocrx_word' id='word_1_297' title='bbox 920 4796 958 4872; x_wconf 91' lang='lat' dir='ltr'><strong>in</strong></span> <span class='ocrx_word' id='word_1_298' title='bbox 975 4792 1075 4871; x_wconf 87' lang='lat' dir='ltr'><strong>malo</strong></span> <span class='ocrx_word' id='word_1_299' title='bbox 1092 4791 1192 4877; x_wconf 89' lang='lat' dir='ltr'><strong>loco,</strong></span> <span class='ocrx_word' id='word_1_300' title='bbox 1211 4808 1248 4868; x_wconf 91' lang='lat' dir='ltr'><strong>et</strong></span> <span class='ocrx_word' id='word_1_301' title='bbox 1263 4810 1353 4871; x_wconf 93' lang='lat' dir='ltr'><strong>tunc</strong></span> <span class='ocrx_word' id='word_1_302' title='bbox 1368 4796 1448 4900; x_wconf 91' lang='lat' dir='ltr'><strong>ipse</strong></span> <span class='ocrx_word' id='word_1_303' title='bbox 1464 4798 1568 4874; x_wconf 91' lang='lat' dir='ltr'><strong>testis</strong></span> <span class='ocrx_word' id='word_1_304' title='bbox 1576 4784 1644 4874; x_wconf 68' lang='lat' dir='ltr'><strong>&#39;eb-</strong></span> 
     </span>
     <span class='ocr_line' id='line_1_34' title="bbox 1454 4937 1499 4996; baseline 0 -1"><span class='ocrx_word' id='word_1_305' title='bbox 1454 4937 1499 4996; x_wconf 80' lang='lat'><strong>13.</strong></span> 
     </span>
    </p>
   </div>
   <div class='ocr_carea' id='block_1_5' title="bbox 0 0 2120 5956">
    <p class='ocr_par' dir='ltr' id='par_1_5' title="bbox 0 0 2120 5956">
     <span class='ocr_line' id='line_1_35' title="bbox 0 0 2120 5956; baseline 0 3"><span class='ocrx_word' id='word_1_306' title='bbox 0 0 2120 5956; x_wconf 95' lang='lat' dir='ltr'><strong> </strong></span> 
     </span>
    </p>
   </div>
  </div>
 </body>
</html>
