4230 5956
663 453 859 546 paucas
891 472 987 545 nas
1017 471 1320 546 Temperans.
1627 475 1698 546 loa

276 618 366 725 regii
390 614 609 703 servientes,
633 641 729 721 quos
751 614 798 692 ad
817 612 1024 690 videndum
1045 640 1109 691 eos
1129 614 1169 689 in
1194 639 1380 690 carcerem
1405 609 1564 688 fecimus
1583 613 1699 691 intro·

276 747 379 835 duci,
402 745 513 824 nobis
532 748 609 823 vive
628 746 728 823 vocis
752 743 905 822 oraculo
925 743 1153 833 retulerunt,
1176 761 1215 821 et
1233 743 1365 822 fratres
1385 741 1503 819 eciam
1528 743 1594 848 qui
1613 743 1700 822 mit·

275 894 410 955 tuntur
418 876 666 985 jurejurando
682 877 897 965 firmarunt,
915 874 1021 981 quod
1040 873 1111 980 ipsi
1127 874 1207 952 sine
1220 873 1390 980 periculo
1410 870 1523 950 morti
1534 871 1607 949 sire
1622 900 1700 950 non

275 1024 449 1113 poterant
472 1032 542 1082 nec
567 1006 725 1112 portari3
746 1006 849 1086 unde
866 1032 982 1112 super
1005 1004 1078 1082 hoc
1105 1032 1175 1081 nos
1198 1004 1337 1081 habere
1361 1001 1569 1110 dignemini
1590 1029 1699 1080 excu-

275 1155 385 1213 satos.
414 1137 554 1214 Datum
574 1136 613 1211 in
644 1136 861 1213 testimonio
888 1135 999 1243 sigilli
1023 1136 1159 1224 nostri,
1184 1135 1244 1213 die
1271 1132 1467 1212 Dominica
1486 1149 1579 1238 post
1602 1149 1701 1210 octn-

276 1266 342 1343 bas
361 1266 516 1352 Pasche‚
532 1266 726 1357 Xantonis‚
747 1293 847 1343 anno
866 1264 1020 1344 Domini
1038 1264 1241 1342 millesimo
1261 1277 1341 1342 ccc⁰
1360 1261 1699 1340 x1⁰.Nominaver0

277 1395 427 1473 illorum
447 1394 513 1500 qui
535 1395 737 1472 mittuntur
756 1413 843 1472 sunt
858 1395 929 1472 hec
946 1428 955 1473 :
970 1393 1085 1472 frater
1099 1394 1327 1473 Guillelmus
1348 1394 1396 1470 de
1413 1393 1606 1483 Sorolme‚
1628 1391 1701 1470 sra-

275 1543 332 1602 ter
353 1527 461 1632 Hugo
480 1543 679 1630 preceptor
698 1525 837 1602 domus
857 1523 953 1601 deus
975 1526 1159 1631 Espanez,
1186 1525 1300 1603 frater
1320 1522 1549 1603 Guillelmus
1575 1523 1700 1602 lude

276 1657 369 1749 bon,
398 1656 511 1734 frater
538 1659 669 1734 Petrus
697 1659 746 1734 de
773 1658 932 1749 Nolhac,
953 1656 1068 1736 frater
1093 1661 1226 1736 Petrus
1254 1659 1301 1737 de
1328 1658 1565 1747 Molendino‚
1587 1655 1702 1733 frater

277 1787 401 1864 Helias
427 1787 571 1876 Gotati,
599 1786 713 1865 frater
736 1789 869 1865 Petrus
895 1788 931 1864 la
948 1790 1109 1868 Vernha.
1136 1790 1247 1880 Item,
1274 1788 1428 1866 nomina
1451 1786 1604 1864 illorum
1632 1787 1699 1892 qui

276 1916 415 1994 infirmi
450 1933 711 1993 remanserunt
735 1934 822 1993 sunt
851 1918 951 1994 hec:
978 1917 1090 1994 lrater
1118 1919 1227 2020 Hugo
1259 1933 1456 2021 preceptor
1488 1916 1625 1993 domus
1650 1915 1698 1996 de

278 2046 453 2150 Syomac,
477 2044 591 2121 lrater
613 2048 745 2123 Petrus
766 2045 938 2122 auriol.»

333 2309 519 2414 Postque
547 2307 762 2384 immediate
790 2336 917 2386 coram
945 2304 1027 2384 aliis
1053 2307 1217 2384 dominis
1242 2305 1506 2386 commissariis
1523 2306 1700 2413 predictis

279 2437 399 2515 dictus
418 2435 531 2513 frater
545 2430 774 2514 Guillelmus
790 2436 838 2512 de
855 2436 1070 2524 Soromina‚
1091 2436 1317 2513 mantellum
1330 2436 1474 2514 ordinis
1490 2454 1529 2515 et
1544 2437 1699 2516 barbam

277 2566 478 2657 defferens,
501 2581 584 2643 xm
603 2593 789 2642 annorum
810 2566 865 2644 vel
885 2567 998 2654 circa,
1020 2594 1107 2643 cum
1132 2594 1210 2672 quo
1230 2567 1453 2674 inquisitum
1476 2566 1613 2656 luerat,
1635 2569 1701 2646 ab·

278 2697 424 2774 solutus
443 2714 481 2773 et
500 2695 761 2774 reconciliatus
779 2720 849 2801 per
863 2696 1006 2774 dictum
1026 2697 1225 2773 dominum
1247 2697 1462 2802 episcopum
1482 2697 1700 2775 Xantonen·

278 2856 374 2919 sem,
396 2828 500 2904 lectis
521 2845 559 2903 et
578 2827 778 2933 diligenter
799 2828 975 2933 expositis
993 2827 1064 2904 sibi
1085 2827 1263 2904 omnibus
1284 2844 1323 2903 et
1341 2827 1499 2935 singulis
1516 2828 1697 2918 articulis,

278 2957 473 3062 respondit
487 2985 526 3034 se
542 2957 702 3046 nescire,
726 2984 795 3033 nec
814 2955 984 3047 credere,
1006 2982 1077 3032 nec
1096 2956 1281 3033 audivisse
1297 2955 1372 3033 dici
1393 2957 1440 3032 de
1456 2957 1642 3035 contentis
1660 2957 1699 3033 in

279 3089 332 3163 eis
358 3087 430 3163 nisi
455 3087 560 3193 quod
584 3087 766 3192 sequitur,
793 3086 883 3192 quia
910 3112 985 3162 non
1016 3085 1238 3163 interfuerat
1262 3085 1432 3191 capitulis
1452 3113 1604 3178 eorum,
1631 3115 1701 3165 nec

278 3218 370 3293 vidit
388 3216 554 3323 aliquem
579 3216 696 3293 alium
722 3215 835 3322 recipi
856 3216 897 3291 in
917 3216 1067 3304 ordine,
1090 3217 1179 3294 licet
1202 3216 1415 3295 interfuerit
1440 3219 1594 3324 quando
1621 3218 1699 3298 duo

279 3346 440 3437 Picardi‚
456 3373 620 3453 quorum
634 3345 788 3423 nomina
800 3363 838 3424 et
850 3346 1076 3453 cognomina
1095 3347 1259 3455 ignorat,
1282 3347 1560 3453 requisiverunt
1577 3348 1702 3427 Ande·

278 3478 376 3585 gavis
396 3505 435 3554 se
450 3475 564 3583 recipi
585 3478 624 3553 in
637 3478 788 3565 ordine,
806 3479 873 3555 sed
888 3478 1042 3555 recessit
1053 3496 1209 3585 propter
1222 3477 1343 3556 officia
1356 3508 1431 3585 que
1446 3480 1600 3585 gerebat
1615 3499 1700 3585 ante

166 3623 170 3630 '
280 3623 407 3683 votum
422 3608 600 3684 emissum
613 3636 682 3714 per
697 3635 761 3685 eos
778 3625 815 3684 et
829 3626 914 3686 ante
931 3607 1178 3687 tradicionem
1199 3608 1385 3701 mantelli‚
1402 3627 1440 3686 et
1459 3611 1578 3690 nescit
1596 3611 1701 3716 quod

279 3736 333 3813 ibi
355 3756 479 3815 actum
500 3737 582 3815 luit.
609 3739 711 3816 Dixit
733 3755 860 3816 autem
886 3768 925 3815 sc
951 3737 1063 3816 luisse
1089 3757 1283 3845 receptum
1308 3767 1377 3845 per
1404 3739 1555 3816 fratrem
1576 3739 1701 3818 Olive-

279 3867 379 3943 rium
413 3868 652 3945 Flamentum
690 3868 850 3946 militem
880 3870 1096 3975 quondam,
1127 3871 1168 3945 in
1199 3869 1363 3977 quadam
1393 3896 1538 3944 camera
1565 3867 1702 3945 domus

280 3998 428 4104 Templi
449 3998 497 4075 de
523 3998 653 4075 Castro
677 3999 858 4075 Bernardi
878 3999 1130 4076 Xantonensis
1144 3998 1319 4088 diocesis,
1344 3998 1384 4073 in
1404 3996 1545 4074 octabis
1563 3999 1700 4076 Pasche

280 4126 451 4230 proximo
470 4128 640 4233 preteriti
660 4128 815 4207 fuerunt
834 4147 919 4207 octo
942 4129 1030 4206 anni
1049 4129 1109 4206 vel
1129 4128 1243 4218 circa,
1264 4125 1501 4232 presentibus
1524 4126 1702 4208 fratribus

281 4256 548 4333 Bartholomeo
568 4259 719 4342 Morleti
742 4277 835 4336 tunc
864 4276 1083 4366 preceptore
1108 4258 1246 4335 domus
1267 4259 1314 4334 de
1333 4257 1511 4364 Dompno
1530 4261 1702 4369 Engolis·

279 4386 421 4462 mensis
446 4385 623 4479 diocesis,
651 4386 822 4465 Arnuldo
847 4389 895 4465 de
921 4387 1147 4493 Aldingena‚
1173 4386 1281 4495 cujus
1304 4416 1514 4497 cognomen
1534 4390 1699 4498 ignorat,

281 4544 376 4621 quos
394 4516 513 4594 credit
527 4516 660 4605 vivere,
681 4533 719 4593 et
734 4520 843 4627 Hugo
862 4519 910 4595 de
923 4520 1076 4608 Nareae,
1098 4534 1194 4614 teste
1212 4517 1328 4596 hodie
1344 4519 1484 4626 jurato,
1501 4519 1566 4627 qui
1582 4520 1703 4599 adluit

281 4644 466 4752 principio
491 4646 720 4751 recepcionis
743 4674 810 4724 sue
835 4648 902 4725 sed
926 4675 1003 4725 non
1023 4644 1111 4737 fini,
1133 4647 1199 4755 qui
1218 4649 1399 4727 recedens
1418 4651 1702 4729 recommenda-

281 4774 332 4851 vit
351 4776 474 4890 ipsum
488 4793 624 4854 testem
645 4777 746 4855 dicto
761 4779 962 4884 receptori,
985 4778 1114 4855 dicens
1131 4779 1236 4885 quod
1255 4778 1303 4856 de
1324 4807 1369 4858 eo
1390 4777 1527 4860 laceret
1541 4781 1638 4860 siout
1651 4781 1700 4873 de
