4230 5956
708 436 904 529 raucus
929 454 1024 526 uns
1050 455 1346 527 rnurmnus.
1664 460 1734 533 ssi

322 599 467 685 vaudis,
487 614 524 672 et
542 596 719 673 mantello
740 597 811 673 sibi
824 596 872 671 ad
887 594 1024 670 collum
1039 596 1177 698 posito,
1197 595 1317 670 dictus
1332 596 1514 698 recipiens
1529 599 1640 673 traxit
1652 629 1737 675 euni

322 731 369 806 ad
385 745 525 832 partem
541 728 645 832 juxta
662 726 793 815 altare,
817 743 854 801 et
873 724 960 801 lecit
973 752 1012 799 se
1030 723 1222 801 oscularia
1242 725 1341 800 dieto
1355 722 1464 799 fratre
1482 723 1519 797 in
1541 724 1736 815 umbilico,

322 876 359 935 et
374 875 458 963 post
479 856 642 934 ostendit
661 856 729 933 sibi
752 853 953 961 quamdam
973 883 1120 930 crucem
1141 883 1288 958 parvam
1304 853 1483 960 ligneam,
1506 882 1577 958 que
1596 854 1739 932 solebat

321 988 459 1093 portari
481 986 527 1061 ad
545 985 677 1063 lunera
696 986 835 1062 familie
857 985 1008 1072 domus,
1032 1002 1068 1059 et
1082 984 1248 1090 precepit
1261 985 1331 1060 sibi
1348 986 1452 1089 quod
1467 1003 1615 1088 spueret
1629 1014 1739 1090 supra

322 1144 488 1202 crucem3
509 1133 547 1190 et
567 1116 645 1219 ipse
667 1114 810 1219 lingens
823 1142 956 1217 spuere
977 1142 1086 1218 supra
1107 1142 1270 1205 crucem,
1291 1115 1390 1217 spuit
1410 1114 1457 1191 ad
1476 1131 1622 1191 terram.
1639 1115 1739 1191 Dixit

325 1248 440 1322 eciam
457 1274 524 1349 per
538 1246 794 1349 juramentum
810 1273 919 1320 suuni
935 1243 1038 1348 quod
1057 1242 1177 1319 dictus
1190 1243 1373 1348 recipiens
1394 1243 1484 1319 dixit
1503 1242 1590 1335 sibi,
1607 1261 1644 1320 et
1656 1272 1741 1349 pre-

323 1376 420 1479 cepit
439 1374 543 1480 qnod
559 1374 711 1451 omnino
725 1373 927 1451 abstineret
942 1402 962 1448 a
976 1372 1216 1461 mulieribus,
1230 1391 1267 1448 et
1279 1373 1382 1478 quod
1395 1372 1524 1449 fratres
1541 1372 1630 1449 dicti
1640 1375 1741 1451 ordi-

324 1507 381 1581 nis
401 1504 616 1581 admitteret
634 1505 682 1580 ad
697 1503 833 1579 lectum
846 1532 973 1591 suurn,
994 1520 1029 1578 et
1045 1503 1215 1579 similiter
1235 1504 1306 1579 iret
1324 1504 1372 1579 ad
1386 1504 1501 1580 lectos
1522 1504 1693 1593 fratrum,
1708 1507 1737 1581 si

323 1634 523 1739 indigeret;
546 1650 582 1709 et
601 1633 718 1709 credit
737 1635 975 1737 postmodum
991 1634 1095 1739 quod
1109 1650 1205 1710 esset
1225 1662 1266 1708 ea
1281 1634 1491 1710 intencione
1512 1633 1616 1737 quod
1636 1632 1741 1709 habi·

323 1781 439 1839 tarent
454 1761 649 1839 carnaliter
668 1791 765 1839 unus
777 1791 862 1839 cum
878 1763 963 1841 alio.
983 1765 1232 1868 Interrogatus
1250 1782 1376 1839 utrum
1396 1765 1447 1852 vi,
1468 1763 1526 1840 vel
1547 1781 1650 1839 metu
1665 1781 1740 1840 tor-

322 1911 536 1970 mentorum
557 1910 622 1969 aut
637 1894 808 1982 carceris,
828 1895 990 2000 aliquam
1009 1892 1204 1968 salsitatem
1224 1892 1357 1968 dixerit
1372 1909 1435 1969 aut
1446 1893 1689 1968 immiscuerit
1701 1893 1738 1968 in

322 2051 385 2098 sua
402 2021 657 2126 deposicione,
679 2039 742 2097 aut
761 2021 950 2097 veritatem
971 2022 1140 2108 tacuerit,
1164 2021 1254 2096 dixit
1271 2050 1338 2125 per
1351 2023 1608 2127 juramentum
1627 2049 1737 2098 suum

322 2152 425 2255 quod
445 2178 540 2239 nou,
562 2151 676 2227 immo
692 2178 820 2255 puram
843 2150 984 2227 dixerat
1002 2177 1071 2252 pro
1087 2150 1203 2225 salute
1219 2152 1340 2226 anime
1361 2179 1426 2226 sue
1446 2150 1652 2227 veritatem.

378 2411 468 2483 Item
489 2406 601 2482 frater
614 2408 800 2496 lohannes
820 2407 867 2483 de
888 2408 1045 2485 Mortuis
1064 2409 1238 2484 Fontauis
1262 2410 1453 2514 presbyter
1467 2409 1556 2485 dicti
1580 2409 1736 2499 ordinis,

325 2539 430 2614 etatis
451 2563 554 2613 xxxu
570 2564 754 2613 annorum
770 2536 826 2613 vel
848 2537 959 2626 circa,
983 2538 1118 2614 eodem
1133 2538 1248 2616 modo
1270 2538 1511 2629 constitutus,
1534 2540 1682 2646 juratus
1702 2558 1740 2617 et

324 2669 586 2773 interrogatus,
618 2667 710 2743 dixit
738 2696 805 2771 per
827 2667 1082 2773 jurameutum
1103 2697 1212 2744 suum
1237 2669 1341 2772 quod
1360 2685 1531 2772 receptus
1550 2667 1620 2744 suit
1639 2670 1739 2774 apud

324 2797 494 2874 Puisieus
510 2824 576 2900 per
594 2795 745 2875 fratrem
764 2798 961 2904 Ilugonem
975 2796 1023 2873 de
1043 2798 1227 2884 Paraudo,
1250 2797 1343 2872 circa
1364 2795 1500 2872 festum
1522 2797 1620 2873 beati
1641 2798 1739 2872 Mar-

324 2926 392 3002 tini
414 2926 627 3030 hyemensis
651 2953 770 3029 nuper
789 2926 1009 3031 preteritum
1037 2924 1190 3001 suerunt
1212 2943 1353 3028 septem
1376 2926 1475 3013 anni,
1504 2925 1739 3030 presentibus

324 3056 434 3132 lratre
456 3054 650 3132 Thierrico
671 3055 719 3132 de
740 3057 892 3161 Lannoy
913 3071 950 3130 et
972 3054 1198 3159 quibusdam
1223 3053 1303 3129 aliis
1323 3053 1499 3131 fratribus
1515 3054 1561 3129 de
1576 3082 1738 3159 quorum

324 3185 539 3260 nominibus
563 3212 638 3261 non
662 3184 804 3260 recolit.
836 3188 884 3261 Et
903 3184 995 3260 dixit
1018 3212 1085 3289 per
1105 3185 1361 3288 jurameutum
1383 3212 1494 3260 suum
1514 3185 1635 3289 qnod,
1655 3201 1740 3289 post

324 3316 457 3391 multas
470 3315 735 3419 promissiones
754 3315 801 3391 ab
818 3342 863 3391 eo
883 3313 995 3392 factas
1011 3315 1057 3390 de
1073 3313 1218 3390 statutis
1236 3331 1272 3389 et
1289 3315 1439 3391 secretis
1455 3313 1597 3389 ordinis
1613 3312 1740 3391 ohser-

323 3445 467 3532 vandis,
490 3444 610 3529 dictus
628 3445 811 3549 recipiens
831 3444 958 3548 posuit
976 3443 1046 3519 sibi
1066 3443 1286 3519 mantellum
1307 3443 1354 3518 ad
1369 3443 1529 3529 collum,
1556 3460 1592 3518 et
1610 3461 1739 3545 postea

324 3574 477 3678 quidam
496 3575 605 3651 miles
621 3574 667 3649 de
683 3574 781 3650 dicto
798 3573 931 3650 ordine
943 3572 1046 3649 duxit
1062 3600 1150 3649 eum
1164 3589 1265 3648 retro
1281 3571 1412 3658 altare,
1427 3587 1465 3646 et
1478 3571 1655 3673 aportavit
1669 3570 1739 3646 sibi

326 3733 442 3780 unum
463 3703 629 3787 missale,
652 3718 690 3778 et
710 3702 874 3777 ostendit
888 3701 959 3775 sibi
976 3701 1183 3804 ymaginem
1205 3699 1321 3775 Ibesu
1343 3699 1481 3774 Christi
1499 3696 1680 3784 crucifixi,
1702 3714 1741 3773 et

326 3858 473 3908 crucem
491 3831 674 3936 depictam
694 3831 732 3905 in
754 3829 854 3906 dieto
871 3827 1024 3917 missali,
1042 3843 1080 3903 et
1094 3828 1257 3932 precepit
1272 3827 1342 3904 sibi
1358 3826 1461 3932 quod
1478 3854 1566 3901 eum
1580 3825 1740 3931 abnega·

326 3978 398 4049 ret,
420 3978 458 4036 et
473 3960 564 4036 dixit
578 3960 682 4065 quod
699 3959 772 4036 hoc
787 3958 982 4064 oportebat
996 3957 1068 4035 sibi
1082 3958 1218 4047 sacere;
1231 3975 1269 4034 et
1282 3975 1373 4033 tunc
1387 3955 1465 4060 ipse
1481 3955 1544 4060 qui
1559 3954 1739 4060 loquitur,

327 4118 391 4166 ore
412 4107 449 4166 et
468 4117 544 4164 non
565 4090 693 4177 corde,
725 4087 919 4193 abnegavit
938 4102 995 4164 ter
1017 4086 1170 4165 lhesurn
1195 4086 1396 4165 Christum.
1417 4086 1665 4191 Interrogatus
1692 4085 1739 4160 de

348 4220 408 4296 liis
422 4217 603 4306 articulis,
626 4218 718 4294 dixit
736 4246 803 4323 per
815 4217 1070 4323 juramentum
1089 4246 1200 4292 suurn
1216 4216 1317 4320 quod
1330 4214 1445 4290 nichil
1458 4214 1539 4302 scit,
1562 4214 1627 4291 sed
1641 4213 1738 4292 bene

327 4348 444 4425 credit
463 4349 566 4454 quod
581 4374 710 4425 omnes
726 4347 790 4426 alii
803 4345 916 4423 simili
929 4345 1043 4422 modo
1059 4344 1292 4450 recipiantur,
1310 4344 1398 4449 quia
1414 4371 1487 4419 nou
1501 4343 1618 4419 credit
1632 4342 1736 4447 quod

327 4507 419 4555 nova
435 4478 494 4555 lex
513 4476 619 4554 lieret
631 4504 699 4582 pro
716 4504 773 4553 eo.

383 4610 475 4684 Item
496 4606 587 4683 dixit
607 4634 675 4711 per
691 4596 948 4713 juramentum
966 4632 1077 4682 suum
1098 4603 1201 4711 quod
1221 4604 1259 4679 in
1278 4604 1514 4711 deposicione
1538 4632 1603 4679 sua
1622 4602 1737 4679 nichil

328 4738 429 4816 aliud
446 4738 538 4815 dixit
551 4764 663 4843 quam
682 4736 874 4813 veritatem
895 4762 963 4840 pro
978 4733 1095 4813 salute
1114 4734 1236 4813 anime
1252 4762 1329 4811 sue.

994 4872 1013 4913 Υ
