4268 5946
739 472 934 568 rancus
959 494 1055 567 uss
1081 493 1384 567 rnurmans.
1729 495 1778 567 aa

349 637 509 745 sumptis
526 635 776 743 cingebantur
794 664 907 744 supra
921 633 1090 713 camisias
1104 662 1192 712 cum
1207 631 1348 743 quibus
1360 629 1548 741 jacebant.
1564 633 1779 741 lujunctum

347 770 473 851 fuitei
501 796 570 877 per
586 783 823 876 receptorem
843 766 950 874 quod
971 794 1050 844 non
1068 765 1251 844 revelaret
1269 781 1412 843 secreta
1432 762 1684 870 capitulorum
1711 793 1781 844 nec

349 902 509 1016 modum
529 899 764 1008 recepeionis
783 927 869 988 sue,
897 916 937 979 et
957 897 1079 977 credit
1097 898 1200 1007 quod
1219 896 1447 1006 perdidisset
1470 895 1694 975 mantellum
1714 900 1781 1006 qui

347 1034 558 1123 revelasset.
594 1030 885 1116 Confitabantur
915 1031 1057 1140 quibus
1081 1029 1269 1109 volebant
1303 1028 1526 1138 Superiores
1555 1028 1719 1119 ordinis,
1750 1031 1780 1109 si

349 1166 519 1244 sciebant
544 1193 707 1256 errores,
730 1165 887 1243 sueramt
906 1164 1142 1274 negligentes
1159 1165 1343 1272 quianon
1365 1178 1608 1241 correxerunt
1628 1188 1693 1240 eos
1711 1189 1782 1240 nec

349 1297 676 1375 denunciaverunt
695 1295 873 1374 Ecclesie.
889 1295 1148 1374 Eleemosiuas
1161 1312 1201 1373 et
1214 1292 1509 1402 hospitalitatem
1528 1293 1623 1370 vidit
1646 1320 1781 1371 conve·
1848 1396 1851 1403 Ι

349 1430 499 1507 nienter
524 1429 608 1507 fieri
629 1446 667 1506 et
691 1428 827 1507 servari
850 1428 889 1505 in
915 1425 1095 1506 domibus
1118 1426 1265 1507 ordinis
1285 1427 1330 1504 in
1351 1424 1493 1537 quibus
1516 1424 1657 1503 exstitit
1680 1450 1782 1503 com·

348 1577 530 1638 moratus.
550 1562 597 1637 Et
616 1585 751 1637 omnes
770 1559 999 1637 curialitates
1015 1575 1055 1636 et
1068 1557 1235 1637 bonores
1250 1574 1356 1635 erant
1370 1557 1425 1635 eis
1444 1556 1628 1648 concessi,
1650 1572 1689 1633 et
1700 1572 1784 1633 tur·

347 1690 543 1798 pitudines
570 1688 749 1779 inhibito,
776 1709 816 1769 et
834 1687 1115 1798 precipiebatur
1135 1689 1190 1767 eis
1206 1690 1312 1797 quod
1331 1689 1455 1783 bonos
1477 1715 1569 1765 usus
1593 1703 1783 1765 servarent

350 1839 388 1900 et
406 1823 526 1901 malos
551 1850 751 1931 proposse
782 1851 853 1901 suo
879 1819 1140 1929 reprobarent.
1166 1821 1283 1916 Quod
1309 1848 1468 1929 maguus
1493 1818 1671 1926 Magister
1693 1845 1781 1895 cum

349 1970 535 2031 conventu
565 1981 636 2031 suo
665 1953 877 2030 ordinasset
906 1970 1087 2030 servasset
1113 1968 1218 2029 totus
1243 1951 1355 2040 ordo,
1385 1967 1514 2028 contra
1539 1976 1654 2055 quem
1680 1975 1781 2026 nunc

348 2083 503 2189 grandia
526 2081 715 2173 scandala,
742 2082 905 2188 suspicio
932 2099 971 2158 et
995 2080 1148 2157 infamia
1172 2096 1261 2156 sunt
1279 2096 1423 2167 exorta,
1450 2096 1488 2157 et
1513 2064 1643 2156 contra
1665 2106 1780 2186 quem

350 2211 494 2289 audivit
514 2211 586 2289 dici
609 2238 788 2318 magnum
806 2211 1026 2318 Magistrum
1043 2228 1083 2288 et
1098 2210 1191 2286 alios
1210 2208 1335 2315 aliqua
1349 2208 1463 2286 fuisse
1480 2208 1682 2288 confessos.

404 2341 620 2449 Requisitus
649 2341 679 2415 si
710 2341 767 2449 sic
795 2339 1022 2446 deposuerat
1050 2364 1180 2444 preca,
1211 2354 1409 2445 precepto,
1443 2338 1598 2429 timore,
1631 2368 1778 2428 amore,

349 2471 454 2560 odio,
468 2469 528 2548 vel
540 2468 739 2579 temporali
755 2468 919 2547 comodo
931 2466 1065 2546 habito
1077 2468 1136 2546 vel
1146 2468 1344 2557 habendo,
1358 2470 1554 2578 respondit
1565 2472 1670 2579 quod
1683 2500 1778 2566 non,

348 2601 415 2679 sed
428 2628 499 2708 pro
511 2601 665 2678 veritate
683 2599 861 2692 dicenda3
878 2598 938 2678 cui
952 2596 1026 2677 tuit
1037 2599 1254 2708 injunctum
1271 2583 1377 2706 quod
1394 2629 1472 2678 non
1487 2601 1669 2681 revelaret
1684 2603 1780 2683 hanc

348 2762 453 2813 suam
468 2732 750 2841 deposicionem
763 2758 964 2840 quousque
980 2733 1243 2811 attestaciones
1256 2732 1398 2811 suerint
1412 2732 1621 2841 publicate3
1637 2734 1781 2814 deffen-

349 2844 445 2943 sioni
466 2863 611 2944 ordinis
630 2892 670 2942 se
690 2890 769 2943 nou
787 2862 988 2942 obtulerat.

404 3131 535 3208 Frater
550 3127 712 3207 lacobus
731 3126 780 3204 de
799 3126 897 3208 Villa
910 3126 1048 3204 Parisia
1066 3127 1231 3204 serviens
1248 3126 1465 3205 Parisiensis
1480 3127 1655 3223 diocesis,
1671 3133 1779 3211 testis

348 3287 461 3369 supra
474 3261 642 3370 juratus,
664 3287 743 3337 non
759 3257 946 3338 defferens
966 3257 1191 3337 mantellum
1210 3259 1371 3350 ordinis,
1392 3257 1482 3366 quia
1506 3259 1631 3369 ipsum
1645 3262 1779 3342 volun·

346 3392 439 3470 taric
464 3392 659 3470 dimiserat
678 3408 861 3470 vetustate
882 3407 1169 3498 consumptum,
1194 3407 1234 3469 et
1250 3390 1332 3469 radi
1353 3389 1492 3470 lecerat
1511 3392 1583 3470 sibi
1601 3393 1776 3488 barbam,
1848 3426 1851 3431 ·

348 3510 481 3604 xxxviu
504 3550 691 3601 annorum
709 3521 767 3599 vel
787 3521 899 3615 circa,
921 3522 989 3629 qui
1010 3521 1222 3600 Aurelianis
1241 3520 1438 3601 absolutus
1461 3540 1500 3602 et
1517 3525 1779 3605 reconciliatus

347 3653 469 3734 luerat
496 3682 565 3762 per
592 3654 793 3732 dominum
817 3654 1036 3761 episcopum
1060 3652 1370 3734 Aurelianensem
1394 3655 1575 3763 inquisito
1599 3687 1687 3735 cum
1712 3685 1776 3746 eo,

347 3784 454 3901 lectis
478 3803 515 3864 et
537 3786 738 3895 diligenter
758 3786 935 3893 expositis
954 3786 1027 3865 sibi
1048 3787 1227 3867 omnibus
1252 3805 1291 3866 et
1314 3788 1471 3897 singulis
1491 3789 1675 3903 articulis,
1700 3816 1778 3866 res·

346 3916 483 4023 pondit
501 3945 541 3995 se
561 3945 758 4026 nunquam
773 3918 986 3997 interluisse
1004 3920 1218 4037 recepcioni
1238 3919 1397 4029 alicujus
1417 3919 1570 3998 alterius
1590 3946 1660 3995 nec
1680 3918 1779 4028 capi·
1846 3990 1849 3995 .

346 4048 436 4127 tulis
457 4076 609 4140 eorum,
637 4077 708 4127 uec
731 4066 886 4128 steterat
905 4050 945 4126 in
966 4048 1103 4128 ordine
1120 4051 1192 4129 nisi
1212 4079 1280 4157 per
1300 4050 1502 4128 dimidium
1525 4076 1685 4140 annum,
1709 4077 1778 4129 seu

346 4179 452 4281 quasi
474 4197 560 4257 ante
580 4181 799 4286 capcionem
819 4206 969 4270 eorum,
993 4180 1098 4256 unde
1118 4179 1310 4257 nesciebat
1331 4178 1380 4256 dc
1401 4181 1588 4259 contentis
1606 4181 1646 4259 in
1668 4181 1778 4261 dictis

346 4306 528 4399 articulis,
550 4337 620 4385 nec
644 4309 828 4392 credebat
844 4338 915 4386 uec
938 4308 1132 4386 audiverat
1147 4309 1221 4384 dici
1248 4310 1320 4387 nisi
1338 4311 1443 4418 quod
1466 4313 1647 4419 sequitur.
1675 4313 1778 4393 Dixit

347 4437 449 4517 enirn
465 4467 505 4518 se
520 4440 635 4519 luisse
654 4456 850 4546 receptum
872 4440 912 4517 in
932 4439 1075 4547 capella
1093 4441 1231 4520 domus
1246 4441 1396 4551 Templi
1415 4444 1463 4523 de
1482 4443 1625 4551 Campo
1642 4445 1777 4525 Bubali

346 4569 577 4650 Senonensis
605 4569 781 4661 diocesis,
810 4600 879 4679 par
906 4570 1059 4649 fratrem
1085 4571 1298 4652 lohannem
1321 4573 1369 4651 de
1394 4577 1491 4652 Tara
1516 4592 1777 4685 preceptorem

346 4702 446 4782 dicte
465 4702 621 4793 domus,
639 4718 778 4782 testem
797 4733 909 4814 supra
924 4703 1197 4796 examinatum,
1218 4705 1260 4782 in
1275 4706 1590 4816 Quadragessima
1607 4709 1776 4816 proxima

346 4852 431 4914 ante
461 4836 679 4942 capcionem
707 4864 860 4927 eorum,
888 4836 1128 4944 presentibus
1153 4836 1333 4918 fratribus
1359 4840 1517 4919 Daniele
1543 4841 1591 4919 de
1614 4841 1776 4920 Parisius
