4230 5956
467 434 540 505 seo
850 411 1047 504 rnocrs
1073 428 1169 500 ors
1195 426 1492 499 remetiens.

465 598 553 646 eum
572 570 612 645 in
633 568 707 645 sme
722 569 826 674 spine
847 569 947 647 dorsi
963 587 1002 647 et
1018 569 1058 645 in
1079 565 1260 644 umbilico
1281 581 1319 641 et
1334 567 1372 642 in
1387 593 1464 642 ore.
1486 565 1586 643 Dixit
1606 568 1723 666 eciam
1741 597 1810 673 per
1824 573 1881 678 ju·

463 718 672 777 ramentum
685 729 795 776 suum
813 700 917 806 quod
929 701 1140 806 injunctum
1158 695 1313 774 suitsibi
1328 696 1478 801 quodsi
1494 696 1593 774 calor
1605 698 1783 777 naturalis
1797 730 1880 779 mo-

461 848 563 909 veret
579 860 684 919 eum,
699 832 802 936 quod
820 830 1077 907 commisceret
1096 856 1135 904 se
1155 856 1242 903 cum
1262 825 1437 905 fratribus
1449 828 1541 916 suis,
1559 846 1596 904 et
1608 829 1679 905 hoc
1690 847 1879 935 pateretur

462 958 704 1039 defratribus
723 962 810 1037 suis.
832 960 1046 1065 Requisitus
1065 975 1193 1034 utrum
1211 957 1258 1045 vi,
1277 957 1336 1032 vel
1353 973 1456 1033 metu
1471 958 1627 1035 carceris
1642 958 1698 1034 vel
1713 976 1878 1038 tormen-

462 1108 602 1181 torum,
619 1090 782 1196 aliquam
797 1090 929 1167 dixerit
943 1087 1139 1165 falsitatem
1153 1086 1211 1163 vel
1225 1086 1470 1164 immiscuerit
1484 1087 1522 1162 in
1536 1086 1774 1194 deposicione
1793 1120 1875 1177 sua,

462 1220 552 1297 dixit
565 1250 631 1326 per
642 1221 897 1326 juramentum
914 1247 1023 1295 suum
1036 1217 1139 1322 quod
1154 1245 1249 1306 non,
1267 1216 1383 1292 immo
1399 1216 1491 1293 dixit
1505 1216 1708 1294 veritatem.

515 1484 607 1558 Item
642 1481 754 1557 frater
789 1480 1009 1585 Rndulphus
1037 1480 1180 1573 Quarre
1208 1477 1352 1554 ordinis
1379 1479 1552 1584 predicti,
1585 1480 1691 1556 etatis
1725 1481 1874 1586 triginta

458 1613 624 1717 quinque
650 1639 833 1688 annorum
853 1609 910 1686 vel
934 1610 1044 1698 circa,
1061 1608 1207 1714 juratus
1228 1608 1363 1684 eodem
1382 1609 1513 1700 mode,
1541 1626 1580 1685 et
1599 1611 1800 1716 requisitus
1827 1613 1874 1688 de

456 1758 623 1849 tempore
635 1759 671 1817 et
687 1742 799 1818 modo
812 1739 1039 1846 recepcionis
1048 1766 1132 1829 sue,
1146 1738 1238 1815 dixit
1247 1766 1314 1843 per
1315 1738 1570 1846 juramentum
1581 1768 1692 1817 suum
1699 1742 1803 1846 quod
1814 1772 1874 1818 re-

457 1889 583 1978 ceptus
590 1871 663 1948 suit
675 1871 850 1959 Parisios,
866 1899 934 1977 per
947 1870 1098 1947 fratrem
1112 1869 1320 1946 Johanncm
1336 1868 1607 1947 thesaurarium
1627 1871 1869 1949 Parisiensem

455 2003 519 2107 qui
532 2019 703 2090 nuncest,
711 2020 870 2108 quatuor
878 2002 964 2078 anni
973 2017 1059 2077 sunt
1068 1999 1378 2106 elapsi.Dixitper
1385 2001 1640 2106 juramentum
1651 2031 1761 2078 suum
1769 2004 1871 2109 quod

454 2132 654 2236 recipiens,
675 2151 759 2238 post
776 2131 913 2209 multas
931 2130 1196 2238 promissiones
1218 2129 1267 2208 de
1288 2129 1526 2208 observandis
1546 2133 1690 2208 statutis
1713 2133 1869 2217 ordinis,

454 2263 577 2366 posuit
598 2262 668 2338 sibi
693 2261 913 2338 montellum
934 2261 982 2337 od
1004 2259 1165 2350 collum,
1189 2277 1226 2337 et
1249 2277 1381 2366 postea
1397 2261 1563 2338 ostendit
1582 2261 1651 2339 sibi
1672 2263 1870 2368 quamdam

454 2417 603 2466 crucem
613 2391 651 2466 in
665 2419 739 2497 qua
754 2407 832 2467 erat
840 2418 971 2497 ymago
981 2392 1001 2468 J
1004 2391 1097 2467 hesu
1107 2389 1261 2479 Christi,
1276 2406 1315 2465 et
1329 2390 1495 2495 precepit
1509 2391 1542 2467 ei
1556 2392 1660 2497 quod
1671 2392 1871 2499 abnegaret

453 2518 680 2627 illumcujus
699 2549 832 2629 ymago
845 2538 922 2597 erat
938 2521 1011 2609 ibi,
1034 2539 1071 2596 et
1090 2518 1192 2626 quod
1210 2536 1362 2624 spueret
1377 2538 1435 2596 ter
1453 2548 1564 2624 supra
1580 2551 1744 2608 crucem,
1766 2524 1870 2628 quod

452 2659 550 2738 fecit.
565 2661 830 2768 Reqnisitusde
839 2660 985 2751 osculo,
1006 2660 1172 2765 dixitper
1181 2659 1439 2766 juramentum
1448 2688 1560 2737 suum
1570 2662 1674 2766 quod
1686 2662 1869 2740 osculatus

450 2789 521 2868 lixit
539 2792 781 2899 recipientem
799 2809 866 2879 ter,
888 2791 1009 2897 primo
1025 2791 1065 2866 in
1084 2789 1158 2866 fine
1172 2790 1276 2896 spine
1298 2788 1416 2878 dorsi,
1433 2792 1598 2868 secundo
1615 2792 1655 2866 in
1664 2786 1866 2882 umbilico,

451 2939 489 2998 et
505 2923 621 2999 tercio
642 2924 774 2999 inore.
795 2922 895 2999 Dixit
922 2922 1039 2998 eciam
1058 2949 1126 3026 per
1136 2920 1392 3025 juramentum
1410 2948 1520 2997 suum
1533 2921 1638 3027 quod
1657 2921 1868 3025 injunctum

449 3050 522 3127 fuit
545 3051 615 3127 sibi
635 3051 739 3156 qnod
759 3051 789 3127 si
808 3051 906 3127 calor
924 3049 1100 3127 naturalis
1124 3068 1291 3127 moveret
1307 3076 1411 3138 eum,
1434 3050 1538 3156 quod
1557 3050 1814 3126 commisceret
1827 3082 1866 3128 se

450 3207 534 3255 cum
548 3178 724 3257 fratribus
733 3180 825 3267 suis,
839 3197 876 3255 et
885 3178 956 3255 hoc
970 3195 1159 3284 pateretur
1174 3179 1221 3255 de
1234 3178 1409 3255 iratribus
1419 3181 1507 3257 suis.
1518 3180 1729 3285 Requisitus
1739 3197 1865 3257 utrum

449 3310 499 3396 vi,
521 3306 577 3385 vel
597 3327 699 3386 metu
720 3310 874 3388 carceris
889 3309 947 3386 vel
962 3327 1250 3396 tormentorum,
1270 3309 1432 3414 aliquam
1448 3308 1582 3385 dixerit
1596 3307 1794 3387 falsitatem
1809 3314 1865 3387 vel

447 3440 689 3518 immiscuerit
708 3441 746 3516 in
768 3440 1004 3546 deposicione
1030 3470 1111 3529 sua,
1133 3441 1225 3517 dixit
1246 3467 1312 3545 per
1334 3440 1591 3545 juramentum
1620 3469 1732 3518 suum
1763 3445 1864 3545 quod

448 3597 542 3658 non,
558 3571 672 3647 immo
690 3571 779 3647 dixit
798 3572 999 3649 veritatem.

501 3836 594 3910 Item
612 3835 709 3910 dicta
728 3835 806 3921 die,
834 3834 973 3910 scilicet
988 3835 1141 3913 Veneris
1157 3850 1241 3911 ante
1256 3833 1392 3909 festum
1414 3833 1589 3938 Symonis
1608 3850 1646 3907 et
1663 3831 1773 3919 Jude,
1792 3831 1861 3908 fra-

446 3978 502 4037 ter
526 3965 711 4041 Parisetus
741 3964 787 4039 de
810 3966 927 4041 Bures
952 3963 1199 4071 Lingonensis
1218 3962 1390 4050 diocesis,
1415 3962 1526 4039 frater
1549 3962 1741 4070 bergerius
1762 3963 1862 4067 apud

446 4092 697 4196 Letigniacum
714 4094 878 4182 Siccum,
900 4095 1005 4171 etatis
1025 4092 1266 4200 quadraginta
1287 4094 1454 4197 quinque
1475 4092 1729 4169 annorumve!
1748 4094 1858 4177 eirca,

438 4223 584 4326 juratus
592 4225 724 4300 eodem
735 4226 861 4313 modo,
872 4243 909 4302 ct
918 4224 1117 4331 requisitus
1125 4225 1172 4301 de
1181 4240 1350 4328 tempore
1360 4241 1397 4300 et
1408 4222 1523 4302 modo
1533 4252 1608 4300 suae
1620 4224 1858 4329 recepcionis,

444 4353 535 4429 dixit
553 4381 621 4459 per
631 4354 883 4461 juramentum
903 4385 1012 4433 suum
1035 4355 1138 4461 quod
1164 4352 1237 4431 fuit
1255 4372 1427 4458 receptus
1446 4355 1485 4429 in
1511 4353 1624 4430 domo
1647 4352 1740 4430 Boni
1770 4351 1858 4428 Loci

442 4484 636 4563 Trecensis
654 4485 827 4574 diocesis,
847 4514 914 4591 per
924 4484 1075 4561 fratrem
1086 4485 1305 4562 Ymbertum
1323 4482 1479 4559 militem
1496 4483 1584 4559 dicti
1600 4483 1759 4572 ordinis,
1773 4501 1861 4558 tres-

443 4612 563 4689 decim
578 4615 665 4691 anni
681 4632 769 4692 sunt
781 4615 907 4719 elapsi.
921 4613 1022 4691 Dixit
1037 4614 1153 4691 eciam
1167 4643 1235 4720 per
1242 4615 1499 4721 juramentum
1515 4641 1625 4688 suum
1639 4613 1759 4717 quod,
1777 4629 1859 4717 post

442 4740 574 4817 multas
597 4745 864 4848 promissiones
888 4743 934 4821 de
960 4743 1107 4822 statutis
1127 4763 1163 4821 et
1185 4743 1430 4822 observanciis
1458 4741 1544 4817 dicti
1566 4741 1707 4818 ordinis
1726 4740 1854 4825 factas,
