4230 5956
721 480 918 572 333333
933 499 1039 572 333
1063 498 1363 573 3333333333.
1675 502 1750 575 333

336 642 417 747 ipso
437 666 552 745 quem
571 638 849 744 representabat
865 639 942 745 ipsa
962 667 1060 716 crux.
1082 637 1155 733 Qui
1174 638 1369 744 respondit
1385 637 1488 744 quod
1509 665 1658 715 crucem
1675 640 1754 720 Do-

335 769 427 846 mini
448 767 564 845 nostri
579 768 695 845 Jbesu
713 767 867 859 Christi,
885 785 924 845 et
942 768 1055 874 peciit
1074 767 1194 844 dictus
1212 768 1463 845 thesaurarius
1477 767 1507 844 si
1524 767 1698 845 credebat
1716 770 1754 846 13

273 974 276 979 .
336 929 424 976 eum
436 929 446 973 t
458 899 525 1006 qui
544 899 738 1005 respondit
755 898 860 1004 quod
874 899 943 991 sic;
965 916 1002 976 33
1021 915 1113 976 3333
1128 899 1219 976 dixit
1239 899 1310 977 sibi
1329 899 1432 1005 quod
1451 897 1548 975 male
1565 898 1753 992 credebat,

335 1058 406 1107 nec
420 1028 548 1107 salvari
573 1044 719 1135 poterat
736 1029 777 1104 in
795 1027 864 1104 bac
883 1028 976 1118 fide,
1000 1030 1065 1135 qui
1086 1028 1158 1106 suit
1182 1028 1294 1108 131333
1313 1029 1512 1136 propbeta,
1534 1044 1680 1106 ettunc
1698 1030 1756 1119 13·

330 1160 457 1267 junxit
468 1138 556 1248 sibi,
570 1159 703 1235 virtute
716 1158 953 1248 obediencie,
969 1161 1072 1266 quod
1084 1160 1124 1236 13
1137 1160 1315 1265 despectu
1326 1160 1443 1265 ipsius
1455 1158 1591 1237 Christi
1606 1177 1758 1265 spueret

335 1307 394 1366 ter
418 1315 528 1393 supra
547 1316 710 1376 crucem,
737 1289 863 1365 331333
885 1289 1007 1395 primo
1028 1289 1151 1366 renuit
1173 1288 1303 1366 133333.
1326 1289 1456 1367 Dictus
1482 1287 1596 1365 frater
1616 1289 1756 1367 Radul·

336 1419 435 1524 phus
447 1417 495 1494 de
508 1415 649 1495 Grandi
661 1415 788 1495 Villari
803 1433 957 1522 propter
970 1417 1042 1495 boc
1061 1418 1202 1524 accepit
1221 1446 1307 1495 eum
1321 1418 1503 1494 violenter
1520 1444 1589 1524 per
1606 1435 1752 1524 pectus,

337 1545 495 1623 dicendo
523 1545 596 1623 sibi
619 1547 724 1653 quod
755 1546 951 1653 oportebat
973 1547 1077 1653 quod
1105 1549 1178 1626 hcc
1208 1547 1361 1638 1333333,
1389 1546 1556 1653 alioquin
1579 1565 1753 1654 tanquam

334 1675 556 1753 inobediens
577 1677 616 1752 13
639 1694 820 1782 perpetuo
835 1704 978 1753 3333333
998 1695 1213 1783 poneretur.
1233 1679 1340 1754 Tunc
1354 1678 1433 1784 ipse
1451 1693 1598 1754 coactus
1614 1693 1651 1753 et
1668 1704 1754 1783 per·

333 1806 501 1894 territus,
526 1803 634 1881 finxit
656 1833 789 1911 spuere
812 1823 871 1882 ter
894 1835 1003 1912 supra
1029 1836 1191 1895 crucem,
1214 1824 1252 1883 et
1268 1807 1367 1912 spuit
1385 1808 1424 1883 in
1442 1824 1590 1883 terram.
1608 1805 1754 1884 Deinde

199 2000 205 2009 .
335 1936 519 2012 osculatus
537 1935 609 2011 fuit
629 1934 770 2011 dictum
789 1936 1030 2041 recipientem
1045 1937 1169 2041 primo
1189 1936 1227 2011 13
1243 1963 1324 2024 333,
1346 1935 1482 2013 deinde
1502 1936 1540 2011 13
1554 1935 1753 2024 umbilico,

336 2081 373 2139 et
391 2063 594 2168 requisitus
613 2062 659 2138 ab
681 2091 726 2140 eo
746 2064 849 2168 quod
868 2063 1095 2141 oscularetur
1112 2064 1229 2141 tercio
1250 2092 1336 2140 eum
1356 2065 1396 2140 in
1416 2063 1491 2141 fine
1510 2064 1615 2170 spine
1635 2064 1753 2154 dorsi,

335 2191 488 2269 omnino
512 2190 585 2267 1333
608 2190 941 2283 facererecusavit.
966 2193 1180 2299 Requisitus
1205 2193 1252 2269 de
1277 2194 1411 2299 capite,
1437 2192 1633 2299 respondit
1650 2195 1755 2301 quod

335 2322 448 2399 nichil
465 2323 543 2399 scit.
559 2322 705 2399 Deinde
723 2321 814 2397 dixit
829 2325 931 2427 quod
948 2351 989 2400 33
1004 2351 1077 2429 que
1095 2322 1268 2428 deposuit
1281 2342 1369 2400 sunt
1382 2352 1466 2401 vera
1484 2340 1521 2401 et
1537 2323 1615 2400 sine
1634 2322 1755 2431 aliqua

335 2452 508 2541 falsitate,
520 2479 589 2528 nec
598 2480 641 2528 ea
650 2451 823 2557 deposuit
837 2480 907 2529 nec
921 2452 972 2541 vi,
982 2480 1051 2529 nec
1061 2470 1165 2530 metu
1183 2480 1296 2557 pene,
1313 2453 1466 2530 3333113
1483 2454 1531 2537 (13
1546 2482 1671 2543 causa,
1687 2454 1755 2531 sed

334 2583 383 2659 ad
407 2580 675 2687 expediendam
695 2580 961 2657 conscienciam
980 2609 1101 2669 suam,
1124 2582 1359 2684 presentibus
1380 2582 1562 2688 religiosis
1581 2584 1669 2661 viris
1683 2582 1755 2661 133-

334 2711 453 2788 tribus
470 2710 651 2816 Gregorio
667 2711 714 2787 de
739 2712 855 2798 Luca,
879 2711 1046 2789 Jobanne
1067 2711 1114 2787 de
1134 2711 1297 2788 Marchia
1316 2710 1519 2788 Aconitana
1542 2711 1754 2791 bachelario

335 2842 372 2917 in
392 2840 595 2946 theologia,
627 2839 768 2917 ordinis
788 2840 910 2916 Sancti
928 2839 1142 2946 Augustini,
1164 2856 1201 2916 et
1221 2839 1332 2916 133333
1350 2840 1533 2917 Richardo
1556 2841 1605 2919 de
1623 2839 1753 2948 Anglia

336 2969 505 3077 ejusdem
522 2968 682 3059 ordinis,
699 2987 737 3047 et
747 2968 1018 3047 venerabilibus
1035 2984 1072 3046 et
1085 2969 1252 3045 discretis
1266 2968 1353 3045 viris
1367 2968 1754 3078 magistrochinaldo

337 3099 383 3175 de
394 3098 610 3206 Albigniaco
625 3115 841 3176 succentore
851 3099 1087 3187 Bituricensi,
1105 3116 1142 3176 et
1159 3099 1313 3176 domino
1323 3098 1527 3206 Reginaldo
1544 3099 1592 3176 de
1608 3102 1752 3206 Royaco

336 3228 478 3306 domini
495 3230 611 3308 nostri
628 3229 726 3336 regis
744 3227 990 3319 thesaurario,
1009 3228 1166 3307 testibus
1179 3228 1226 3305 ad
1245 3229 1318 3306 hoc
1336 3229 1471 3306 vocatis
1494 3229 1703 3334 specialiter
1715 3246 1754 3308 et

335 3376 483 3466 rogatis.

389 3622 483 3698 Item
504 3620 617 3700 frater
636 3622 765 3700 Petrus
785 3623 832 3700 de
852 3622 973 3701 Blesis
993 3622 1188 3731 presbyter
1211 3622 1299 3700 dicti
1330 3621 1487 3711 ordinis,
1515 3622 1620 3697 etatis
1643 3620 1753 3726 quin-

335 3752 511 3858 quaginta
536 3752 705 3859 quinque
732 3780 914 3829 annorum
937 3751 996 3829 vel
1020 3753 1177 3841 circiter,
1204 3769 1245 3828 ut
1265 3751 1371 3839 dicit,
1403 3751 1536 3830 eodem
1561 3749 1675 3827 modo
1691 3749 1753 3856 ju·

334 3896 435 3959 ratus
450 3898 488 3958 et
505 3881 722 3987 requisitus,
740 3899 784 3958 ut
799 3881 903 3973 dicit,
922 3882 1056 3959 eodem
1077 3881 1192 3960 modo
1202 3881 1349 3988 juratus
1366 3900 1403 3958 et
1416 3880 1619 3986 requisitus
1634 3895 1678 3956 ut
1691 3906 1752 3955 su-

334 4036 417 4113 pra,
440 4010 529 4087 dicit
547 4010 652 4116 quod
665 4008 738 4087 fuit
755 4028 926 4116 receptus
946 4027 1030 4087 octo
1048 4011 1136 4086 3331
1156 4027 1245 4087 3333
1260 4009 1371 4116 elapsi
1387 4008 1485 4115 apud
1496 4007 1751 4115 savigniacum

334 4138 499 4242 Templi,
509 4165 577 4243 per
590 4137 730 4214 dictum
742 4137 1012 4216 thesaurarium
1019 4139 1167 4244 Templi
1178 4139 1385 4244 quondam,
1400 4137 1634 4244 presentibus
1640 4135 1750 4216 133333

334 4264 530 4371 Radulpho
552 4267 870 4359 deHordivillari,
890 4286 929 4345 et
951 4268 1031 4345 aliis
1050 4266 1225 4344 iratribus
1249 4267 1339 4345 (11331
1361 4267 1501 4345 ordinis
1521 4269 1570 4346 de
1587 4295 1751 4373 quorum

333 4395 548 4473 nominibus
566 4398 614 4473 ad
633 4424 788 4502 presens
802 4426 879 4475 non
896 4396 1036 4475 recolit.
1053 4399 1100 4474 Et
1114 4413 1199 4502 post
1213 4396 1349 4477 multas
1364 4396 1610 4504 obligationes
1623 4413 1660 4473 et
1671 4424 1753 4503 pro·

334 4525 528 4603 missiones
548 4525 595 4604 de
616 4525 862 4605 observanciis
876 4527 965 4604 dicti
987 4526 1145 4615 ordinis,
1166 4543 1315 4632 recepto
1331 4525 1508 4604 mantello
1521 4555 1542 4604 a
1555 4525 1654 4603 dicto
1666 4524 1750 4604 3133-

332 4655 513 4744 saurario,
531 4655 662 4733 duetus
676 4655 746 4733 1313
764 4684 833 4760 per
846 4656 1045 4764 quemdam
1061 4655 1211 4734 fratrem
1230 4655 1276 4733 de
1296 4657 1403 4765 cujus
1420 4656 1572 4734 nomine
1592 4682 1669 4733 333
1689 4685 1748 4734 33·

333 4785 422 4863 33113
435 4786 482 4864 ad
494 4786 757 4865 dormitorium
775 4786 873 4866 dicte
888 4788 1040 4878 domus,
1058 4788 1123 4896 qui
1136 4787 1207 4867 sibi
1222 4787 1747 4893 ostenditquamdamcrucem
