4230 5956
481 472 556 543 eoo
855 450 1052 543 anonas
1082 466 1179 541 ors
1210 468 1519 542 rnnrmnns

479 610 562 701 lite,
583 607 766 687 avunculo
786 609 902 715 ipsius
923 609 1048 697 testis,
1066 608 1131 714 qui
1157 607 1302 716 aufugit
1320 611 1360 685 in
1381 609 1756 716 capcione-aliorum,
1777 612 1896 688 ,Petro

480 742 687 850 Grangero,
705 741 815 817 Petro
831 741 878 817 de
890 738 1116 818 Castellione
1134 736 1398 830 servientibus,
1416 757 1455 817 et
1475 740 1640 846 Symone
1657 739 1706 816 de
1722 741 1895 818 Jemrilla

480 873 709 980 presbitero,
741 870 937 947 defunctis.
968 869 1000 945 A
1028 896 1105 975 quo
1130 885 1322 975 receptore
1350 870 1466 975 petita
1488 870 1663 948 societate
1689 869 1839 948 ordinis-
1860 890 1899 948 et

481 1029 670 1085 concessa,
700 999 788 1074 fecit
812 1026 899 1075 eum
925 1026 1059 1075 vovere
1086 1014 1125 1074 et
1143 999 1270 1105 jurare
1298 1000 1526 1091 castitatem,
1557 998 1835 1088 obedienciam,
1861 1018 1900 1076 et

481 1130 601 1205 vivere
621 1128 702 1205 sine
718 1129 885 1232 proprio,
909 1145 947 1204 et
961 1155 1037 1205 non
1051 1127 1215 1206 revelare
1231 1140 1371 1204 secreta
1387 1127 1652 1234 capituliorum
1666 1153 1737 1202 nec
1749 1126 1814 1202 illa
1826 1155 1899 1232 que

483 1257 698 1335 dicerentur
728 1256 873 1347 eidem
911 1274 948 1333 et
972 1256 1148 1362 imposito
1173 1255 1245 1334 sibi
1275 1257 1475 1344 mantello,
1507 1274 1679 1362 receptor
1707 1273 1745 1332 et
1760 1284 1903 1333 omnes

483 1403 643 1463 astantes
672 1385 826 1463 fuerunt
852 1414 938 1462 eum
967 1385 1123 1463 osculati
1146 1386 1187 1462 in
1211 1413 1292 1478 ore,
1322 1405 1360 1462 et
1385 1387 1470 1491 ipse
1492 1386 1600 1463 testis
1626 1385 1698 1463 fuit
1715 1386 1903 1463 osculatus

485 1517 649 1593 eundem
669 1532 902 1621 receptorem
922 1516 962 1590 in
982 1514 1163 1592 umbilico
1186 1514 1224 1591 in
1245 1543 1354 1593 carne
1373 1515 1602 1595 nuda..Post
1616 1542 1690 1621 qua
1706 1515 1815 1593 allata
1834 1544 1902 1621 per

485 1647 625 1722 dictum
645 1644 895 1750 presbiterum
922 1645 969 1721 de
988 1645 1095 1721 altari
1118 1645 1279 1750 quadam
1308 1674 1418 1723 cruce
1441 1645 1633 1723 metallina
1661 1645 1702 1722 in
1723 1673 1808 1750 qua-
1823 1665 1901 1722 erat

482 1802 617 1883 ymago
631 1775 821 1868 Crucifixi‚
839 1804 951 1881 supra
966 1775 1159 1880 quoddam
1174 1804 1366 1855 scamnum
1388 1775 1584 1868 collocata,
1595 1775 1722 1854 dictus
1728 1793 1900 1881 receptor

484 1906 598 2011 peciit
615 1906 662 1983 ab
680 1906 815 1983 eodem
837 1923 931 1984 teste
954 1906 985 1983 si
1006 1906 1181 1984 credebat
1203 1908 1244 1983 in
1260 1906 1375 1985 ‘illum
1398 1907 1463 2012 qui
1485 1905 1809 2012 repraesentabatur
1833 1934 1901 2011 per

485 2035 621 2112 dictam
643 2036 874 2141 ymaginem
899 2053 937 2111 et
956 2062 1001 2111 eo
1023 2035 1274 2140 respondente
1295 2036 1401 2142 quod
1426 2037 1495 2124 sic,
1523 2035 1673 2113 disicet
1694 2035 1800 2140 quod
1824 2062 1902 2111 non

486 2166 655 2241 crederet
673 2166 712 2240 in
731 2193 835 2254 eum,
853 2183 891 2242 et
908 2167 1012 2272 quod
1025 2167 1148 2270 ipsum
1165 2165 1380 2274 abnegaret,
1397 2166 1577 2273 quiahoc
1594 2183 1673 2243 erat
1688 2164 1735 2241 de
1757 2165 1903 2270 punctis

486 2294 584 2370 dicte
598 2291 802 2397 religionis.
823 2295 919 2372 Cum
934 2311 1061 2370 autem
1083 2296 1162 2401 ipse
1184 2297 1289 2374 testis
1307 2295 1563 2403 refragaretur,
1586 2295 1711 2372 dictus
1734 2308 1903 2398 receptor

487 2421 580 2497 dixit
604 2422 638 2496 ei
665 2424 769 2527 quod
789 2421 990 2530 abnegaret
1013 2451 1160 2517 secure,
1193 2426 1281 2530 quia
1304 2425 1518 2531 capellanus
1541 2426 1732 2530 predictus
1750 2438 1903 2529 poterat

487 2578 574 2627 eum
594 2548 801 2637 absolvere,
828 2569 866 2628 et
887 2551 1009 2630 dictus
1030 2553 1144 2631 frater
1161 2556 1293 2631 Petrus
1318 2555 1365 2632 de
1388 2555 1598 2633 Castelione
1620 2554 1737 2632 suasit
1750 2552 1785 2629 ei
1797 2553 1903 2658 quod

486 2678 623 2757 faceret
632 2681 814 2786 predicta,
828 2696 866 2758 et
879 2699 971 2759 tunc
988 2683 1066 2787 ipse
1080 2684 1185 2760 testis
1200 2681 1392 2791 abnegavit
1408 2685 1561 2761 lbesum
1578 2710 1661 2773 om,
1679 2710 1757 2759 non
1773 2681 1901 2768 corde;

486 2810 552 2888 sed
579 2806 628 2888 ad
652 2812 870 2889 mandatum
904 2833 1035 2889 eorum
1063 2811 1188 2889 noluit
1208 2838 1343 2919 spuere
1368 2813 1639 2919 supradictam
1666 2838 1833 2898 crucem,
1862 2826 1906 2886 ut

487 2939 590 3017 dixit.
617 2941 864 3018 Postmodum
885 2941 977 3018 dixit
998 2942 1032 3018 ei
1054 2942 1177 3020 dictus
1193 2959 1363 3048 receptor
1383 2943 1486 3049 quod
1508 2969 1585 3019 non
1599 2938 1770 3018 crederet
1785 2966 1902 3015 sacra

487 3070 625 3146 mentis
639 3070 778 3161 altaris,
796 3097 865 3147 nec
878 3090 975 3148 esset
988 3073 1028 3148 in
1044 3071 1129 3169 loco
1142 3076 1180 3149 in
1193 3100 1274 3179 quo
1283 3071 1420 3179 aliquis
1431 3072 1681 3178 baptizaretur
1694 3069 1752 3146 rel
1765 3068 1903 3145 mulier

484 3199 622 3303 jaceret
635 3199 682 3274 de
695 3201 908 3304 puerperio,
931 3229 999 3276 nec
1014 3201 1118 3306 quod
1133 3201 1284 3279 offerret
1304 3202 1531 3287 admissam,
1551 3229 1621 3277 nec
1634 3199 1905 3277 confiterentur

488 3325 559 3401 nisi
582 3327 835 3404 sacerdotibus
859 3330 1002 3405 ordinis
1025 3331 1276 3407 corumblis
1299 3330 1525 3407 illicita-non
1547 3329 1681 3405 recolit
1697 3327 1844 3405 affuisse
1866 3328 1903 3402 in

489 3455 586 3531 dicta
598 3484 664 3532 sua
683 3459 899 3564 recepcione
915 3488 984 3536 nec
996 3477 1096 3564 post,
1119 3462 1276 3538 credens
1289 3460 1394 3568 quod
1409 3459 1541 3537 eadem
1558 3475 1597 3536 et
1612 3487 1690 3536 non
1711 3458 1783 3533 alia
1798 3458 1905 3531 inter-

490 3586 658 3662 venirent
687 3590 937 3665 communiter
961 3607 998 3665 et
1021 3589 1164 3695 ubique
1193 3593 1232 3667 in
1256 3591 1539 3697 recepcionibus
1560 3589 1720 3667 aliorum
1749 3586 1905 3663 fratrum

490 3716 632 3794 ordinis
656 3718 712 3793 vel
739 3735 838 3823 post,
869 3720 957 3823 quia
977 3747 1044 3824 per
1070 3720 1235 3799 eundem
1260 3722 1416 3797 modum
1444 3721 1536 3797 vidit
1560 3721 1599 3795 in
1630 3719 1727 3794 dicta
1750 3717 1901 3820 capella,

490 3865 577 3923 sunt
589 3848 736 3925 circiter
751 3876 787 3926 vr
804 3850 914 3936 anni,
931 3850 1043 3956 recipi
1064 3850 1216 3928 fratrem
1236 3851 1435 3928 Falconem
1457 3851 1504 3927 de
1527 3849 1622 3927 Milli
1640 3848 1815 3933 militem,
1832 3848 1904 3951 qui

490 3975 632 4083 aufugit
657 3979 697 4054 in
722 3980 896 4083 capcione
926 3980 1086 4057 aliorum
1107 3981 1467 4087 consanguineorum
1495 3978 1664 4087 ejusdem
1683 3977 1805 4063 testis,
1837 4004 1906 4083 per

489 4104 640 4181 fratrem
654 4109 864 4185 iohannem
886 4111 933 4186 de
950 4112 1047 4187 Mars
1064 4113 1224 4188 militem
1243 4111 1452 4218 qnondam,
1470 4108 1709 4217 >presentibus
1731 4107 1908 4184 fratribus

488 4233 648 4312 Arberto
669 4237 716 4313 de
735 4239 1119 4346 Villa-superterram
1140 4242 1338 4331 serviente,
1364 4261 1402 4318 et
1421 4242 1583 4319 Arberto
1599 4240 1822 4346 presbitero,
1845 4267 1907 4314 cu·

489 4381 569 4442 rato
590 4366 637 4441 de
665 4367 867 4446 Arenteriis
896 4372 1141 4477 lingonensis
1173 4372 1352 4461 diocesis,
1390 4389 1427 4448 et
1454 4371 1592 4449 Viardo
1623 4369 1671 4447 de
1698 4368 1733 4444 la
1760 4367 1907 4445 Telaria

488 4515 708 4603 preceptore
726 4498 863 4576 domus
882 4501 1031 4603 Templi
1054 4501 1100 4578 de
1122 4502 1158 4586 la
1176 4503 1338 4592 Telaria,
1361 4504 1424 4608 qui
1446 4501 1597 4577 fuerunt
1617 4499 1712 4605 capti
1731 4527 1804 4575 una
1821 4526 1904 4574 oum

488 4626 571 4703 aliis
584 4618 823 4734 Templariis,
846 4631 892 4705 de
907 4657 1070 4733 quorum
1092 4631 1162 4708 rita
1181 4633 1240 4710 vel
1254 4650 1377 4710 morte
1397 4660 1474 4710 non
1493 4631 1607 4708 habet
1622 4629 1900 4707 certitudinem.

489 4750 598 4841 Item,
627 4757 719 4832 dixit
747 4775 962 4864 preceptum
981 4757 1052 4834 sibi
1073 4757 1186 4836 fuisse
1210 4791 1279 4866 per
1294 4762 1445 4840 dictum
1458 4778 1704 4867 ¹receptorem
1721 4761 1761 4834 in
1775 4785 1906 4863 recep-
