4230 5956
460 481 534 560 ist
845 465 1043 559 raeces
1067 485 1162 556 ecs
1178 484 1489 558 rcnrnrcaa

456 626 554 703 beati
567 624 832 703 ‘bartholomei
850 640 961 702 erunt
974 623 1125 733 triginta
1143 624 1221 702 duo
1236 624 1398 702 annivei
1412 628 1523 713 circa,
1541 650 1610 731 per
1628 625 1779 706 fratrem
1800 630 1876 710 Ge-

458 757 610 834 rar'dutn
632 756 679 833 de
700 756 859 834 Sanzeto
881 755 1277 862 militem‘qnondam,
1296 768 1556 862 preceptorem
1577 774 1670 834 tunc
1686 757 1875 856 alvernie,
1932 784 1934 792 ’

455 886 692 992 presentibus
711 886 889 964 fratribus
909 885 1090 964 Durando
1109 883 1484 992 Mairas‘presbite10‚
1502 884 1674 966 Gerardo
1690 889 1739 968 de
1751 892 1873 980 Briva,

456 1018 566 1094 Petro
592 1012 639 1092 de
660 999 1126 1110 Quadrivin,defftrnotis,
1156 1033 1194 1092 et
1214 1016 1400 1094 Ademaro
1420 1017 1457 1094 la
1479 1017 1682 1126 Burgiayn
1699 1021 1878 1098 ¹Lemovi-

455 1146 576 1224 eensis
601 1147 775 1238 diocesis,
800 1144 1058 1254 quemcredit
1088 1145 1225 1235 vivere,
1242 1145 1293 1223 'in
1318 1145 1420 1222 hunc
1443 1146 1739 1225 modum-nam
1762 1151 1879 1255 petita

455 1278 630 1355 societate
650 1278 794 1355 ordinis
813 1293 850 1355 et
869 1277 904 1354 ei
924 1295 1113 1368 concessa,
1126 1275 1224 1352 'iecit
1244 1300 1331 1354 eum
1342 1277 1470 1384 jurare
1485 1276 1683 1383 qnod-non
1699 1281 1878 1359 revelaret

455 1422 595 1485 secreta
624 1408 889 1515 capitulorum,
922 1425 960 1484 et
985 1428 1114 1484 vovere
1142 1407 1367 1493 castitatem,
1390 1406 1669 1501 obatbenciam,
1699 1426 1737 1486 et
1755 1411 1876 1489 vivere

453 1539 534 1614 sine
551 1538 723 1643 proprio,
747 1554 786 1614 et
803 1537 969 1644 precepit
987 1536 1022 1612 ei
1042 1535 1144 1642 quod
1165 1553 1326 1614 sewaret
1343 1532 1467 1615 bonos
1487 1560 1578 1615 usus
1596 1555 1634 1615 et
1645 1538 1769 1616 bonas
1789 1571 1877 1619 con·

454 1667 676 1745 suetudines
710 1667 872 1755 ordinis3
892 1683 942 1742 et
970 1666 1147 1772 imposito
1175 1665 1251 1744 eibi
1282 1666 1480 1756 mantello,
1516 1666 1606 1744 dicti
1635 1687 1809 1775 receptor
1840 1689 1878 1748 et

454 1797 784 1875 astantes‘tberunt
797 1820 885 1874 eum
902 1795 1058 1873 osculati
1075 1796 1113 1871 in
1127 1815 1203 1873 ore.
1219 1797 1409 1903 Postque,
1425 1795 1535 1874 allata
1550 1798 1667 1875 nascit
1679 1826 1874 1906 perquem

452 1929 616 2033 quadam
644 1955 754 2006 cruce
780 1927 972 2005 metallina
1002 1927 1041 2002 in
1069 1950 1153 2033 qua·
1172 1944 1252 2004 erat
1277 1952 1411 2035 ymago
1438 1924 1614 2006 Crucifixi
1637 1945 1675 2004 et
1693 1928 1875 2007 collocata

452 2072 576 2135 coram
592 2059 674 2164 ipso
689 2074 883 2164 receptore
904 2057 942 2132 in
962 2073 1079 2145 terra,
1100 2057 1323 2162 precepitei
1343 2057 1450 2164 quod
1461 2074 1620 2164 spueret
1639 2085 1753 2164 super
1772 2088 1873 2150 earn,

453 2176 584 2293 etipse
599 2189 723 2277 testis,
746 2189 810 2296 qui
830 2204 922 2265 tunc
935 2187 1084 2294 juvenis
1105 2203 1208 2277 erat,
1224 2186 1325 2292 spuit
1344 2203 1421 2264 non
1441 2213 1554 2294 supra
1572 2186 1641 2264 sed
1653 2187 1760 2293 juxta
1778 2218 1873 2266 eam.

452 2316 599 2392 Deinde
618 2316 786 2422 precepit
807 2317 840 2392 ei
861 2299 967 2422 quod
987 2315 1187 2423 abnegaret
1205 2316 1379 2404 thecum,
1402 2333 1440 2393 et
1458 2317 1539 2423 ipse
1559 2317 1667 2395 testis
1681 2318 1875 2425 abnegavit

450 2457 538 2521 e'nm
550 2472 614 2521 ore
628 2469 706 2521 non
716 2445 846 2534 corde,
859 2445 947 2552 quia
962 2456 1116 2551 propter
1125 2446 1481 2553 juventutem-suam
1493 2447 1686 2525 nesciebat
1696 2448 1872 2526 resistere

451 2597 520 2650 neo
539 2575 712 2652 audebat.
730 2575 975 2652 Postmodum
990 2575 1084 2652 dixit
1101 2575 1135 2652 ei
1145 2574 1422 2682 quodpoterat
1438 2575 1713 2656 aii-isiratribus
1728 2578 1872 2656 ordinis

449 2707 647 2784 carnaliter
659 2707 894 2785 commisceri
913 2722 950 2784 et
965 2707 1034 2813 ipsi
1052 2726 1139 2784 cum
1150 2731 1215 2795 eor
1237 2723 1275 2783 et
1291 2707 1364 2783 boc
1375 2723 1504 2784 tamen
1519 2706 1702 2786 non-fecit
1714 2736 1784 2785 nec
1803 2707 1874 2787 fuit

448 2838 666 2945 requisitus,
688 2856 758 2916 neo
774 2838 893 2915 credit
905 2838 1010 2945 qued
1024 2836 1064 2914 in
1078 2836 1214 2915 ordine
1225 2835 1347 2948 fieret.
1359 2836 1519 2918 ‘dedicit
1531 2854 1659 2914 tamen
1678 2838 1753 2914 dioi
1767 2839 1872 2945 quod

448 2967 602 3072 quidam
623 2969 807 3073 presbiter
825 2969 968 3046 'ordinis
992 2985 1165 3046 mortuus
1186 2966 1425 3075 perpetrabat
1454 2966 1761 3045 diotam'orimen
1781 2996 1869 3045 curn

448 3097 618 3200 personis
637 3098 703 3203 qui
723 3116 929 3175 nonerant
950 3099 997 3175 de
1023 3099 1175 3189 ordine,
1203 3115 1241 3175 et
1269 3096 1390 3175 credit
1413 3096 1531 3204 quod
1544 3095 1709 3203 predicta
1740 3095 1872 3174 illicita

451 3224 655 3303 confessata
668 3253 738 3333 per
752 3253 840 3305 eum
862 3229 1138 3306 intervenirent·
1150 3228 1407 3306 communiter
1424 3227 1462 3303 in
1481 3227 1768 3333 reecpoionibus
1781 3227 1872 3306 alio·

449 3382 535 3430 rum
562 3355 718 3432 fratrum
747 3358 906 3447 ordinis,
931 3358 1019 3464 quia
1042 3359 1138 3435 tidit
1162 3376 1201 3435 et
1225 3356 1366 3434 audivit
1391 3356 1504 3463 quod·
1521 3357 1805 3434 intervenerunt
1832 3358 1870 3433 in

449 3485 668 3591 receptione
687 3485 811 3564 ¹fratris
826 3488 1020 3566 Gniilelmi
1040 3488 1217 3597 Raynerii
1227 3487 1440 3575 servientis,
1456 3487 1773 3565 Claramuntensis
1789 3488 1872 3565 dio·

449 3616 559 3707 cesis,
577 3618 678 3723 apud
697 3619 872 3695 Riomnm
889 3618 1048 3708 detenti,
1069 3619 1133 3725 qni
1150 3618 1222 3696 fuit
1235 3635 1407 3723 receptus
1425 3617 1467 3694 in
1488 3617 1586 3695 dicta
1601 3618 1757 3724 capelia,
1776 3617 1871 3694 ciroa

447 3749 587 3824 instans
602 3748 739 3826 iestum
755 3750 952 3826 nativitatis
966 3750 1065 3828 beati
1079 3750 1258 3826 Jobannis
1272 3749 1435 3853 Baptiste
1452 3765 1563 3824 erunt
1578 3746 1725 3825 circiter
1737 3747 1869 3825 decem

447 3878 551 3969 anni,
573 3904 642 3986 per
660 3879 814 3956 fratrem
833 3879 1043 3959 Gerardnm
1070 3880 1116 3956 de
1136 3879 1341 3957 villaribus
1366 3877 1541 3965 militem,
1556 3894 1654 3955 ‘tuac
1672 3892 1869 3983 precepto-

445 4024 527 4085 rem
546 3998 720 4100 Francia,
738 4009 808 4117 ‘qui
832 4010 980 4117 affugit,
1007 3982 1663 4116 presentibusfretiibusbtepbano
1685 4004 1732 4081 de
1756 4005 1866 4092 Rivo,

445 4138 557 4214 Petro
572 4139 625 4215 >de
645 4140 864 4243 Quadrima,
888 4139 1103 4228 deffunotis,
1114 4156 1165 4216 et
1183 4136 1631 4216 Petro‘deMontinbaco
1650 4134 1871 4216 Giaramon-

443 4266 750 4358 madaurensis,
780 4291 895 4376 quern
912 4271 1036 4349 credit
1052 4271 1201 4360 rivere,
1223 4285 1261 4346 et
1282 4269 1322 4344 in
1345 4266 1566 4373 reeepcione
1588 4264 1800 4343 dioti·Petri
1818 4265 1868 4343 de

445 4394 704 4488 Mentinhaeo,
721 4424 834 4506 quern
851 4403 975 4506 primo
985 4402 1139 4478 'viderat
1147 4399 1263 4506 recipi
1279 4399 1319 4476 in
1332 4396 1433 4474 diota
1448 4394 1606 4503 capolia,
1620 4411 1711 4472 sunt
1724 4395 1870 4471 circiter

443 4499 507 4605 ren
531 4530 637 4618 anni,
659 4549 726 4635 per
749 4528 902 4605 fratrem
927 4530 1139 4608 Gerardum
1159 4531 1220 4607 dev
1236 4531 1343 4607 Briva
1370 4545 1461 4605 tirno
1485 4540 1744 4633 preceptorem
1759 4523 1866 4600 dicte

445 4655 598 4745 domus,
616 4659 786 4767 de'cujus
805 4659 877 4735 vita
892 4657 953 4734 vei
963 4676 1183 4736 mortemon
1196 4650 1867 4761 babetcertitudiuem,·prasontibus

445 4781 620 4874 diatribam
639 4789 829 4865 Frencene
856 4787 1379 4869 deuncorintraooavuaeoto
1390 4787 1490 4870 dieti
1509 4780 1864 4875 retrafflttotmo
