4230 5956
432 469 501 541 ros
810 438 1008 533 raocts
1040 457 1137 528 nas
1167 454 1467 529 raurmnas.

425 607 498 683 luit
510 603 687 683 seductus
703 629 723 676 a
736 600 836 678 dicto
851 597 1011 704 dyabolo
1027 597 1067 672 in
1080 595 1200 673 forma
1215 596 1381 672 bumana
1393 592 1671 685 transformato,
1689 615 1727 675 et
1741 601 1848 706 quod

425 735 559 813 exinde
582 732 796 809 babuemnt
815 746 941 806 ortum
960 755 1105 805 errores
1121 726 1299 832 predicti3
1323 743 1361 803 et
1377 724 1472 801 vidit
1492 722 1769 832 frequenterin
1791 732 1848 837 pi-

424 863 539 943 cturis
555 863 651 939 duos
663 858 836 936 barbatos
856 860 894 934 in
911 887 989 935 uno
1000 885 1099 964 equo
1110 856 1336 963 equitantes,
1353 872 1392 932 ct
1409 853 1529 932 credit
1541 855 1646 961 quod
1658 884 1848 963 represen-

424 1009 547 1072 tarent
561 991 749 1096 predictos
769 989 877 1065 dnos.
893 989 995 1065 Dixit
1010 989 1165 1091 insuper
1182 1012 1221 1061 se
1237 984 1421 1063 audivisse
1436 985 1595 1074 narrari,
1618 1013 1696 1063 non
1715 990 1847 1068 recolit

425 1121 612 1229 aquibus,
633 1119 754 1226 quod,
772 1147 858 1193 cum
873 1117 1067 1223 quondam
1080 1116 1257 1225 Magister
1271 1113 1417 1193 ordinis
1430 1113 1581 1221 Templi
1594 1113 1744 1194 diucius
1758 1117 1846 1197 luis·

424 1269 480 1330 set
495 1251 640 1330 aflictus
650 1250 688 1324 in
701 1248 911 1325 carceribus
924 1245 1095 1333 soldani,
1113 1244 1185 1323 luit
1198 1244 1401 1336 demissus,
1418 1243 1745 1354 promissioneper
1758 1275 1846 1329 eum

424 1381 517 1459 sacta
536 1381 641 1488 quod
657 1407 802 1456 errores
821 1377 987 1454 contenti
1005 1378 1045 1453 in
1061 1376 1169 1453 dictis
1188 1373 1353 1453 articulis
1372 1374 1429 1451 vel
1449 1374 1565 1481 aliqui
1588 1403 1632 1452 ex
1656 1375 1709 1453 eis
1727 1377 1846 1456 intro·

426 1512 655 1589 ducerentur
678 1539 745 1616 per
769 1537 856 1586 eum
877 1507 1068 1585 inordina
1090 1505 1381 1612 supradicto‚et
1400 1504 1479 1611 ipse
1495 1505 1683 1584 Soldanus
1707 1524 1745 1585 et
1765 1510 1846 1615 ejus

423 1668 653 1719 successores
685 1639 867 1718 haherent
896 1638 1039 1715 dictum
1071 1635 1245 1713 ordinem
1273 1635 1644 1729 recommendatum,
1677 1655 1715 1714 et
1743 1639 1846 1744 quod

423 1771 680 1877 temporaliter
710 1769 950 1846 subvenirent
975 1766 1118 1844 eisdem
1141 1763 1365 1870 Templariis
1392 1783 1431 1843 et
1459 1765 1582 1843 ordini
1607 1760 1842 1845 eorumdem.
1900 1860 1904 1867 Ι

422 1905 690 1981 Verumtamen
710 1900 739 1977 si
764 1899 860 1975 dicte
887 1898 1122 1974 narraciones
1139 1924 1226 1972 vere
1248 1896 1339 1987 sint,
1366 1894 1424 1972 vel
1447 1922 1542 1983 non,
1561 1896 1653 1973 dixit
1675 1925 1715 1974 se
1740 1898 1843 1976 idem

423 2031 528 2109 testis
549 2030 737 2136 ignorare,
755 2028 933 2135 adjiciens
953 2028 1057 2133 quod
1080 2028 1119 2102 iu
1139 2027 1349 2104 substancia
1372 2027 1561 2105 nesciebat
1579 2026 1666 2134 plus
1685 2028 1733 2104 de
1753 2057 1844 2105 cou-

423 2161 536 2240 tentis
554 2161 594 2236 in
615 2158 778 2236 articulis
792 2157 1019 2236 memoratis.

479 2422 606 2498 Frater
615 2419 839 2525 Radulphus
850 2419 1004 2497 Louveti
1019 2418 1226 2525 predictus,
1243 2419 1349 2498 testis
1359 2420 1474 2498 hodie
1481 2421 1650 2529 juratus,
1668 2423 1732 2528 qui
1745 2451 1844 2498 man·

423 2548 558 2627 tellum
570 2549 777 2627 voluntarie
797 2567 882 2655 post
901 2550 1114 2654 capcionem
1139 2578 1246 2627 suam
1262 2550 1454 2628 dimiserat
1467 2568 1507 2629 et
1525 2552 1604 2628 radi
1620 2550 1756 2629 fecerat
1772 2551 1842 2629 sibi

422 2679 592 2773 barbam,
611 2695 696 2759 iuma
713 2708 899 2757 annorum
919 2679 977 2756 vel
998 2680 1107 2768 circa,
1131 2709 1217 2757 cum
1238 2707 1315 2786 quo
1335 2680 1558 2786 inquisitum
1577 2679 1716 2771 fuerat,
1736 2682 1843 2759 abso·

422 2810 525 2888 lutus
544 2829 582 2889 et
600 2811 860 2888 reconciliatus
873 2839 941 2917 per
956 2810 1154 2887 dominum
1170 2810 1391 2916 episcopum
1404 2810 1668 2902 Parisiensem,
1685 2812 1791 2889 lectis
1807 2828 1846 2889 et

423 2941 622 3048 diligenter
636 2941 810 3046 expositis
823 2941 893 3018 sibi
912 2940 1088 3018 omnibus
1103 2957 1141 3017 et
1152 2940 1309 3048 singulis
1326 2939 1510 3030 articulis,
1530 2940 1724 3047 respondit
1738 2943 1843 3047 quod

422 3070 571 3159 nullum
590 3070 707 3146 alium
725 3070 869 3147 viderat
887 3071 1001 3176 recipi
1021 3072 1061 3148 in
1077 3071 1226 3161 ordine,
1248 3099 1318 3148 nec
1336 3070 1459 3148 fuerat
1472 3071 1511 3148 in
1530 3096 1575 3148 eo
1592 3069 1664 3148 nisi
1679 3098 1747 3176 per
1764 3086 1844 3147 11110'

421 3225 571 3277 menses
586 3217 671 3277 ante
698 3200 912 3305 capcionem
939 3227 1090 3292 eorum,
1109 3201 1213 3278 unde
1236 3199 1441 3291 nesciebat,
1462 3228 1533 3278 nec
1554 3201 1750 3290 credebat,
1773 3230 1843 3278 nec

422 3328 612 3406 audiverat
629 3329 702 3405 dici
721 3330 767 3406 de
784 3331 968 3405 contentis
982 3331 1022 3404 in
1042 3331 1095 3406 eis
1113 3331 1184 3407 nisi
1204 3331 1311 3438 quod
1329 3331 1521 3439 sequitur:
1546 3330 1720 3408 videlicet
1740 3333 1843 3438 quod

421 3459 500 3564 ipse
515 3476 687 3565 receptus
700 3458 901 3565 sueratper
915 3459 1068 3536 fratrem
1089 3461 1309 3566 Philippum
1326 3460 1458 3567 ligate,
1480 3478 1617 3539 testem
1630 3490 1742 3567 supra
1762 3491 1844 3538 exa·
1876 3542 1881 3552 ,

421 3589 621 3678 minatum,
640 3591 679 3666 in
704 3590 844 3696 capella
873 3590 1011 3667 domus
1036 3591 1185 3697 Templi
1213 3593 1336 3669 Sancti
1366 3592 1545 3698 Stephani
1578 3592 1627 3668 de
1655 3593 1842 3669 Renavilla

421 3719 657 3798 Ebroicensis
682 3721 855 3811 diocesis,
885 3722 1123 3827 presentibus
1152 3721 1329 3799 fratribus
1361 3722 1511 3801 Matheo
1542 3722 1753 3830 Raynaudi,
1780 3724 1843 3800 Ri-

423 3850 561 3929 chardo
575 3851 683 3928 Fabri
701 3868 738 3927 et
748 3851 954 3929 Guillelmo
969 3852 1174 3939 Caletensi,
1189 3852 1447 3942 servientibus,
1462 3879 1559 3960 quos
1570 3852 1689 3928 credit
1701 3852 1839 3940 viuere,

424 3980 463 4056 in
483 3980 585 4058 hunc
602 3983 787 4059 modum:
810 4010 896 4058 nam
917 3983 1178 4089 cumpeciisset
1193 4011 1331 4088 panem
1351 4001 1389 4060 et
1403 4011 1537 4090 aquam
1562 3982 1719 4069 ordinis,
1742 3998 1780 4057 et
1807 3982 1841 4058 ei
1963 4025 1967 4031 ·

423 4112 663 4189 concessisset
682 4113 803 4190 dictus
826 4131 1007 4220 receptor,
1033 4112 1122 4190 lecit
1146 4141 1234 4190 cum
1260 4140 1392 4190 vovere
1418 4129 1456 4189 et
1473 4113 1598 4221 jurare
1618 4112 1839 4201 castitatem,

423 4238 699 4352 obedienciam,
713 4244 834 4320 vivere
851 4245 930 4321 sine
946 4245 1111 4351 proprio,
1126 4261 1164 4321 et
1177 4271 1320 4320 servare
1334 4243 1455 4321 bonos
1469 4271 1561 4321 usus
1574 4260 1613 4320 et
1625 4243 1743 4322 bonas
1759 4269 1843 4320 con-

423 4369 641 4449 suetudines
661 4374 822 4465 ordinis,
843 4392 881 4450 et
897 4376 1074 4482 imposito
1084 4374 1160 4452 ¹sibi
1177 4374 1372 4465 mantello,
1395 4375 1660 4481 ipsereceptor
1677 4391 1715 4452 et
1728 4391 1843 4452 astan-

423 4517 478 4577 tes
493 4499 648 4579 luerunt
666 4531 755 4580 eum
773 4503 925 4580 osculati
943 4505 982 4579 in
997 4532 1084 4592 ore3
1109 4522 1147 4581 et
1169 4533 1215 4582 eo
1243 4506 1424 4583 instructo
1450 4504 1613 4612 qualiter
1636 4521 1783 4610 regeret
1801 4532 1841 4582 se

424 4627 464 4703 in
491 4631 639 4723 ordine,
661 4631 828 4737 precepit
854 4631 888 4706 ei
912 4630 1034 4707 dictus
1058 4650 1240 4737 receptor,
1262 4635 1301 4709 in
1322 4634 1515 4740 presencia
1538 4633 1715 4726 aliomm,
1737 4633 1841 4739 quod

424 4777 573 4862 negaret
586 4762 728 4852 Deum,
751 4779 788 4838 et
803 4789 889 4838 cum
904 4760 982 4865 ipse
994 4762 1098 4838 testis
1114 4763 1369 4867 respondisset
1384 4763 1490 4869 quod
1511 4764 1583 4842 hoc
1598 4763 1707 4842 nullo
1723 4761 1837 4839 modo
