4230 5956
452 448 525 521 eso
838 421 1033 517 rnocts
1057 441 1154 513 nus
1179 440 1479 515 reuertens.

449 586 564 675 Tace,
585 602 687 674 tece3
707 583 805 661 bene
825 583 1055 661 instruemus
1073 610 1161 660 eum
1178 582 1269 661 alias
1289 582 1335 659 de
1357 582 1504 661 statutis
1524 582 1667 661 ordinis
1677 586 1807 663 nostri.
1824 588 1871 663 Et

450 715 569 795 credit
599 715 678 821 ipse
711 713 775 819 qui
810 713 979 819 loquitur
1009 710 1116 818 quod
1150 711 1377 790 dimiserunt
1407 730 1498 790 tunc
1526 711 1700 821 detegere
1731 715 1801 793 sibi
1832 734 1870 793 et

450 875 537 926 eum
567 846 749 922 instruere
782 860 934 949 propter
961 857 1120 920 astantes
1148 842 1244 919 circa
1267 841 1446 948 capellam
1468 842 1691 949 predictam,
1713 861 1750 922 et
1779 847 1867 951 quia

448 977 552 1055 tarde
573 991 667 1062 erat,
690 991 727 1049 et
750 973 804 1049 sic
822 987 1065 1049 recesserunt.
1091 972 1138 1047 Et
1161 971 1252 1048 dicit
1270 1000 1339 1077 per
1355 973 1611 1080 juramentum
1635 1002 1745 1051 suum
1765 977 1868 1082 quod

448 1123 600 1214 propter
624 1104 721 1182 dicte
744 1103 855 1181 verba
879 1102 950 1180 sibi
970 1102 1068 1179 dicta
1095 1101 1135 1178 in
1162 1103 1381 1207 recepcione
1405 1103 1590 1209 predicta,
1618 1103 1698 1210 ipse
1721 1122 1867 1184 tuntum

448 1237 520 1315 fuit
537 1236 726 1327 turbatus,
741 1233 845 1340 quod
859 1232 976 1310 nichil
991 1232 1157 1310 comedit
1168 1233 1211 1309 -in
1226 1233 1384 1338 prandio
1400 1232 1465 1310 illa
1476 1234 1559 1323 die3
1577 1250 1616 1312 et
1634 1250 1763 1341 postea
1774 1235 1868 1312 intra

447 1386 523 1443 tres
543 1366 625 1442 dies
644 1379 842 1470 sequentes
861 1362 919 1440 vel
939 1361 1034 1439 circa
1053 1359 1247 1439 infirmitas
1261 1363 1394 1442 invasit
1409 1390 1517 1454 eum,
1539 1391 1614 1471 que
1633 1364 1780 1441 duravit
1798 1365 1868 1442 sibi

448 1523 568 1602 usque
584 1494 632 1571 ad
647 1492 874 1582 Adventum,
896 1492 946 1568 ita
963 1490 1067 1598 quod
1088 1491 1207 1568 nichil
1225 1490 1328 1569 aliud
1349 1493 1419 1571 sibi
1439 1510 1568 1599 postea
1582 1492 1751 1571 fecerimt
1766 1494 1865 1583 fieri,

446 1645 561 1733 prout
573 1625 678 1714 dicit,
701 1653 770 1701 nec
784 1623 973 1701 convaluit
986 1651 1106 1729 usque
1126 1641 1234 1714 tunc;
1258 1641 1295 1701 et
1309 1625 1474 1703 comedit
1487 1653 1615 1704 cernes
1632 1643 1787 1733 propter
1807 1626 1866 1701 de-

446 1756 629 1836 bilitatem
652 1783 721 1860 per
741 1772 863 1832 totum
883 1753 1105 1831 Adventum.
1131 1753 1233 1832 Dixit
1257 1756 1372 1832 eciem
1396 1783 1465 1861 per
1478 1757 1732 1864 juramentum
1754 1785 1865 1835 suum

447 1888 551 1997 quod
576 1916 619 1965 ec
638 1913 712 1993 que
732 1885 772 1962 in
792 1885 1011 1989 receptione
1036 1912 1104 1962 sua
1124 1884 1194 1962 sibi
1215 1883 1309 1963 facta
1327 1883 1481 1963 fuerunt
1502 1906 1539 1963 et
1558 1887 1656 1964 dicte
1675 1888 1755 1992 ipse
1776 1916 1867 1964 con-

446 2018 566 2099 sessus
584 2017 655 2095 fuit
668 2033 797 2123 postca
817 2014 922 2092 fratri
937 2012 1088 2093 Nicoluo
1110 2014 1254 2092 ordinis
1272 2015 1572 2103 Predicatorum,
1595 2017 1755 2093 moranti
1776 2033 1867 2093 tunc

446 2149 486 2226 iu
509 2165 693 2226 conventu
718 2143 962 2251 compendii,
984 2146 1049 2251 qui
1075 2143 1252 2234 habebat,
1275 2162 1317 2223 ut
1345 2146 1451 2236 dicit,
1478 2162 1700 2252 potestatem
1724 2147 1865 2225 domini

446 2276 712 2383 archicpiscopi
738 2274 946 2364 Remensis,
968 2275 1033 2380 qui
1063 2274 1134 2352 sibi
1165 2274 1258 2351 dixit
1286 2275 1390 2382 quod
1416 2275 1637 2381 displicebat
1665 2277 1735 2353 sibi
1763 2278 1864 2383 quod

446 2409 548 2485 idem
564 2407 630 2514 qui
644 2405 811 2511 loquitur
825 2406 1020 2482 intraverat
1035 2403 1178 2481 dictum
1194 2402 1366 2482 ordinem
1386 2404 1525 2482 milicie
1544 2406 1712 2513 Templi,
1734 2424 1772 2484 et
1784 2437 1865 2514 pro-

446 2538 571 2645 posuit
590 2538 812 2616 mtdtociens
831 2539 909 2642 ipse
928 2536 994 2642 qui
1014 2535 1199 2641 loquitur,
1221 2552 1265 2614 ut
1279 2535 1387 2627 dicit,
1403 2536 1543 2616 intrare
1560 2536 1733 2618 ordinem
1748 2538 1865 2616 dicto-

445 2699 531 2747 rum
545 2671 702 2748 fratrum
722 2668 1015 2747 Predicatorum.
1179 2669 1183 2680 ’

432 2822 436 2833 ·
500 2802 594 2880 ltom
609 2802 702 2878 dixit
717 2829 785 2907 per
794 2802 1054 2908 juramentum
1069 2828 1180 2877 suum
1197 2799 1304 2907 quod·
1315 2826 1506 2906 nunquam
1523 2799 1630 2890 vidit,
1645 2827 1715 2877 nec
1725 2800 1866 2879 audivit

445 2932 519 3008 dici
533 2933 591 3010 vel
608 2931 681 3038 legi
697 2948 832 3008 statute
845 2930 1003 3036 predicti
1021 2930 1164 3008 ordinis
1184 2929 1320 3007 milicie
1336 2928 1503 3036 Templi,
1521 2957 1591 3007 nec
1606 2919 1648 3005 en
1665 2930 1866 3007 voluerunt

443 3059 513 3137 sibi
535 3060 734 3137 ostendere
752 3059 809 3135 illi
829 3059 895 3165 qui
911 3088 955 3135 ea
972 3058 1179 3149 habebant,
1201 3058 1290 3137 licet
1303 3060 1374 3137 hec
1387 3059 1529 3166 pluries
1547 3059 1778 3165 requisierit,
1794 3061 1864 3136 nisi

443 3187 622 3265 aduobus
640 3187 835 3264 mensibus
854 3188 961 3275 citra,
979 3187 1152 3263 videlicet
1169 3187 1339 3277 Pietatis,
1362 3187 1429 3264 ubi
1450 3189 1695 3267 ostenderunt
1713 3188 1784 3266 sibi
1805 3219 1865 3267 so·

443 3316 524 3393 lum
545 3314 748 3421 capitulum
767 3312 904 3390 faciens
919 3315 1156 3390 mencionem
1175 3314 1223 3391 de
1237 3314 1473 3422 presbyteris.
1491 3319 1538 3394 Et
1554 3318 1648 3395 dixit
1662 3318 1766 3425 quod
1784 3320 1864 3424 ipse

441 3462 594 3553 propter
617 3444 784 3550 predicta
813 3443 927 3521 habet
950 3443 1154 3519 vehemens
1173 3463 1438 3550 argumentum
1469 3465 1506 3524 et
1535 3449 1863 3554 presumpcionem

441 3577 546 3684 quod
560 3577 617 3654 illi
633 3577 679 3653 de
701 3575 801 3653 dicto
815 3574 947 3653 ordine
964 3572 1102 3650 milicie
1113 3575 1262 3680 Templi
1278 3577 1343 3682 qui
1355 3576 1513 3655 confessi
1530 3596 1615 3656 sunt
1631 3607 1775 3657 errores
1790 3579 1860 3655 sibi

442 3709 636 3815 impositos
656 3708 831 3784 dixerunt
855 3722 893 3782 et
913 3704 1171 3811 deposuerunt
1190 3706 1395 3784 veritatem.

498 3841 590 3917 ltem
605 3838 698 3916 dixit
712 3865 779 3943 per
791 3838 1046 3944 juramentum
1067 3864 1178 3913 suum
1198 3837 1301 3943 quod
1318 3839 1370 3924 vi,
1391 3837 1449 3914 vel
1464 3855 1568 3915 metu
1585 3852 1862 3915 tormentorum

442 3968 498 4046 vel
517 3968 606 4045 alias
626 3996 703 4045 non
723 3966 816 4043 dixit
835 3964 938 4043 aliud
952 3994 1063 4073 quam
1079 3967 1287 4056 veritatem,
1307 3994 1377 4043 nce
1395 3968 1434 4044 in
1453 3968 1643 4073 premissis
1657 3967 1863 4042 immiscuit

442 4096 607 4204 aliquam
627 4097 838 4188 salsitatem,
861 4113 899 4173 et
918 4097 1023 4204 quod
1038 4125 1169 4203 puram
1190 4097 1380 4176 veritatem
1402 4097 1495 4175 dixit
1513 4127 1581 4204 pro
1603 4098 1722 4177 salute
1739 4098 1861 4174 anime

442 4256 520 4307 sue.

496 4361 606 4437 Fncte
622 4378 709 4436 sunt
723 4360 794 4436 hec
807 4360 1057 4449 confessiones
1072 4389 1139 4438 seu
1149 4362 1409 4468 deposiciones
1425 4362 1613 4441 dictorum
1630 4379 1716 4440 octo
1735 4362 1862 4437 imme·
1968 4413 1972 4421 ·

442 4491 541 4568 dicte
559 4491 848 4596 precedeneium
863 4490 1021 4567 fratrum
1036 4493 1180 4570 ordinis
1194 4492 1332 4571 milicie
1343 4492 1510 4599 Templi,
1523 4493 1750 4599 juramentis
1760 4493 1862 4599 prius

442 4618 489 4694 ab
500 4621 571 4708 eis,
583 4638 626 4697 ut
635 4621 877 4727 premittitur,
892 4620 1074 4735 prestitis,
1096 4623 1257 4700 Parisius
1274 4624 1313 4699 in
1334 4623 1450 4701 domo
1470 4623 1642 4730 Templi,
1665 4650 1784 4712 anno,
1805 4623 1863 4696 in·

443 4746 623 4837 dictione,
652 4749 890 4854 pontificatu,
908 4733 1020 4827 'anno
1047 4768 1084 4828 et
1113 4751 1173 4828 die
1200 4753 1395 4858 predictis,
1424 4752 1659 4858 presentibus
1678 4750 1862 4855 religiosis
