4230 5956
450 472 524 546 sit
827 453 1020 544 rnoobs
1052 471 1148 542 nus
1180 470 1485 543 rnurnrnns

499 615 629 690 Frater
643 611 774 688 Petrus
798 611 845 687 de
866 610 1057 689 Nobiliaco
1075 610 1253 698 serviens,
1277 610 1553 688 Lemoviceusis
1567 610 1744 702 diocesis,
1761 618 1866 693 testis

443 745 554 847 supra
570 741 734 847 juratus,
761 740 983 817 mantellum
1007 740 1149 817 ordinis
1170 757 1207 816 et
1228 739 1382 816 barbam
1404 739 1605 831 defferens,
1630 742 1864 852 quinquage-

443 872 569 950 narius
591 872 648 948 vel
669 873 779 961 circa,
811 899 897 947 cum
918 899 993 976 quo
1017 869 1239 975 inquisitum
1261 868 1398 960 luerat,
1425 868 1678 947 absolutus‘et
1697 875 1863 949 reconci-

444 1002 553 1079 liatus
580 1031 648 1108 per
674 1001 872 1078 dominum
899 1001 1115 1105 episcopum
1146 1001 1448 1093 Xantonensem,
1474 1000 1579 1078 lectis
1604 1019 1641 1078 et
1666 1002 1865 1110 diligenter

444 1132 617 1239 expositis
636 1133 706 1209 sibi
728 1132 904 1208 omnibus
918 1147 956 1206 et
967 1130 1125 1235 singulis
1145 1129 1326 1219 articulis,
1345 1131 1540 1236 respondit
1557 1161 1596 1209 se
1614 1134 1776 1226 nescire,
1797 1163 1866 1211 nec

443 1263 613 1351 credere,
643 1292 711 1339 nec
742 1263 922 1339 audivisse
951 1261 1023 1337 dici
1052 1261 1099 1336 de
1121 1261 1308 1336 contentis
1330 1261 1369 1336 in
1394 1262 1447 1337 eis
1467 1262 1538 1338 nisi
1554 1263 1660 1370 quod
1674 1267 1863 1369 sequitur:

442 1393 544 1471 Dixit
558 1422 694 1499 nempe
719 1422 757 1469 se
778 1391 891 1470 fuisse
912 1407 1105 1496 receptum
1129 1391 1167 1465 in
1185 1390 1324 1495 capella
1343 1390 1480 1468 domus
1500 1394 1649 1499 Templi
1673 1396 1866 1503 Burdega-

444 1523 573 1612 lensis,
605 1554 671 1630 per
710 1524 861 1601 tratrem
896 1522 1041 1600 Heliam
1078 1522 1283 1597 Audemari
1310 1523 1562 1626 presbiterum
1585 1524 1794 1630 quondam,
1824 1528 1862 1601 in

443 1653 537 1731 sesto
548 1655 730 1732 Omnium
742 1658 965 1732 Sanctorum
975 1653 1148 1759 proximo
1164 1652 1344 1753 preterito
1361 1652 1514 1731 luerunt
1524 1655 1670 1731 circiter
1679 1653 1745 1732 rutti
1756 1657 1860 1748 anni,

444 1785 680 1889 presentibus
700 1784 876 1860 tratribus
897 1782 1002 1858 Helia
1028 1781 1112 1887 Ayri
1128 1782 1320 1886 quondam
1347 1781 1484 1874 milite,
1511 1785 1775 1876 Xantonensis,
1800 1788 1863 1861 Pe-

442 1930 502 1990 tro
525 1915 658 1993 Daubo
688 1913 902 2000 Vienensis,
938 1929 975 1987 et
1006 1913 1116 1986 Petro
1145 1911 1191 1985 de
1217 1910 1432 1988 Castelione
1463 1911 1750 2021 Burdegaleusis
1781 1915 1863 1991 dio-

443 2044 606 2133 cesium,
631 2043 875 2120 servientibus
901 2040 1118 2130 deffunctis,
1141 2068 1160 2115 a
1180 2068 1256 2144 quo
1274 2057 1468 2146 receptore
1489 2041 1602 2147 peciit
1621 2070 1659 2117 se
1685 2043 1799 2147 recipi
1820 2046 1864 2120 ad

444 2172 586 2248 dictum
607 2174 797 2262 ordinem,
819 2191 857 2248 et
876 2174 1037 2277 prescito
1063 2169 1109 2246 ab
1134 2197 1178 2245 eo
1198 2197 1266 2274 per
1279 2170 1541 2276 juramentum
1561 2171 1664 2278 quod
1686 2198 1763 2248 non
1785 2190 1863 2248 erat

442 2302 700 2387 matrimonio,
721 2301 778 2376 vel
793 2300 898 2377 alteri
910 2300 1083 2406 religioni
1102 2299 1304 2406 obligatus,
1325 2327 1394 2375 nec
1416 2301 1774 2391 excommunicatus,
1794 2330 1862 2378 nec

443 2430 584 2507 servilis
610 2430 857 2519 condicionis,
884 2455 953 2504 nec
978 2429 1140 2505 habebat
1164 2431 1422 2507 infirmitatem
1442 2429 1641 2523 latentem,
1664 2432 1750 2508 lecit
1773 2459 1860 2508 eum

442 2587 573 2636 vovere
600 2578 636 2636 et
655 2561 782 2667 jurare
800 2561 1022 2646 castitatem,
1041 2559 1317 2646 obedienciam,
1344 2577 1381 2636 et
1399 2561 1520 2637 vivere
1537 2561 1617 2637 sine
1637 2562 1805 2667 proprio,
1825 2579 1862 2636 et

442 2718 585 2767 servare
601 2691 723 2768 bonos
738 2719 827 2767 usus
842 2690 906 2796 qui
921 2708 1013 2767 tunc
1031 2705 1137 2765 erant
1151 2689 1190 2764 in
1211 2689 1362 2779 ordine,
1381 2707 1506 2795 etque
1526 2691 1564 2766 in
1580 2708 1773 2797 posterum
1790 2691 1860 2766 im-

338 2812 342 2820 *
441 2839 690 2926 ponerentur3
718 2839 755 2897 et
774 2821 951 2927 imposito
976 2820 1046 2896 sibi
1072 2819 1272 2909 mantello,
1293 2836 1465 2924 receptor
1486 2836 1525 2896 et
1550 2847 1682 2897 omnes
1702 2837 1861 2897 astantes
1956 2797 1963 2807 .

441 2949 595 3027 luerunt
612 2980 698 3027 eum
720 2950 872 3028 osculati
897 2951 934 3026 in
955 2979 1033 3027 ore.
1053 2952 1140 3026 Post
1154 2978 1228 3054 que
1249 2950 1417 3054 precepit
1436 2949 1469 3025 ei
1486 2948 1606 3026 dictus
1623 2967 1805 3053 receptor,
1822 2951 1859 3024 in

440 3081 630 3183 presencia
659 3079 934 3184 predictorum,
965 3080 1068 3185 quod
1093 3080 1293 3187 abnegaret
1320 3078 1444 3156 Deum
1473 3106 1537 3156 ore
1564 3105 1641 3154 non
1663 3076 1794 3164 corde,
1823 3096 1860 3153 et

441 3208 521 3312 ipse
543 3208 647 3283 testis
667 3207 833 3288 obedivit
858 3208 912 3295 ei3
934 3236 1009 3284 non
1036 3224 1161 3284 tamen
1183 3208 1253 3285 sibi
1277 3208 1455 3314 expressit
1479 3208 1584 3314 quod
1607 3209 1678 3284 hoc
1697 3226 1792 3285 esset
1812 3208 1858 3283 de

441 3336 589 3440 punctis
604 3336 762 3426 ordinis,
780 3364 849 3411 nec
866 3337 952 3412 fecit
970 3337 1003 3412 ei
1021 3338 1099 3441 ipse
1116 3337 1173 3412 vel
1187 3336 1280 3413 alius
1297 3337 1343 3413 de
1361 3337 1435 3415 alio
1455 3337 1586 3414 illicito
1607 3338 1857 3414 mencionem.

441 3465 654 3571 Requisitus
674 3466 704 3541 si
729 3467 812 3552 scit,
836 3467 968 3554 credit,
990 3466 1047 3542 vel
1065 3467 1207 3542 audivit
1227 3467 1299 3542 dici
1320 3467 1425 3572 quod
1445 3467 1573 3544 fratres
1594 3468 1737 3544 ordinis
1758 3496 1860 3544 com-

441 3595 605 3670 muniter
620 3599 846 3701 abnegarent
858 3597 983 3672 Deum
998 3597 1036 3670 in
1051 3597 1333 3701 recepcionibus
1349 3598 1424 3675 suis
1436 3597 1495 3674 vel
1507 3615 1607 3704 post,
1624 3597 1681 3674 vel
1694 3597 1857 3679 lacerent

441 3725 511 3801 alia
534 3725 662 3801 illicita
687 3742 860 3802 contenta
886 3726 925 3801 in
947 3725 1125 3817 articulis,
1151 3726 1348 3831 respondit
1367 3754 1406 3802 se
1426 3728 1556 3832 pocius
1573 3726 1726 3804 credere
1753 3728 1857 3830 quod

441 3884 516 3932 non
544 3885 655 3961 quam
676 3857 780 3961 quod
806 3857 872 3947 sic,
903 3857 1088 3962 quianon
1111 3856 1322 3933 viditdicta
1348 3857 1477 3934 illicita
1502 3857 1600 3947 lieri,
1625 3883 1692 3933 nec
1716 3856 1857 3931 audivit

440 3985 513 4061 dici
534 3987 637 4090 quod
661 3986 810 4071 fierent,
830 4003 867 4062 et
888 4004 1014 4061 tamen
1038 3986 1257 4062 interfuerat
1281 3987 1493 4092 recepcioni
1517 3986 1679 4062 duorum
1698 3983 1856 4060 fratrum

440 4114 486 4190 de
513 4116 652 4221 Lingua
681 4116 887 4225 Galligana,
918 4142 1081 4221 quorum
1109 4115 1287 4221 quislibet
1315 4115 1516 4193 vocabatur
1547 4115 1752 4205 lohannes,
1791 4116 1858 4189 sed

439 4272 569 4321 eorum
591 4248 811 4350 cognomina
836 4248 991 4353 ignorat.
1020 4246 1095 4339 Qui
1112 4245 1265 4322 fuerunt
1287 4247 1425 4351 recepti
1448 4275 1515 4352 per
1533 4247 1684 4322 fratrem
1703 4244 1858 4322 Gaufre·

439 4375 531 4451 dum
562 4376 608 4452 de
628 4375 817 4452 Bonavilla
844 4392 1100 4481 preceptorem
1126 4375 1301 4465 Pictavie,
1329 4377 1368 4451 in
1393 4376 1541 4451 instanti
1562 4372 1658 4451 festo
1678 4374 1857 4477 Assump-

438 4507 555 4583 cionis
576 4508 683 4585 beate
709 4506 822 4581 Marie
843 4522 953 4581 erunt
969 4506 1112 4580 circiter
1134 4532 1182 4581 xu
1198 4506 1304 4595 anni,
1330 4506 1368 4581 in
1391 4505 1531 4610 capella
1552 4504 1688 4583 domus
1707 4502 1856 4607 Templi

438 4635 726 4742 Andegavensis,
765 4633 1002 4739 presentibus
1024 4632 1200 4710 fratribus
1220 4635 1445 4712 Theobaldo
1466 4635 1641 4712 servienti
1663 4634 1751 4710 dicti
1772 4660 1856 4737 pre·

437 4764 612 4866 ceptoris,
638 4781 674 4839 et
697 4763 827 4840 multis
853 4762 934 4838 aliis
957 4789 1120 4865 quorum
1148 4789 1226 4838 non
1250 4764 1412 4842 habebat
1433 4765 1627 4855 noticiam,
1652 4764 1739 4870 quia
1760 4758 1854 4837 inibi
