4230 5956
632 451 828 547 enonas
859 471 955 542 nas
986 464 1324 542 rnnrnrnns'
1595 474 1669 547 ros

254 618 348 693 hanc
368 642 472 692 stram
492 613 789 718 deposicionem,
810 639 1008 718 quousque
1027 610 1285 689 attesteciones
1309 609 1450 685 luerint
1467 611 1669 716 publicate.

308 747 397 823 Acta
407 743 639 820 luerunthec
651 742 760 820 diaet
778 743 862 820 loco
876 741 1070 848 predictis,
1080 739 1317 846 presentibus
1329 739 1505 845 magistro
1515 741 1670 832 Amisio,

252 905 312 954 me
326 876 582 953 Floriamonte
598 873 814 964 Dondedei,
838 890 876 950 et
894 871 976 950 eliis
990 871 1153 948 notariis·
1164 899 1276 976 supra
1296 869 1431 947 ultimo
1453 868 1670 949 nominatis.

310 1134 504 1224 Posthac,
530 1133 592 1210 die
614 1133 789 1209 Mercurii
815 1132 1003 1238 sequenti,
1028 1159 1103 1236 que
1125 1130 1197 1208 luit
1218 1159 1300 1210 xxvi
1320 1131 1402 1208 dies
1422 1131 1511 1208 dicti
1533 1133 1671 1209 mensis

254 1265 354 1352 maii,
366 1264 519 1341 luerunt
531 1262 683 1340 adducti
702 1290 772 1370 pro
782 1262 942 1340 testibus
962 1262 1010 1339 ed
1028 1262 1259 1368 presenciam
1269 1262 1492 1339 eorumdem
1503 1260 1674 1339 domino·

253 1423 339 1471 rum
358 1392 715 1482 commissariorum,
740 1393 780 1469 in
800 1392 915 1473 domo
934 1392 1100 1498 predicta
1121 1391 1267 1469 domini
1290 1391 1390 1468 Petri
1406 1391 1453 1469 de
1467 1391 1670 1484 Sabaudia,

252 1524 382 1600 fratres
390 1522 579 1600 lohannes
588 1524 635 1600 de
642 1518 753 1600 ¹Cheli
763 1540 801 1599 et
812 1524 945 1599 Petrus
963 1522 1011 1599 de
1025 1521 1400 1630 MoydiesVienensis
1413 1539 1450 1597 et
1463 1522 1672 1628 Raynaldns

251 1652 344 1730 Belli
358 1652 429 1729 Pili
446 1653 494 1729 de
505 1651 656 1759 Capella
673 1653 720 1728 de
733 1652 935 1729 Daminhie
949 1651 1208 1730 Cabilonensis
1226 1651 1445 1740 diocesium,
1457 1652 1668 1730 servientes.

253 1783 329 1876 Qui
354 1783 470 1860 tactis
485 1784 724 1861 sacrosanctis
752 1783 951 1893 evangeliis
972 1781 1192 1890 juraverimt
1212 1783 1252 1858 in
1279 1784 1349 1858 isto
1365 1782 1521 1888 negocio
1545 1781 1670 1858 dicere

252 1940 394 1990 meram
418 1930 456 1988 et
477 1912 629 2018 plenam
646 1912 855 2001 veritatem,
882 1911 1092 2011 secundum
1111 1910 1270 1987 formam
1285 1910 1490 2016 juramenti
1510 1910 1668 1987 aliorum

251 2042 406 2117 testium
423 2042 596 2146 superius
614 2041 861 2146 registratam,
880 2041 1083 2146 expositam
1099 2036 1405 2146 etvulgarizatnm
1427 2038 1582 2115 eisdem.

309 2300 397 2390 Quo
416 2297 527 2388 facto,
551 2299 672 2375 dictus
695 2297 806 2375 frater
826 2299 1015 2376 lohannes
1036 2300 1083 2376 de
1102 2299 1229 2389 Cheli,
1251 2316 1369 2377 vestes
1387 2301 1547 2377 radiatas
1567 2299 1670 2375 dele·

252 2452 353 2517 rens,
375 2456 469 2504 cum¹
480 2427 621 2534 quibus
636 2445 765 2532 captus
778 2425 892 2504 fuisse
909 2426 1105 2504 dicebatur
1119 2428 1212 2504 dum
1231 2426 1392 2534 lugeret,
1409 2427 1568 2505 aliorum
1586 2456 1671 2533 cap-

253 2558 359 2635 cione
387 2558 532 2648 audita,
556 2556 710 2634 barbam
734 2583 854 2633 rasam
879 2556 1037 2647 habens,
1062 2584 1131 2634 xxx
1155 2585 1340 2634 annorum
1365 2557 1423 2635 vel
1448 2559 1559 2648 circe,
1582 2587 1668 2635 cum

252 2715 329 2794 quo
345 2687 567 2792 inquisitum
586 2685 723 2777 fuerat,
738 2685 934 2764 absolutus
948 2702 986 2763 et
1006 2686 1267 2764 reconciliatus
1286 2715 1360 2791 per
1369 2688 1567 2763 dominum
1588 2689 1667 2792 epi·

252 2844 406 2922 scopum
419 2817 746 2915 Matisconensom,
763 2815 869 2893 lactis
884 2833 923 2892 et
939 2815 1139 2922 diligenter
1157 2816 1333 2920 expositis
1352 2816 1423 2893 sibi
1438 2816 1616 2893 omnibus
1630 2835 1668 2893 et

251 2946 407 3052 singulis
428 2946 609 3034 articulis,
636 2944 831 3050 respondit
853 2973 892 3022 se
916 2945 1075 3035 nescire,
1102 2972 1170 3020 nee
1194 2944 1363 3033 credere,
1390 2972 1458 3021 nec
1483 2945 1666 3022 audivisse

252 3075 325 3150 dici
341 3075 389 3151 de
409 3077 596 3152 contentis
614 3075 656 3150 in
676 3079 731 3151 eis
753 3075 824 3150 nisi
847 3075 954 3180 quod
972 3073 1144 3179 sequitur
1159 3105 1168 3149 ε
1183 3071 1357 3151 videlicet
1379 3075 1485 3179 quod
1506 3075 1587 3180 ipse
1609 3103 1668 3151 re·

109 3222 118 3232 '
253 3221 382 3310 ceptus
394 3203 516 3281 fuerat
533 3205 573 3279 in
592 3203 754 3310 quadam
770 3231 915 3280 camera
931 3204 1068 3280 domus
1086 3202 1236 3309 Templi
1255 3203 1304 3281 de
1324 3205 1433 3281 Buris
1453 3204 1668 3312 Lingonen-

252 3334 300 3411 sis
324 3333 498 3424 diocesis,
526 3335 621 3410 circa
644 3335 785 3410 instans
806 3333 942 3412 festum
965 3333 1171 3412 Natiuitatis
1196 3335 1351 3411 Domini
1376 3351 1489 3411 erunt
1513 3361 1535 3411 x
1560 3345 1664 3426 anni,

252 3489 320 3566 per
333 3460 484 3538 lratrem
501 3464 698 3570 Hugonem
720 3462 767 3540 de
788 3462 985 3541 Penrando
1001 3462 1228 3540 visitatorem
1243 3464 1410 3552 Francis,
1427 3465 1667 3569 presentibus

252 3589 426 3667 fratribus
440 3591 632 3697 Stephano
647 3592 696 3668 de
707 3592 878 3683 Volenis,
890 3621 1008 3699 quem
1020 3593 1144 3670 ,credit
1156 3595 1289 3684 vivere,
1307 3594 1476 3700 Aymone
1491 3595 1664 3684 Duzelet,

252 3737 294 3795 ut
315 3719 386 3797 sibi
404 3721 565 3813 videtur,
586 3722 653 3827 qui
671 3720 918 3799 transfretavit
937 3739 974 3798 et
992 3724 1236 3828 postmodum
1256 3750 1333 3799 non
1353 3723 1481 3811 rediit,
1504 3698 1666 3800 servien-

252 3850 368 3940 tibus,
386 3851 525 3927 Poncio
545 3851 592 3929 de
612 3850 753 3930 Grandi
773 3852 917 3957 Campo
938 3868 975 3929 et
993 3852 1216 3930 llicerdode
1233 3853 1446 3930 Botincuria
1461 3852 1664 3943 militibus,

253 3978 469 4067 deffunctis,
490 3981 529 4054 in
551 3979 654 4058 hunc
680 3981 862 4059 modumz
889 4005 976 4057 nam
994 3982 1111 4086 petitu
1131 3998 1190 4057 ter
1211 3982 1386 4057 societate
1411 3981 1556 4057 ordinis
1574 4000 1612 4058 et
1631 3985 1666 4059 ai

253 4133 439 4197 concessa,
458 4108 547 4185 lecit
563 4135 653 4185 eum
669 4108 791 4187 dictus
805 4127 977 4215 receptor
990 4137 1123 4187 vovere
1142 4127 1182 4186 et
1192 4110 1321 4214 jurare
1337 4111 1557 4203 castitatem,
1574 4112 1667 4189 obe·

254 4235 456 4326 dienciam,
477 4237 597 4314 vivere
618 4238 697 4315 sine
722 4239 897 4343 proprio,
924 4256 961 4315 et
979 4238 1084 4343 quod
1105 4264 1183 4314 non
1207 4238 1386 4317 revelaret
1409 4257 1549 4317 secreta
1570 4242 1667 4346 capi·

251 4363 448 4451 tuliorum,
471 4395 541 4444 nee
559 4366 703 4473 aliquid
715 4368 821 4474 quod
835 4385 925 4445 tunc
939 4369 1048 4444 lieret
1061 4367 1121 4444 vel
1136 4368 1278 4446 diceret
1291 4370 1342 4458 ei,
1359 4369 1528 4475 predicto
1543 4369 1664 4477 quod,

253 4495 283 4571 si
306 4496 507 4588 revelaret,
533 4514 738 4603 poneretur
756 4499 797 4575 in
816 4526 978 4586 carcere,
1000 4498 1039 4574 in
1065 4527 1141 4604 quo
1162 4500 1236 4577 cito
1261 4518 1474 4583 moreretur
1491 4502 1549 4578 vel
1570 4529 1666 4578 nun·

252 4653 364 4730 quam
381 4626 428 4703 de
443 4654 490 4705 eo
506 4628 622 4706 exiret
629 4662 644 4718 ς·
662 4645 699 4706 et
718 4629 894 4734 imposito
907 4628 979 4706 sibi
992 4629 1189 4718 mantello,
1206 4648 1377 4737 receptor
1388 4631 1500 4709 etalii
1512 4630 1668 4709 fuerunt

252 4782 340 4832 eum
360 4758 518 4835 osculati
534 4759 573 4835 in
589 4784 675 4847 ore,
697 4777 735 4837 et
752 4758 831 4865 ipse
850 4760 955 4837 testis
972 4758 1046 4838 luit
1063 4760 1253 4840 osculatus
1270 4762 1414 4840 dietum
1433 4780 1666 4869 receptorem
