4230 5956
426 512 430 517 -
551 470 749 569 eneces
775 490 870 563 ons
896 487 1197 562 reuellens.
1534 492 1582 563 ro

167 631 287 715 lieret
303 631 406 710 Dicit
425 631 460 708 ei
480 632 636 736 insuper
655 631 778 708 dicttrs
796 631 985 708 lebannes
1004 629 1057 706 de¹
1070 628 1218 707 Ancnin
1236 628 1353 733 quod,
1374 629 1583 708 secundum

167 763 264 845 dicu
284 778 434 869 puncto,
455 759 618 839 debebat
634 761 794 839 osculari
810 760 850 836 in
868 788 943 838 eno
955 778 1190 866 receptorem
1209 786 1342 847 suumn
1359 758 1440 864 ipse
1456 775 1583 836 nmen

166 893 291 975 noluit
308 891 430 983 fucere
449 891 629 982 neclecit,
640 908 679 970 et
698 892 820 969 dictus
839 907 1012 997 receptor
1032 891 1125 967 dixit
1144 889 1180 968 ei
1199 889 1304 996 quod
1321 916 1399 966 non
1414 887 1584 976 curebat3

167 1023 239 1103 alin
262 1021 394 1101 illicite
410 1049 493 1101 non
512 1023 799 1100 intervenerunt
816 1021 857 1097 in
876 1020 1097 1128 recepcione
1121 1048 1188 1097 sue
1208 1018 1375 1127 predicta
1394 1044 1466 1096 nec
1485 1037 1584 1124 post.

167 1152 384 1260 Requisitns
400 1151 432 1228 si
451 1152 535 1243 scit,
550 1151 687 1238 credit,
706 1149 766 1227 vel
782 1150 926 1228 audivit
945 1150 1019 1228 dici
1040 1151 1147 1257 quod
1165 1150 1263 1227 dicta
1281 1147 1412 1227 illiciu
1433 1146 1492 1225 vel
1513 1147 1584 1225 elic

168 1282 436 1360 intervenirent
450 1282 491 1359 in
505 1279 790 1388 recepcionibus
812 1279 976 1358 eliorum
1001 1280 1159 1358 fratrum
1177 1280 1321 1356 ordinis
1335 1279 1394 1358 vel
1407 1296 1504 1386 post,
1526 1307 1585 1356 re-

168 1411 322 1517 spondit
335 1439 376 1489 se
395 1412 559 1503 nescire,
582 1440 653 1489 nec
667 1410 809 1488 sciebat
824 1410 924 1489 bene
944 1410 1050 1518 quod
1073 1410 1206 1488 fratres
1224 1410 1437 1501 crederent,
1457 1410 1545 1518 quie
1565 1438 1585 1486 e

167 1540 280 1620 fratre
305 1540 502 1620 Clemente
529 1541 582 1620 de
602 1540 744 1621 Grendi
771 1540 933 1634 villarii,
963 1541 1156 1648 quondam
1180 1541 1229 1618 de
1253 1540 1444 1647 parentela
1470 1541 1586 1647 ipsius

167 1672 289 1762 testis,
317 1689 355 1750 et
379 1671 532 1750 nfratm
559 1673 688 1750 Lucba
716 1674 763 1750 de
790 1673 949 1779 Semoy,
980 1671 1200 1751 combustis
1216 1672 1319 1779 apud
1341 1671 1583 1756 Silcnnetum,

168 1800 289 1881 brem
308 1802 453 1881 dictum
471 1802 541 1908 ipsi
562 1802 657 1885 testi,
669 1820 754 1909 post
773 1804 988 1909 capcionem
1007 1829 1140 1883 eorum
1157 1801 1258 1908 quod
1275 1801 1443 1907 predicta
1457 1799 1586 1876 illicita

168 1927 233 2007 vel
253 1929 325 2007 elia
345 1929 545 2009 inhonesta
571 1958 649 2008 non
673 1931 952 2009 intervenerunt
973 1931 1013 2007 in
1042 1929 1335 2035 recepcionibus·
1357 1957 1494 2006 eorum·
1517 1955 1588 2005 nec

169 2078 265 2165 pest.
283 2058 315 2135 A
330 2060 508 2140 frutribus
520 2087 610 2136 vero
623 2060 788 2137 ltoberto
801 2058 1046 2150 Rembenval,
1062 2076 1158 2137 teste
1173 2060 1345 2164 proximo
1360 2058 1584 2149 examinato,

171 2203 216 2265 et
232 2186 281 2265 nb
310 2187 393 2266 aliis
419 2188 461 2264 in
483 2187 647 2266 concilio
672 2188 848 2266 Remcnsi
875 2187 1066 2265 audiverat
1092 2189 1167 2265 dici
1194 2190 1301 2294 quod
1325 2189 1400 2294 ipsi·
1424 2187 1588 2264 fecerant

171 2314 303 2394 illicite
326 2318 506 2424 predicte.
541 2316 696 2395 Nullum
729 2318 846 2396 ulium
864 2318 969 2395 vidit
998 2318 1114 2423 recipi
1143 2318 1182 2393 in
1212 2319 1345 2395 ordine
1370 2347 1439 2395 nec
1468 2316 1589 2395 adluit

171 2445 342 2551 capitulis
361 2474 507 2524 eorum.
521 2446 741 2538 Item,.dixit
754 2447 859 2552 qnod
872 2447 951 2551 ipse
965 2446 1063 2524 bene
1079 2447 1258 2525 credebat
1267 2446 1589 2529 ecclesiasticen-

171 2576 382 2665 uenientis,
399 2593 438 2654 et
452 2576 571 2654 credit
584 2575 691 2682 quod
705 2576 768 2653 alii
785 2577 918 2653 fratres
931 2576 1076 2654 ordinis
1086 2575 1190 2653 bene
1206 2578 1414 2667 crederent,
1432 2596 1471 2656 et
1484 2579 1588 2684 quod

172 2731 306 2791 eorum
326 2706 538 2784 secerdotes
558 2705 687 2783 debite
702 2705 951 2785 celebrarent
973 2706 1109 2782 Statim
1122 2705 1383 2812 proprolcssis
1398 2707 1588 2785 hebeban-

172 2852 245 2909 tur.
266 2833 507 2912 Clandcstine
522 2834 812 2940 recipiebantur,
829 2834 945 2911 nullis
960 2834 1198 2940 presentibus
1209 2835 1283 2912 nisi
1295 2835 1474 2914 vfratribus
1488 2837 1589 2914 ordi-

172 2962 241 3039 nis.
264 2963 405 3040 duravit
424 2964 598 3041 ordinem
620 2992 697 3040 non
718 2964 817 3040 exire
837 2964 979 3070 absque
993 2963 1147 3040 licencia
1167 2966 1405 3071 superiorum
1419 2994 1586 3043 suorum.

171 3093 261 3172 Post
281 3095 496 3199 capcionem
511 3120 621 3172 suam
634 3093 777 3171 audivit
790 3093 863 3170 dici
876 3094 981 3200 quod
994 3120 1038 3169 ex
1052 3093 1293 3171 clandestinis
1306 3095 1590 3200 recepcionibus

173 3239 302 3303 contre
317 3223 492 3302 ordinem
507 3223 670 3330 suspicio
687 3221 907 3302 hebebatur.
926 3223 1112 3303 .Ccrdulis
1132 3225 1429 3304 unde-volebant
1439 3235 1591 3304 'assum-

172 3353 246 3458 ptis
259 3353 516 3459 cingebantur,
531 3355 579 3432 de
594 3353 770 3433 mandato
785 3353 1039 3460 superiorum,
1052 3382 1165 3462 super
1180 3352 1347 3434 camisias
1357 3384 1443 3434 cum
1451 3356 1591 3461 quibus

170 3481 354 3588 jacebant.
381 3483 651 3593 lnjungebatur
677 3484 731 3563 eis
755 3513 803 3562 ne
827 3484 1035 3562 revelarent
1058 3505 1200 3565 secreta
1223 3485 1499 3592 capitulorum,
1524 3489 1592 3565 sed

175 3640 251 3692 nou
271 3611 410 3691 recolit.
422 3614 454 3692 si
479 3641 651 3721 expresse
670 3613 742 3693 luit
760 3614 833 3693 sibi
851 3614 1060 3695 inhibitum
1077 3644 1133 3695 ne·
1145 3615 1327 3695 revelaret
1345 3618 1504 3696 modum
1524 3645 1591 3693 sue

175 3744 422 3850 recepcionis3
433 3745 756 3851 quirevelessent,
773 3746 897 3851 puniti
910 3745 1078 3837 fuissem,
1092 3748 1211 3826 nescit
1224 3746 1397 3854 qualiter,
1417 3746 1592 3852 lnjunge-

143 3907 147 3913 ·
174 3869 286 3951 batur
305 3872 360 3950 eis
377 3872 484 3978 quod
502 3873 644 3983 ubsque
662 3875 819 3953 licencia
830 3903 917 3954 -non
938 3875 1209 3955 confiterentur
1227 3876 1308 3953 eliis
1328 3877 1401 3954 nisi
1419 3875 1590 3952 sucerdo-

174 3999 278 4081 tibus
295 4000 453 4095 ordinis,
463 4020 508 4083 et
521 4005 601 4110 ipse
614 4005 733 4094 testis,
754 4003 809 4084 de.
823 4005 977 4084 licencia
993 4006 1084 4083 dicti
1097 4006 1221 4085 fratris
1234 4002 1361 4112 Egidii
1373 4005 1507 4091 curati,
1519 4004 1592 4083 fuit

175 4129 298 4209 indie
313 4157 382 4209 sue
397 4133 628 4237 recepcionis
641 4134 839 4214 confessus
854 4135 901 4214 de
916 4134 1027 4212 dietis
1036 4132 1591 4240 erroribus-Philippopreebi-

173 4274 259 4338 tero
271 4259 449 4352 werden,
466 4279 596 4342 curete
608 4265 802 4368 quondum
816 4263 978 4341 ecclesie
986 4263 1036 4340 de
1051 4263 1211 4352 Bonfles,
1226 4265 1445 4372 propinque·
1456 4267 1592 4345 domus

176 4385 445 4493 inqua-lueret
460 4407 645 4494 receptus,
665 4406 889 4497 potestatem
902 4391 1070 4481 babenti,
1084 4410 1133 4470 ut
1147 4392 1352 4482 dicebatur,
1375 4397 1592 4473 dominini»

176 4516 843 4628 cbiepiscopillctbomagensis,qui
868 4520 1027 4600 absolvit
1045 4544 1152 4612 eum,
1177 4524 1350 4630 imposita
1380 4526 1592 4632 penitencia

176 4645 284 4754 qued
294 4646 489 4755 jejunaret
498 4648 612 4730 sextis
623 4647 727 4729 feriis
745 4677 814 4759 per
824 4678 964 4730 sunum
979 4651 1025 4728 in.
1033 4670 1129 4760 pene
1146 4670 1184 4731 et
1199 4655 1313 4762 equa-,2
1322 4654 1427 4762 quod
1440 4672 1482 4734 et·
1491 4656 1590 4747 lecit,

179 4790 222 4853 ut
235 4775 352 4857 dixit.-
370 4778 517 4861 Fratres
542 4779 706 4859 seientes
721 4780 1594 4892 errores-fueruntnegligenteszquivnenmra
