4230 5956
474 462 543 536 im
859 442 1051 534 procus
1077 461 1170 533 uns
1196 460 1493 535 murmuras.

470 602 598 680 illicita
628 600 832 680 confessam
860 629 929 708 per
955 629 1042 679 eum
1070 617 1136 677 aut
1164 599 1234 677 alia
1266 599 1463 683 inhonesta
1490 600 1759 677 intervenirent
1783 630 1886 681 com-

469 733 634 809 muniter
662 732 702 809 in
730 730 1012 838 recepcionibus
1042 729 1200 808 aliorum
1233 758 1304 807 seu
1325 746 1426 835 post,
1452 729 1646 836 respondit
1669 758 1708 806 se
1730 731 1883 810 credere

469 863 573 968 quod
598 862 649 938 sic
675 862 721 938 de
744 859 958 938 consessatis
984 888 1052 967 per
1081 889 1187 950 cum,
1217 859 1305 966 quia
1324 859 1416 936 vidit
1439 886 1507 965 per
1525 858 1706 936 eumdem
1725 862 1883 941 modum

468 993 582 1098 recipi
603 992 807 1098 quemdam
838 989 1010 1079 fratrem,
1041 991 1147 1099 cujus
1171 1017 1317 1068 nomen
1350 1006 1388 1067 et
1411 1017 1620 1097 cognomen
1654 990 1816 1097 ignorat,
1846 995 1885 1069 in

468 1122 632 1228 quadam
652 1149 797 1198 camera
823 1119 959 1198 domus
978 1119 1128 1226 Templi
1154 1119 1201 1196 de
1217 1119 1333 1206 Nicia,
1354 1136 1445 1197 sunt
1464 1145 1551 1198 xvm
1580 1119 1667 1197 anni
1694 1120 1752 1198 vel
1773 1122 1884 1212 circa,

468 1281 536 1358 per
558 1253 701 1330 dictum
729 1268 962 1357 receptorem
990 1279 1120 1342 suum,
1149 1249 1387 1356 presentibus
1412 1249 1521 1328 dictis
1541 1249 1690 1328 duobus
1711 1234 1887 1330 iratribus

470 1382 567 1460 dicte
584 1383 710 1490 Baylie
725 1401 761 1460 et
776 1382 968 1471 Niciensis,
984 1410 1149 1489 quorum
1162 1382 1316 1458 nomina
1330 1396 1368 1457 et
1381 1381 1606 1486 cognomina
1623 1381 1785 1489 ignorat3
1801 1383 1887 1491 plu-

468 1513 567 1590 rium
600 1512 883 1619 recepcionibus
914 1540 991 1590 non
1020 1511 1151 1588 adfuit.
1180 1512 1293 1602 Item,
1325 1510 1419 1586 dixit
1449 1508 1552 1616 quod
1583 1510 1681 1588 bene
1710 1513 1885 1591 credebat

470 1642 727 1721 ecclesiasticis
743 1643 998 1731 sacramentis,
1020 1659 1057 1719 et
1079 1641 1198 1718 credit
1215 1640 1320 1747 quod
1344 1639 1406 1716 alii
1434 1638 1566 1718 fratres
1584 1641 1729 1720 ordinis
1749 1643 1883 1723 eodem

468 1775 584 1852 modo
612 1774 827 1861 crederent,
858 1791 897 1851 et
933 1773 1039 1881 quod
1065 1800 1198 1851 eorum
1231 1772 1443 1849 sacerdotes
1478 1770 1605 1850 debite
1637 1772 1880 1851 celebrarent.

470 1903 603 1982 Statim
624 1932 692 2011 pro
716 1902 892 2010 professis
916 1902 1166 1991 habebantur,
1188 1918 1234 1979 et
1257 1900 1438 2010 jurabant
1460 1901 1633 1980 ordinem
1664 1930 1741 1981 non
1771 1905 1882 1982 exire.

469 2032 710 2112 Clandestine
734 2033 1022 2143 recipiebantur,
1049 2031 1165 2109 nullis
1178 2029 1416 2137 presentibus
1439 2031 1511 2109 nisi
1530 2030 1705 2111 fratribus
1722 2033 1883 2126 ordinis,

470 2192 512 2238 ex
541 2189 617 2268 quo
648 2164 768 2241 credit
802 2163 907 2269 quod
934 2179 1031 2241 esset
1059 2161 1220 2267 suspicio
1249 2177 1376 2239 contra
1406 2188 1483 2239 eos.
1519 2161 1694 2242 Cordulis
1728 2165 1886 2272 sumptis

470 2291 572 2368 unde
603 2292 778 2369 volebant
806 2292 1052 2397 cingebantur
1082 2320 1196 2397 super
1223 2290 1391 2369 camisias
1415 2320 1502 2369 cum
1532 2291 1672 2398 quibus
1696 2292 1882 2401 jacebant.

469 2421 739 2529 injungebatur
756 2422 809 2499 eis
830 2448 898 2527 per
922 2438 1193 2499 sacramentum
1215 2421 1320 2528 quod
1343 2449 1419 2499 non
1438 2420 1647 2500 revelarent
1665 2439 1803 2501 secreta
1827 2452 1883 2501 ca·

469 2551 712 2656 pituliorum‚
740 2552 787 2630 de
817 2551 933 2629 modo
961 2552 1191 2659 recepcionis
1221 2551 1372 2658 speciali
1398 2578 1475 2629 non
1504 2551 1630 2630 babita
1663 2554 1881 2644 mencione;

469 2683 534 2787 qui
552 2682 793 2776 revelassent,
805 2682 976 2761 habitum
996 2681 1263 2789 perdidissent,
1283 2699 1322 2760 et
1338 2681 1447 2760 aliter
1455 2682 1579 2789 puniti
1588 2701 1724 2762 essent.
1734 2683 1883 2790 Absque

469 2813 623 2892 licencia
659 2842 735 2892 non
771 2831 946 2921 poterant
980 2813 1062 2891 aliis
1097 2841 1210 2919 quam
1245 2811 1505 2911 sacerdou'bus
1536 2812 1680 2891 ordinis
1697 2815 1881 2894 confiteri.

469 2942 600 3020 Credit
617 2943 721 3049 quod
741 2942 870 3019 illicita
898 2941 1101 3021 confessata
1127 2970 1303 3049 pereum
1324 2959 1450 3021 essent
1475 2958 1562 3020 nota
1576 2940 1762 3020 -fratribus
1780 2944 1883 3020 ordi-

469 3073 541 3158 nis,
575 3090 613 3148 et
639 3072 743 3178 quod
774 3071 1004 3179 negligentes
1032 3073 1188 3150 luerunt
1208 3073 1252 3149 -in
1284 3072 1339 3150 eis
1365 3071 1607 3180 corrigendis.
1636 3072 1677 3149 ln
1705 3071 1883 3151 domibus

365 3245 370 3255 ·
469 3200 612 3276 ordinis
637 3201 678 3276 in
693 3201 832 3307 quibus
847 3202 967 3279 extitit
991 3218 1261 3295 commoratus,
1283 3202 1376 3280 vidit
1391 3201 1614 3280 elemosinas
1634 3218 1672 3279 et
1690 3204 1883 3310 hospitali-

468 3347 581 3406 tatem
610 3331 875 3409 convenienter
898 3330 979 3408 fieri
1003 3349 1040 3409 et
1069 3333 1222 3424 servari3
1250 3350 1289 3411 et
1314 3332 1455 3411 audivit
1481 3331 1621 3442 precipi
1651 3335 1755 3441 quod
1783 3334 1883 3413 bona

469 3478 505 3537 et
517 3462 604 3568 jura
628 3461 771 3538 ordinis
787 3461 913 3540 debite
935 3480 1213 3552 conservarent,
1231 3481 1270 3540 et
1284 3464 1386 3570 quod
1407 3490 1539 3541 eorum
1559 3463 1753 3572 capitulia,
1769 3465 1881 3556 clam,

468 3589 581 3666 nullis
622 3592 857 3697 presentibus
885 3593 955 3669 nisi
984 3591 1176 3682 fratribus,
1208 3593 1444 3681 tenebantur,
1477 3610 1515 3670 et
1552 3593 1789 3700 ponebantur
1819 3625 1883 3673 cu-

467 3722 594 3798 stodes
621 3750 668 3798 ne
689 3722 736 3799 ab
754 3750 886 3800 eorum
907 3721 1154 3802 familiaribus
1178 3724 1237 3801 vel
1263 3722 1345 3801 aliis
1372 3723 1533 3800 exterius
1562 3724 1779 3801 audirentur
1809 3754 1884 3832 que

467 3853 626 3929 interius
641 3850 857 3961 agebantur.
875 3852 1056 3930 Ordinata
1075 3881 1144 3959 per
1158 3852 1377 3960 Magistrum
1400 3881 1486 3929 cum
1504 3870 1688 3931 conventu
1707 3871 1883 3931 servasset

468 3999 568 4060 totus
583 3984 694 4075 ordo,
720 4000 847 4062 contra
864 4011 978 4090 quem
998 4013 1102 4061 nunc
1116 3985 1272 4093 grandia
1295 3983 1484 4074 seandala,
1505 3985 1665 4091 suspicio
1680 4003 1717 4061 et
1730 3983 1881 4060 infamia

468 4129 555 4186 sunt
581 4130 721 4204 exorta,
746 4131 784 4190 et
808 4129 934 4190 contra
959 4142 1072 4221 quem
1098 4114 1200 4191 idem
1222 4114 1399 4221 Magister
1419 4112 1537 4196 etalii
1559 4114 1681 4220 aliqua
1706 4112 1884 4189 dicuntur

465 4238 579 4316 luisse
600 4242 774 4334 confessu
796 4245 843 4320 ad
864 4245 972 4353 cujus
992 4245 1136 4323 ordinis
1157 4243 1417 4322 defensionem
1437 4272 1575 4322 senon
1595 4242 1792 4321 obtulerat.

407 4441 410 4447 .
523 4371 738 4477 Requisitus
748 4374 777 4449 si
795 4374 847 4450 sic
863 4374 1086 4480 deposuerat
1103 4402 1230 4481 prece,
1244 4391 1438 4481 precepto,
1449 4373 1604 4461 timore,
1621 4401 1766 4464 amore,
1781 4374 1882 4459 odio,

464 4498 523 4575 vel
541 4501 740 4606 temporali
761 4504 921 4580 comodo
937 4503 1066 4580 habito
1082 4504 1139 4581 vel
1162 4503 1355 4596 habendo,
1372 4503 1568 4610 respondit
1580 4503 1684 4610 quod
1700 4531 1793 4594 non,
1817 4503 1885 4580 sed

464 4657 532 4733 pro
554 4631 706 4709 veritate
731 4631 910 4721 dicenda;
937 4632 997 4707 eui
1026 4632 1096 4708 fuit
1123 4633 1334 4738 injunctum
1362 4634 1467 4740 quod
1488 4662 1566 4711 non
1585 4633 1765 4711 revelaret
1789 4631 1884 4710 hanc

465 4783 570 4833 suam
591 4759 890 4863 deposicionem,
909 4788 1112 4867 quousque
1126 4764 1383 4841 attestaciones
1402 4762 1543 4842 fuerint
1562 4764 1759 4870 publicate.
