4230 5956
618 474 1261 566 raocnsnasraurmaas.
1487 576 1489 580 ¹
1577 494 1647 563 125

235 635 383 720 ordine,
401 650 439 708 et
453 631 567 738 aliqui
583 632 692 711 male.
713 631 899 738 Capitolia
918 630 1056 736 quibus
1071 629 1192 706 adluit
1205 627 1297 704 vidit
1311 629 1429 704 teneri
1451 629 1650 734 aliquando

235 762 363 841 dedic
385 760 644 867 etaliquando
670 763 717 839 de
738 778 864 850 nocte,
889 758 1003 835 nullis
1028 756 1264 866 presentibus
1293 756 1363 832 nisi
1389 756 1564 834 fratribus
1594 787 1651 834 or-

234 893 347 981 dinis,
374 891 500 997 januis
524 892 672 981 clausis,
703 893 849 999 proviso
872 919 920 967 ne
951 890 1142 967 audiretur
1170 888 1331 965 exterius
1365 887 1468 993 quod
1496 887 1652 964 interius

234 1023 422 1132 agebatur.
451 1022 632 1100 Ordinata
659 1050 726 1129 per
756 1022 974 1129 Magistrum
1003 1048 1089 1095 cum
1125 1034 1309 1094 conventu
1344 1034 1520 1092 servasset
1548 1032 1651 1093 totus

234 1155 346 1242 ordo,
369 1169 495 1229 contra
516 1180 631 1256 quem
649 1179 751 1228 nunc
770 1151 921 1257 grandia
941 1149 1128 1239 scandala,
1150 1147 1311 1253 suspicio
1337 1165 1374 1223 et
1395 1145 1546 1222 infamia
1566 1167 1653 1224 sunt

237 1300 381 1369 exorta,
397 1299 434 1358 et
449 1281 567 1358 credit
581 1282 684 1387 quod
699 1280 789 1357 dicti
806 1308 950 1357 errores
965 1279 1158 1357 conlassati
1173 1307 1241 1385 per
1258 1306 1344 1355 eum
1361 1293 1485 1353 essent
1498 1277 1537 1352 in
1552 1278 1652 1354 dicto

237 1413 370 1489 ordine
390 1429 474 1488 ante
495 1411 575 1517 ejus
596 1412 873 1517 recepcionem,
891 1428 929 1487 et
951 1411 1054 1516 quod
1075 1438 1139 1486 eos
1163 1435 1319 1514 magnus
1338 1408 1513 1514 Magister
1533 1406 1652 1484 etalii

236 1543 310 1618 sint
329 1540 498 1618 confessi.
1709 1528 1712 1534 ⁸

293 1671 507 1777 Requisitus
536 1671 646 1748 sisic
676 1671 901 1775 deposuerat
932 1699 1062 1776 prece,
1094 1689 1292 1777 precepto,
1313 1671 1469 1760 timore,
1503 1695 1649 1756 amore,

237 1804 341 1893 odio,
364 1802 422 1879 vel
453 1802 653 1907 temporali
683 1801 846 1878 comodo
874 1801 1004 1878 habito
1033 1801 1090 1877 vel
1121 1801 1313 1887 habendo,
1331 1797 1526 1904 respondit
1548 1798 1652 1904 quod

238 1961 331 2023 non,
357 1933 424 2008 sed
445 1961 512 2035 pro
529 1932 680 2008 veritate
704 1929 881 2016 dicenda3
903 1930 964 2005 cui
988 1930 1297 2036 fuitinjunctum
1317 1929 1422 2034 quod
1447 1955 1524 2003 non
1550 1953 1653 2002 reve-

238 2063 332 2139 laret
349 2062 444 2137 hanc
470 2088 574 2137 suam
597 2059 895 2166 deposicionem,
916 2085 1115 2164 quousque
1135 2058 1392 2135 attestaciones
1414 2057 1556 2133 luerint
1582 2087 1650 2161 pu-

238 2191 394 2278 blicate3
413 2207 450 2266 et
465 2216 542 2266 non
559 2188 749 2265 obtulerat
761 2216 808 2265 'se
829 2187 878 2267 ad
897 2187 1170 2269 deffensionem
1190 2187 1343 2266 ordinis.
1366 2212 1367 2219 ¹

295 2453 423 2528 Frater
453 2451 681 2529 Guillelmus
712 2449 758 2525 de
788 2451 960 2556 Masayas.
980 2449 1105 2537 miles,
1133 2448 1449 2527 claramontensis
1476 2450 1649 2540 diocesis,

239 2581 344 2657 testis
364 2609 474 2687 supra
485 2582 654 2687 juratus,
677 2577 899 2655 mantellum
916 2579 1059 2655 ordinis
1079 2596 1118 2656 ct
1136 2578 1290 2656 barbam
1319 2579 1525 2668 defferens,
1546 2584 1655 2686 quin-

241 2709 490 2816 quagenarius
515 2709 573 2784 vel
600 2709 713 2797 circa,
746 2736 832 2784 curn
863 2736 939 2813 quo
970 2707 1194 2814 inquisitum
1226 2707 1364 2799 luerat,
1396 2709 1590 2787 absolutus
1617 2727 1655 2786 et
1743 2752 1751 2767 a

241 2837 501 2916 reconciliatus
525 2865 592 2944 per
622 2837 818 2914 dominum
857 2837 1074 2944 episcopum
1103 2837 1465 2925 Claramontensem,
1496 2838 1600 2915 lectis
1617 2857 1677 2923 et¹

242 2967 441 3075 diligenter
469 2967 644 3071 expositis
674 2967 744 3043 sibi
775 2965 951 3045 omnibus
984 2985 1022 3044 et
1060 2967 1217 3075 singulis
1247 2966 1431 3057 articulis,
1460 2969 1654 3073 respondit

241 3095 345 3202 quod
370 3123 564 3200 nunquam
584 3096 727 3173 viderat
757 3093 922 3202 aliquem
948 3096 1064 3173 aliurn
1084 3097 1198 3202 recipi
1218 3099 1256 3173 in
1274 3097 1424 3190 ordine,
1446 3127 1515 3175 nec
1539 3098 1653 3175 inter-

241 3226 361 3303 fuerat
391 3223 563 3329 capitulis
587 3225 830 3317 eorumdem,
861 3253 930 3301 nec
952 3225 1074 3303 fuerat
1099 3227 1138 3302 in
1159 3227 1309 3317 ordine,
1330 3228 1400 3305 nisi
1420 3257 1488 3334 per
1513 3256 1653 3305 annum

242 3381 329 3431 cnm
353 3353 513 3431 dimidio
542 3354 600 3430 vel
627 3354 721 3430 circa
750 3371 834 3431 ante
865 3356 1080 3460 capcionem
1112 3384 1264 3449 eorum,
1292 3359 1381 3465 quia
1409 3357 1531 3435 fuerat
1555 3387 1655 3435 rece-

241 3471 327 3588 ptus
341 3483 379 3557 in
393 3483 544 3558 instanti
559 3482 654 3561 sesto
670 3483 950 3591 Assumpcionis
968 3484 1077 3563 beate
1097 3487 1212 3564 Marie
1229 3506 1341 3564 erunt
1359 3488 1529 3595 quinque
1544 3488 1652 3566 anni:

242 3612 346 3717 prius
364 3629 491 3688 tamen
515 3612 637 3690 luerat
657 3614 817 3692 donatus
839 3642 970 3691 eorum
991 3644 1058 3721 per
1085 3614 1149 3694 nrli
1178 3645 1294 3695 annos
1321 3617 1379 3695 vel
1407 3619 1516 3710 circa,
1553 3619 1655 3695 unde

244 3741 445 3832 nesciebat,
473 3772 542 3820 nec
565 3744 759 3834 credebat,
781 3773 850 3821 nec
881 3746 1071 3823 audiverat
1098 3747 1172 3823 dici
1203 3748 1250 3824 de
1272 3748 1455 3825 contentis
1480 3749 1519 3824 in
1547 3749 1656 3823 dictis
1685 3764 1689 3771 '

243 3873 409 3951 articulis
437 3874 508 3951 nisi
536 3875 640 3981 quod
672 3876 853 3981 sequitur.
879 3877 981 3954 Dixit
1001 3877 1103 3953 enim
1123 3906 1162 3954 se
1181 3876 1295 3956 luisse
1313 3895 1506 3983 receptum
1534 3877 1572 3952 in
1597 3906 1656 3953 ca-

243 4002 342 4107 pella
367 4005 503 4080 domus
517 4004 667 4111 Templi
685 4005 732 4082 de
752 4004 862 4082 Sellis
880 4006 1197 4084 claramontensis
1224 4007 1400 4093 diocesis,
1418 4035 1485 4111 per
1504 4005 1656 4084 fratrem

244 4132 492 4209 Bertrandum
522 4134 569 4208 de
601 4135 764 4242 Sartiges
793 4135 971 4225 militem,
999 4153 1092 4212 tunc
1118 4151 1377 4241 preceptorem
1406 4136 1453 4212 de
1478 4135 1653 4227 Carlac0,

244 4261 308 4364 qui
330 4278 385 4337 est
410 4289 510 4339 unus
539 4263 587 4339 de
618 4280 697 4340 mr‘r
716 4267 915 4371 assumptis
941 4266 981 4341 in
1006 4267 1076 4343 isto
1108 4294 1283 4371 processu
1308 4268 1356 4344 ad
1387 4269 1657 4349 deffensionem

245 4389 407 4477 ordinis,
430 4393 666 4496 presentibus
688 4392 865 4472 fratribus
893 4393 1103 4474 Guillelmo
1126 4399 1297 4476 Tertoris
1317 4373 1541 4506 presbitero,
1563 4421 1656 4480 teste

246 4518 359 4596 hodie
385 4520 510 4626 jurato
543 4521 611 4598 sed
642 4524 814 4600 nondum
845 4524 1072 4617 examinato,
1097 4528 1208 4604 Petro
1234 4526 1444 4636 Alteyraco,
1478 4533 1658 4610 Durando

245 4648 458 4742 Charnerii‚
482 4669 519 4728 et
535 4651 742 4730 Guillelmo
763 4653 1011 4733 servientibus
1029 4656 1151 4734 lliomi
1173 4658 1212 4733 in
1234 4657 1404 4737 Alvernia
1421 4661 1600 4756 detentis,
1623 4682 1660 4741 et

246 4779 405 4858 Martino
436 4798 473 4858 et
501 4780 581 4859 aliis
610 4812 775 4889 qnorum
800 4784 1019 4893 cognomina
1050 4787 1209 4896 ignorat,
1245 4788 1463 4880 deffunctis,
1494 4793 1531 4870 in
1558 4796 1660 4874 hunc
