4230 5956
373 1140 605 1241 lluyntundus¹
637 1143 853 1213 miseracione
879 1137 994 1213 diuino
1022 1141 1178 1214 Elaeusis
1213 1144 1397 1240 episeopus,
1437 1157 1502 1216 etc.
1542 1144 1737 1243 Recepimus

315 1269 480 1367 quosdam
502 1271 631 1344 litteras
649 1268 819 1345 reverendi
839 1273 871 1342 in
892 1270 1025 1346 Christo
1045 1275 1156 1371 petris
1179 1270 1305 1344 domini
1325 1270 1447 1374 Egidii
1476 1271 1596 1347 divina
1616 1274 1738 1377 provi-

317 1398 446 1473 dencia
469 1417 590 1474 sancte
611 1400 861 1475 Narbonensis
887 1400 1040 1476 ecclesie
1063 1400 1346 1504 archiepiscopi,
1373 1417 1455 1489 etc,
1482 1431 1623 1505 quornm
1644 1419 1737 1481 tenor

316 1530 393 1603 tulis
411 1545 481 1604 est:

371 1660 525 1762 Egidius
557 1661 801 1764 permissione
836 1661 958 1735 divina
996 1679 1117 1736 sancte
1151 1662 1397 1738 Narbonensis
1431 1662 1584 1739 ecclesie
1616 1664 1735 1742 archi-

315 1790 525 1894 episcopus,
555 1806 642 1876 etc.,
670 1791 868 1895 Roymunclo
890 1792 1033 1866 Elaensi
1052 1792 1225 1896 episcopo
1250 1792 1407 1868 salutem
1432 1811 1468 1869 et
1492 1795 1674 1869 sinceram
1694 1796 1732 1869 in

314 1920 477 1995 Domino
501 1921 702 1995 caritatem.
732 1922 889 1995 Litteras
911 1921 1128 1997 sanctissimi
1154 1922 1267 2024 patris
1287 1937 1319 1995 rt
1340 1923 1466 1997 domini
1484 1900 1590 1999 nostri
1608 1924 1734 2000 domini

317 2050 494 2126 Clementis
515 2079 605 2151 pope
629 2054 753 2151 quinti,
784 2065 864 2136 etc,
896 2051 1092 2126 caecidisse
1113 2069 1150 2125 et
1170 2079 1292 2126 coram
1316 2052 1425 2129 nobis
1444 2052 1582 2158 perlegi
1602 2054 1732 2132 fecisse

312 2181 503 2269 noveritis,
523 2207 683 2284 quarum
704 2196 809 2255 tenor
826 2182 903 2256 telis
917 2197 983 2256 est:

370 2310 550 2388 «Clemens
571 2316 758 2413 episcopus,
785 2339 911 2386 servus
928 2338 1118 2386 servorum
1139 2312 1227 2396 Dei,
1255 2331 1323 2387 etc.
1348 2315 1499 2389 Faciens
1520 2315 1731 2392 misericor-

313 2479 324 2506 «ι
341 2442 457 2527 (liam,
483 2460 551 2517 etc.
571 2441 672 2544 (Voir
688 2457 772 2517 cette
792 2443 898 2529 belle,
926 2456 1011 2516 tome
1031 2443 1061 2527 l,
1077 2469 1180 2544 popes
1198 2441 1292 2543 2-7.)

368 2612 379 2637 «
395 2575 529 2648 Datum
549 2572 718 2658 Pictavis,
732 2599 757 2647 u
774 2571 859 2647 idus
878 2571 1041 2677 augusti,
1059 2569 1297 2675 pontificatus
1318 2575 1433 2654 nostri
1455 2554 1550 2650 alano
1571 2576 1729 2651 tercio.»

366 2705 492 2779 Tenor
507 2730 593 2778 vero
613 2702 854 2778 articulorum
869 2703 917 2777 de
936 2702 1076 2807 quibus
1090 2700 1134 2776 fit
1147 2704 1293 2778 mencio
1310 2704 1347 2777 in
1369 2703 1500 2779 litteris
1518 2705 1730 2808 apostolicis

311 2833 545 2937 supradictis,
564 2861 660 2939 quos
675 2833 745 2909 sub
765 2861 849 2908 vera
868 2832 970 2908 bulla
989 2833 1106 2938 ipsius
1128 2832 1273 2907 domini
1305 2834 1421 2907 nostri
1447 2834 1586 2910 summi
1606 2836 1730 2938 ponti-

310 2963 389 3039 licis
414 2981 450 3039 et
463 2963 529 3039 filo
552 2964 700 3068 canapis
721 2963 882 3039 inclusos
901 2962 1129 3066 recepimus,
1152 2961 1327 3049 vidimus,
1347 2963 1534 3039 tenuimus
1552 2981 1589 3039 et
1604 2992 1728 3041 coram

310 3095 417 3170 nobis
436 3093 574 3199 perlegi
591 3093 765 3179 lecimus,
788 3093 958 3198 sequitur
974 3093 1014 3167 in
1035 3078 1105 3167 bec
1125 3092 1257 3167 verba:

367 3225 454 3300 «lsti
486 3240 574 3299 sunt
592 3224 738 3300 articuli
761 3251 875 3329 super
900 3222 1039 3328 quibus
1064 3222 1274 3328 inquiretur
1293 3241 1418 3299 contra
1439 3223 1569 3299 fratres
1588 3225 1728 3301 ordinis

311 3353 472 3430 «milicie
492 3353 657 3460 Templi,
683 3374 861 3460 tanquam
885 3371 1012 3430 contra
1036 3354 1240 3459 singulares
1259 3353 1513 3460 multipliciter
1532 3354 1727 3431 infamatos

310 3502 374 3560 «et
399 3486 642 3562 vehementer
669 3503 860 3592 suspectos
891 3513 1004 3591 snper
1033 3486 1216 3561 contentis
1248 3486 1285 3559 in
1312 3486 1452 3561 eisdem
1480 3485 1663 3573 articulis,
1690 3502 1727 3559 et

309 3656 322 3682 α
337 3618 497 3693 maximo
518 3616 688 3692 scandalo
710 3634 836 3693 contra
853 3643 918 3692 eos
936 3644 1049 3721 super
1067 3615 1139 3691 hiis
1160 3615 1347 3691 existente.

364 3786 376 3813 «ι
392 3747 546 3824 Articuli
562 3765 688 3825 contra
702 3747 906 3851 singulares
923 3773 1100 3850 personas
1120 3744 1261 3821 ordinis
1280 3745 1415 3820 milicie
1430 3744 1592 3849 Templi:

366 3916 377 3942 ιι
393 3878 538 3965 Primo,
560 3877 662 3983 quod
681 3877 718 3951 in
738 3876 957 3980 recepoione
973 3903 1037 3951 sua
1059 3892 1096 3950 et
1110 3874 1336 3981 quandoque
1353 3892 1450 3980 post,
1468 3893 1536 3950 etc.
1554 3875 1679 3975 »lVoir
1691 3875 1724 3949 la

308 4010 393 4082 suite
412 4009 453 4084 de
469 4037 521 4082 ces
541 4009 684 4084 articles>
698 4036 744 4083 ou
767 4022 852 4082 tome
873 4009 906 4091 l,
922 4035 1026 4110 pupas
1045 4004 1188 4108 89-96.)
1222 4050 1225 4055 v

353 4200 358 4226 ¹
383 4199 424 4258 Ce
441 4200 687 4287 manuscribsur
701 4203 801 4282 papier
815 4211 915 4267 coton,
931 4221 978 4281 ap
1055 4198 1258 4280 reproduction
1284 4200 1320 4258 de
1341 4199 1415 4258 deux
1436 4209 1510 4256 actes
1531 4197 1594 4278 dejci
1614 4198 1722 4256 inseres

307 4303 431 4383 partierit
446 4301 463 4362 is
477 4301 504 4361 la
518 4300 722 4385 bibliotheque
735 4301 880 4363 nationale
896 4300 977 4382 (cod.
1053 4303 1127 4362 dans
1146 4302 1173 4363 le
1192 4305 1318 4385 premier
1331 4303 1461 4370 volume,
1481 4322 1557 4360 nous
1569 4320 1643 4359 nous
1658 4300 1723 4359 bor·

309 4403 383 4464 Coto.
405 4405 808 4489 1145‚1thin3918).Les
826 4404 897 4464 trois
916 4425 979 4486 pre·
1054 4405 1326 4470 nonsaendonuer
1341 4405 1377 4464 ici
1391 4404 1433 4465 les
1447 4403 1603 4486 premieres
1618 4400 1722 4463 elder
1816 4400 1822 4413 '

307 4508 394 4566 miers
409 4506 533 4567 feuillets
547 4519 614 4568 sont
627 4505 700 4567 dans
712 4530 752 4568 un
768 4506 807 4567 tel
818 4511 875 4566 etat
886 4505 922 4567 de
932 4506 977 4567 do·
1054 4510 1148 4570 nieres
1167 4508 1268 4592 lignes.
1289 4509 1344 4569 Les
1365 4519 1441 4567 mots
1462 4528 1499 4566 en
1522 4504 1640 4587 italique
1658 4513 1723 4563 sont

307 4609 471 4691 gradation,
491 4609 562 4692 qu'il
582 4612 633 4670 erit
651 4615 696 4670 ete
717 4609 786 4670 bien
805 4607 922 4670 difficile
942 4609 980 4670 de
1053 4632 1124 4671 oeus
1141 4633 1199 4694 que
1214 4633 1289 4671 nous
1303 4632 1392 4670 avons
1407 4607 1540 4692 supplies
1558 4629 1632 4688 pour
1646 4624 1721 4664 com·

308 4710 660 4774 retablird'unemaniere
669 4712 797 4775 suivicle
810 4723 884 4773 texte
894 4712 979 4796 qu’ils
1054 4713 1144 4795 pltter
1158 4736 1191 4775 ce
1206 4716 1291 4775 cadre
1308 4713 1471 4774 sommaire.

306 4815 497 4884 renlermeuts
514 4818 587 4877 mais
607 4839 640 4877 ce
662 4827 736 4877 texte
750 4814 860 4877 n'ctant
874 4838 933 4898 que
951 4816 978 4875 la
