4230 5956
490 430 563 504 aas
875 409 1071 502 moces
1095 426 1192 501 ons
1216 424 1516 501 reuertens

488 575 526 649 in
546 600 611 648 sua
629 569 846 676 recepcione
867 570 970 675 quod
991 598 1033 645 ea
1048 596 1122 674 que
1137 567 1231 644 liunt
1243 568 1301 645 vel
1316 568 1354 642 in
1367 561 1627 672 suiscapitulis
1639 560 1735 640 nulli
1749 561 1930 641 debeant

488 702 661 790 revelare,
671 729 740 776 nec
755 701 870 777 eciam
883 698 1057 775 fratribus
1069 697 1236 805 ejusdem
1247 697 1400 785 ordinis,
1418 695 1488 774 nisi
1504 694 1576 771 illis
1586 694 1652 799 qui
1664 692 1929 773 interfueramt

489 836 526 909 in
547 833 636 939 ipsis
653 830 834 937 capitulis.
855 829 908 906 Illi
934 845 1058 905 autem
1083 829 1148 934 qui
1172 826 1418 905 interfuerunt
1442 826 1552 902 dictis
1570 823 1739 930 capitulis
1755 843 1926 930 possunt

487 965 586 1040 inter
601 992 640 1038 se
660 960 826 1037 conterre
847 960 894 1043 de
916 959 1023 1036 dictis
1042 960 1133 1035 actis
1153 957 1211 1035 vel
1228 958 1371 1063 agitatis
1395 958 1435 1032 in
1451 954 1622 1061 capitulis
1640 953 1841 1060 prelibatis.
1867 957 1924 1032 Et

489 1095 561 1170 hoc
576 1092 634 1179 fit,
654 1108 697 1167 ut
714 1092 821 1176 dixit,
843 1090 888 1167 ad
909 1090 1071 1191 vitandas
1089 1088 1294 1166 discordias
1313 1088 1409 1163 inter
1426 1114 1502 1164 eos.
1518 1087 1575 1162 De
1588 1103 1822 1191 pensantem
1837 1115 1924 1192 que

490 1224 669 1329 infligitur
687 1223 776 1327 ipsis
794 1221 1040 1299 revelantibus
1053 1238 1192 1297 secreta
1206 1220 1372 1325 capituli,
1390 1219 1484 1295 dixit
1499 1244 1539 1295 se
1553 1198 1670 1295 nichil
1686 1219 1795 1295 scire.
1811 1220 1926 1297 Dixit

488 1373 612 1430 tamen
636 1353 740 1458 quod
765 1354 842 1457 ipsa
866 1381 962 1458 pena
990 1352 1217 1437 continetur,
1243 1368 1285 1427 ut
1310 1348 1444 1437 credit,
1466 1350 1508 1424 in
1523 1349 1668 1427 statutis
1689 1350 1765 1427 sive
1783 1351 1925 1456 regula

489 1485 578 1560 dicti
596 1482 756 1589 Templi.

545 1616 602 1692 Ad
628 1615 742 1693 lxxnu
762 1614 958 1690 articulum
978 1615 1237 1727 interrogatus,
1259 1614 1351 1690 dixit
1369 1632 1407 1691 et
1425 1611 1690 1711 consessura
1704 1611 1815 1719 quod
1836 1612 1922 1718 ipsc

489 1748 552 1853 qui
569 1747 735 1852 loquitur
754 1746 855 1821 idem
869 1747 1003 1820 servari
1023 1745 1116 1821 vidit
1128 1774 1197 1851 per
1212 1745 1338 1851 plures
1352 1744 1482 1820 fratres
1497 1740 1665 1849 ejusdem
1679 1743 1921 1850 ordinis,qui

488 1877 654 1983 quandiu
673 1895 828 1982 possunt
841 1875 979 1952 habere
998 1875 1148 1951 fratrem
1173 1874 1403 1981 capellanum
1428 1875 1486 1950 sui
1509 1873 1667 1959 ordinis,
1692 1872 1924 1952 confitentur

489 2007 558 2084 sibi
574 2025 721 2113 peccata
736 2035 814 2085 sua.
832 2006 902 2083 Ubi
915 2034 1003 2082 vero
1019 2006 1139 2111 ipsum
1155 2003 1293 2080 habere
1307 2033 1383 2080 non
1402 2020 1573 2108 possunt,
1589 2021 1745 2108 possunt
1757 2003 1824 2080 alii
1837 2006 1924 2080 cui-

489 2138 581 2214 libet
600 2137 805 2242 presbitero
825 2136 998 2240 religioso
1018 2134 1218 2242 approbate
1242 2134 1431 2239 religionis
1454 2132 1512 2210 vel
1539 2132 1694 2210 seculari
1714 2162 1782 2211 sna
1801 2137 1924 2214 conli-

490 2269 558 2343 teri
584 2284 748 2371 peccata,
776 2283 814 2341 et
832 2264 879 2340 ab
899 2265 980 2370 ipso
1005 2265 1169 2370 recipere
1187 2264 1432 2368 penitenciam
1453 2263 1666 2351 salutarem,
1687 2265 1798 2341 etsie
1820 2266 1923 2343 vidit

490 2395 675 2470 observari
696 2396 791 2470 inter
810 2393 929 2470 dictos
948 2393 1077 2469 fratres
1094 2410 1290 2498 postquam
1309 2392 1381 2471 fuit
1399 2395 1437 2482 in
1455 2393 1556 2470 dicto
1573 2392 1705 2470 ordine
1725 2422 1796 2474 uec
1807 2394 1923 2474 aliter

490 2524 695 2629 prohiberi.

548 2654 605 2730 Ad
623 2654 722 2743 lxxv,
743 2654 838 2733 lxxvi
856 2672 895 2730 et
919 2655 1028 2732 lxxvrr
1051 2654 1224 2731 articulos
1248 2655 1422 2732 inclusive
1447 2655 1645 2760 diligenter
1670 2657 1921 2764 interrogatus

491 2784 725 2891 singulariter
744 2803 782 2860 et
801 2784 1001 2891 sigillatim,
1023 2785 1167 2891 negavit
1185 2785 1285 2891 ipsos
1310 2803 1347 2861 et
1370 2787 1556 2862 omnia‘et
1577 2785 1721 2894 singula
1744 2805 1920 2865 contenta

491 2917 529 2992 in
548 2917 617 3003 eis,
639 2915 802 2991 adiciens
819 2944 858 2991 se
873 2944 942 2991 nec
961 2916 1054 2991 scire
1069 2943 1139 2993 nec
1153 2915 1305 2993 credere
1320 2916 1424 3021 quod
1440 2944 1583 2992 errores
1598 2916 1755 3022 predicti
1770 2919 1846 2996 sint
1860 2920 1919 2996 rel

491 3046 626 3122 fuerint
645 3046 683 3120 in
698 3045 828 3122 ordine
847 3045 1073 3150 supradicto,
1097 3062 1134 3120 et
1152 3045 1239 3122 ideo
1259 3046 1486 3122 correctione
1510 3074 1586 3122 non
1610 3046 1779 3153 indigent
1798 3049 1830 3125 si
1850 3078 1920 3125 ne·

491 3192 627 3282 queant
642 3176 813 3263 inveniri,
828 3203 897 3250 nec
911 3174 1041 3249 debuit
1057 3173 1137 3250 fieri
1153 3173 1200 3249 de
1217 3174 1306 3259 illis,
1326 3204 1411 3250 cum
1425 3203 1501 3252 non
1520 3194 1657 3263 essent,
1679 3177 1917 3256 denunciatio

491 3307 613 3410 aliqua
627 3305 788 3380 Ecclesie
809 3322 930 3379 sancte
948 3304 1032 3381 Dei.

548 3436 604 3511 ad
624 3433 897 3511 lxxviii-lxxxi
918 3435 1089 3511 articulos
1112 3434 1286 3510 inclusive
1312 3435 1507 3540 diligenter
1528 3439 1771 3543 interrogatus
1790 3441 1918 3544 singu-

493 3568 615 3640 lariter
651 3584 688 3640 et
716 3565 921 3670 sigillatim,
960 3567 1104 3669 negavit
1140 3566 1239 3669 ipsos
1274 3584 1311 3640 et
1340 3569 1463 3641 omnia
1498 3587 1534 3642 et
1568 3568 1710 3673 singula
1744 3586 1916 3645 contenta

494 3698 528 3769 in
547 3699 609 3770 eis

549 3827 605 3901 Ad
626 3828 734 3903 lxxxii
753 3826 948 3902 articulum
966 3827 1161 3935 diligenter
1174 3829 1433 3933 interrogatus,
1451 3830 1642 3934 respondit
1657 3849 1694 3906 et
1706 3830 1798 3906 dixit
1810 3830 1917 3935 quod

493 3959 522 4029 si
545 3958 657 4061 aliqui
687 3958 815 4033 fratres
842 3958 929 4032 dicti
956 3957 1097 4031 ordinis
1122 3956 1276 4033 confessi
1309 3956 1458 4034 suerunt
1488 3976 1679 4035 contentos
1706 3988 1852 4035 errores
1879 3962 1916 4035 in

492 4087 717 4190 preambulis
731 4088 892 4163 articulis
906 4088 1052 4162 insertis
1066 4090 1104 4162 in
1117 4087 1246 4163 litteris
1261 4089 1468 4194 papalibus,
1486 4090 1578 4164 dixit
1595 4120 1633 4165 se
1649 4089 1801 4166 credere
1816 4092 1918 4194 ipsos

493 4214 706 4291 confitentes
727 4220 823 4293 malo
845 4236 881 4293 et
900 4219 990 4294 salso
1005 4220 1119 4294 modo
1135 4218 1321 4295 confessos
1341 4218 1437 4299 sore,
1454 4239 1489 4295 et
1507 4221 1611 4325 quod
1630 4251 1697 4326 per
1715 4220 1819 4325 gulas
1833 4249 1918 4296 suas

492 4347 635 4422 mentiti
656 4366 740 4422 sunt
761 4347 983 4423 confitendo.

548 4477 604 4552 Ad
640 4477 925 4555 lxxxur—-lxxxt
959 4480 1132 4555 articulos
1166 4479 1340 4555 inclusive
1381 4480 1606 4585 respondens
1647 4481 1915 4586 interrogatus.

493 4608 610 4681 credit
628 4609 732 4713 quod
749 4608 876 4684 fratres
892 4610 938 4684 de
954 4609 1091 4714 quibus
1106 4612 1144 4685 in
1161 4610 1280 4715 papali
1300 4611 1420 4686 littera
1439 4609 1481 4685 lit
1499 4612 1642 4688 mencio
1663 4610 1820 4687 confessi
1835 4611 1918 4687 lne-

494 4753 577 4809 runt
602 4756 711 4838 prout
741 4741 777 4813 in
813 4741 889 4843 ipsa
918 4740 1037 4815 littera
1059 4741 1279 4816 continetur.
1309 4742 1408 4815 Dixit
1426 4760 1548 4816 tamen
1566 4770 1604 4816 se
1626 4741 1777 4817 credere
1810 4741 1917 4847 quod
