4230 5956
636 464 827 559 raocts
853 481 947 554 nus
974 482 1272 554 ravennas.
1589 491 1653 561 121

242 627 439 705 bebantur.
467 624 575 702 Clam
593 625 871 731 recipiebantur
890 623 1003 699 nullis
1027 623 1167 700 scilicet
1186 622 1422 729 presentibus
1444 626 1515 701 nisi
1538 627 1661 706 fratri-

243 759 314 836 bus
342 757 495 833 ordinis.
514 756 689 833 Cordulis
709 754 953 863 cingebantur
972 781 1085 860 super
1105 755 1271 831 camisias
1296 783 1381 831 cum
1408 758 1547 862 quibus
1561 761 1662 866 jace-

243 879 351 976 bant,
377 914 468 992 quas
493 886 691 962 sumebant
715 887 819 962 unde
839 883 1023 960 volebant.
1046 884 1261 991 lnjunctum
1281 883 1353 960 suit
1373 884 1406 959 ei
1428 912 1496 990 per
1516 887 1659 965 dictum

243 1019 394 1095 fratrem
414 1017 625 1093 Jobannem
646 1014 819 1094 Godandi
836 1041 883 1089 ne
898 1012 1079 1090 revelaret
1093 1030 1231 1091 secreta
1246 1014 1496 1119 capitulorum
1512 1046 1581 1094 nee
1597 1017 1660 1094 illa

244 1177 319 1255 que
340 1148 437 1225 dicta
456 1163 494 1222 et
512 1146 604 1222 lacta
624 1145 778 1222 luerunt
797 1145 836 1220 in
858 1143 954 1219 dicta
976 1144 1138 1250 grangia.
1161 1144 1200 1221 Si
1221 1144 1285 1250 qui
1308 1162 1412 1221 erant
1433 1147 1499 1252 qui
1525 1150 1663 1225 scirent

247 1306 390 1355 errores
409 1305 488 1354 csse
509 1277 548 1352 in
567 1277 718 1366 ordine,
735 1274 965 1382 negligentes
976 1272 1132 1350 fuerunt
1146 1275 1233 1380 quia
1247 1301 1323 1350 non
1341 1297 1582 1354 correxerunt
1598 1307 1661 1354 eos

245 1436 315 1483 nec
334 1407 653 1483 denunciaverunt
671 1403 845 1482 Ecclesia.
862 1404 1094 1481 Elemosinas
1110 1421 1148 1480 et
1162 1404 1454 1509 hospitalitatem
1473 1407 1565 1482 vidit
1579 1406 1659 1483 lieri

246 1557 283 1614 et
302 1538 435 1615 servari
457 1537 721 1613 convenienter
741 1536 780 1610 in
800 1533 978 1610 domibus
998 1534 1142 1610 ordinis
1163 1535 1201 1608 in
1221 1534 1361 1640 quibus
1380 1533 1451 1611 fuit
1473 1564 1664 1613 conversa-

246 1685 317 1744 tus.
340 1666 502 1744 Grandia
522 1664 709 1754 scandala,
737 1664 897 1771 suspicio
923 1681 960 1740 et
986 1663 1136 1739 inlamia
1157 1693 1259 1739 nunc
1283 1682 1370 1740 sunt
1390 1682 1515 1741 exorta
1535 1681 1662 1742 contra

246 1795 437 1884 ordinem,
460 1795 507 1872 ad
527 1795 632 1902 cujus
651 1793 941 1884 deffensionem,
963 1794 1060 1870 sicut
1079 1793 1250 1899 simplex,
1273 1820 1312 1869 se
1333 1792 1533 1870 obtulerat.

301 1926 516 2032 Requisitus
531 1925 561 2001 si
577 1925 630 2000 sic
643 1925 869 2030 deposuerat
883 1951 1010 2029 prece,
1027 1937 1214 2027 precepto,
1231 1922 1380 2009 timore,
1397 1949 1540 2010 amore,
1558 1923 1661 2011 odio,

247 2055 305 2130 vel
323 2055 520 2160 temporali
542 2053 702 2130 comodo
722 2051 851 2129 habito
866 2051 923 2129 vel
944 2051 1129 2138 habendo,
1147 2050 1340 2154 respondit
1359 2051 1463 2157 quod
1482 2080 1574 2142 non,
1596 2052 1663 2129 sed

246 2212 316 2289 pro
335 2184 486 2259 veritate
510 2181 684 2267 dicenda;
710 2181 770 2256 cui
798 2180 869 2256 luit
895 2181 1108 2287 injunctum
1136 2180 1239 2285 quod
1267 2208 1342 2256 non
1363 2181 1542 2258 revelaret
1568 2183 1663 2257 hanc

249 2341 355 2388 suam
376 2311 672 2416 deposicionem,
693 2336 889 2413 quousque
910 2310 1167 2385 attestaeiones
1190 2307 1331 2384 luerint
1348 2310 1549 2414 publicate.

305 2441 393 2518 Acta
411 2441 564 2516 luerunt
583 2439 653 2514 hec
672 2437 780 2513 dictis
800 2437 860 2513 die
881 2454 920 2513 et
936 2436 1030 2525 loco,
1053 2437 1289 2543 presentibus
1309 2439 1485 2546 magistro
1504 2442 1661 2529 Amisia,

250 2601 311 2647 me
344 2571 593 2648 Floriamontc
624 2564 840 2653 Dondedei,
876 2583 915 2643 et
942 2567 1024 2644 aliis
1053 2568 1207 2645 notariis
1236 2596 1347 2676 supra
1377 2568 1512 2646 ultimo
1543 2572 1665 2648 nomi-

251 2717 355 2777 natis.

307 2964 394 3041 Post
417 2963 505 3050 hec,
538 2962 600 3039 die
627 2964 731 3039 Lune
759 2964 947 3070 sequenti,
976 2964 1041 3070 qui
1069 2962 1149 3040 luit·
1166 2991 1289 3042 xxvuu
1309 2965 1390 3040 dies
1410 2964 1499 3041 dicti
1528 2967 1665 3041 mensis

251 3092 394 3180 Marcii,
416 3091 571 3169 fuerunt
585 3093 736 3170 adducti
750 3121 819 3198 pro
836 3093 1012 3182 testibus,
1031 3095 1069 3170 in
1086 3094 1199 3170 domo
1217 3094 1385 3199 predicta
1400 3094 1544 3171 domini
1563 3094 1663 3171 Petri

254 3224 300 3299 de
319 3221 519 3310 Sabaudia,
537 3222 584 3298 ad
599 3223 828 3327 presenciam
844 3222 1030 3300 dictorum
1047 3222 1290 3300 dominorum
1306 3224 1663 3313 commissariorum,

253 3351 481 3427 Mimatensis
496 3366 533 3427 et
547 3350 820 3428 Lemovicensis
836 3352 1098 3458 episcoporum
1115 3368 1153 3428 et
1165 3353 1416 3429 archidiaconi
1434 3353 1663 3442 Tridentini,

254 3479 334 3556 aliis
353 3480 549 3572 excusatis,
570 3480 700 3557 fratres
721 3482 948 3559 Bertrandus
968 3484 1015 3560 de
1035 3479 1238 3561 Villaribus
1265 3499 1462 3588 preceptor
1488 3458 1535 3559 de
1560 3486 1666 3589 Rupe

255 3611 376 3688 Sancti
396 3609 500 3687 Pauli
520 3611 845 3718 Petragoricensis,
872 3611 1101 3690 Guillelmus
1125 3613 1294 3690 Textoris
1314 3629 1463 3688 curatus
1488 3613 1534 3689 de
1555 3612 1667 3689 Sellis

254 3739 585 3829 Claramontensis,
607 3740 822 3847 presbiteri3
844 3740 1071 3819 Guillelmus
1089 3743 1136 3818 de
1155 3744 1318 3850 Mazayas
1332 3742 1665 3827 Claramontensis,

254 3867 380 3946 Guido
399 3869 434 3944 la
454 3868 687 3947 Chastaneda
711 3871 999 3960 Lemovicensis,
1022 3872 1181 3962 milites;
1201 3873 1389 3948 lohannes
1417 3873 1464 3947 de
1485 3869 1667 3946 Mendaco

253 4015 448 4102 preceptor
467 3999 650 4087 Marchie,
671 3999 860 4078 lohannes
880 4001 1044 4077 Sanandi
1065 4017 1261 4105 preceptor
1276 3999 1454 4086 Folbose,
1480 3999 1668 4076 lohannes

255 4127 373 4201 Adam
404 4144 600 4232 preceptor
635 4131 813 4216 Tur-rete,
843 4131 951 4235 Hugo
987 4129 1181 4207 Charnerii
1222 4145 1416 4233 preceptor
1450 4128 1497 4205 de
1533 4130 1667 4207 Sancto

255 4254 434 4331 Porciano
457 4256 789 4346 Claramontensis,
811 4258 991 4363 Rogerius
1017 4259 1052 4333 la
1078 4258 1202 4333 Rocha
1229 4256 1486 4352 Bituricensis,
1515 4277 1553 4336 et
1580 4260 1668 4335 Ber-

255 4383 410 4460 trandus
423 4384 471 4461 de
490 4385 656 4462 Ausonio
666 4384 980 4463 Claramontensis
996 4387 1211 4475 diocesium,
1230 4388 1447 4478 servientem
1464 4390 1545 4494 qui,
1562 4391 1668 4466 tactis

256 4514 495 4590 sacrosanctis
524 4515 747 4619 Evangeliis,
772 4514 992 4621 jnraverunt
1023 4516 1146 4595 dicere
1170 4517 1209 4593 in
1234 4517 1304 4594 isto
1328 4517 1484 4626 negocio
1517 4518 1666 4623 plenam

258 4660 295 4720 et
313 4670 455 4719 meram
475 4644 685 4734 veritatem,
707 4646 917 4749 'secundum
934 4646 1094 4725 sormam
1108 4648 1311 4754 juramenti
1333 4649 1494 4727 aliorum
1513 4649 1666 4725 testium

258 4773 429 4878 superius
448 4775 695 4891 registratam,
718 4775 921 4882 expositam
940 4794 978 4855 et
998 4777 1256 4885 vulgarizatam
1276 4778 1438 4868 eisdem3
1461 4795 1499 4855 et
1517 4777 1672 4856 luerunt

343 4912 449 4975 esocis
471 4935 524 4978 nm
545 4935 716 4976 restauras.
729 4948 771 4961 -
784 4936 818 4982 rr.
1486 4915 1522 4979 ιθ
