4230 5956
466 460 540 531 ssr
838 435 1050 529 rrocss
1075 453 1171 526 oss
1196 451 1491 526 retiensis.

464 597 536 675 Dei
556 596 757 703 evangelia,
777 597 824 674 ab
839 623 885 673 eo
901 594 1142 700 corporaliter
1166 610 1276 688 tacta,
1298 594 1338 670 in
1358 620 1482 671 causa·
1495 592 1584 669 fidei
1603 593 1650 670 de
1669 621 1709 670 se
1735 611 1774 670 et
1798 596 1880 672 aliis

467 727 590 805 dicere
615 727 826 814 veritatem,
854 744 893 803 et
915 725 1115 832 requisitus
1139 725 1187 802 de
1214 742 1383 830 tempore
1409 741 1446 800 et
1471 722 1585 802 modo
1606 751 1673 801 sue
1692 727 1881 832 recepcio

466 857 539 944 nis,
562 854 655 933 dixit
672 882 741 960 per
747 856 1004 961 juramentum
1019 882 1130 932 snum
1148 854 1254 961 quod
1272 853 1344 930 suit
1360 868 1531 959 receptus
1548 852 1589 928 in
1603 852 1719 931 domo
1731 856 1879 960 Templi

466 985 742 1095 Lugdunensis,
762 1015 828 1090 per
851 985 1000 1061 fratrem
1025 986 1269 1091 Hymbertum
1292 984 1339 1060 de
1363 982 1530 1060 Paraudo
1555 999 1729 1089 patruum
1753 1014 1877 1074 suum,

468 1115 621 1193 infesto
640 1116 837 1221 Magorum
856 1115 1072 1192 immediate
1093 1115 1272 1220 preterito
1292 1113 1446 1192 fuerunt
1462 1113 1705 1220 quadraginta
1723 1133 1882 1218 quatuor

469 1246 571 1332 anni,
588 1244 822 1349 presentibus
834 1243 944 1320 fratre
959 1244 1120 1319 Henrico
1141 1244 1188 1320 de
1202 1245 1296 1321 Dola
1310 1261 1347 1320 et
1358 1242 1521 1348 quodam
1543 1242 1615 1319 alio
1629 1242 1740 1319 fratre
1755 1263 1882 1321 vocato

471 1374 660 1461 Johanne,
681 1374 746 1479 qui
773 1391 901 1478 postea
929 1372 1000 1449 fuit
1020 1389 1215 1477 preceptor
1231 1370 1277 1446 de
1292 1370 1331 1447 .la
1349 1373 1458 1448 Muce
1470 1431 1489 1473 ,
1502 1390 1539 1447 et
1556 1371 1783 1475 quibusdam
1804 1375 1883 1451 eliis

466 1504 520 1581 ,de
547 1529 711 1607 quorum
739 1492 960 1579 nominibus
988 1528 1064 1578 non
1093 1499 1234 1577 recolit.
1264 1499 1365 1578 Dixit
1390 1499 1506 1574 eciam
1536 1527 1604 1604 per
1623 1499 1881 1604 juramentum

471 1659 583 1717 suum
603 1629 721 1736 quod,
743 1648 828 1736 post
850 1628 984 1706 multas
1004 1629 1272 1734 promissiones
1295 1627 1341 1704 ab
1365 1655 1410 1704 eo
1434 1626 1544 1705 factas
1569 1628 1617 1705 de
1645 1629 1882 1708 observandis

470 1760 617 1841 statutis
631 1777 669 1836 et
683 1761 835 1837 secretis
845 1758 1004 1847 ordinis,
1022 1757 1186 1862 positum
1203 1756 1274 1833 tuit
1288 1755 1506 1846 mantellum
1523 1755 1668 1834 ordinis
1682 1757 1729 1835 ad
1743 1761 1881 1838 collum

470 1918 598 1978 suum,
621 1909 659 1967 et
676 1890 865 1997 predictus
888 1889 1076 1967 iohannes
1094 1888 1160 1993 qui
1185 1904 1313 1993 postea
1330 1885 1405 1964 fuit
1421 1905 1614 1994 preceptor
1637 1887 1685 1965 de
1711 1889 1747 1964 la
1772 1891 1880 1967 Muce

471 2021 574 2099 duxit
591 2048 681 2098 eum
699 2037 800 2098 retro
823 2019 1013 2125 quoddam
1039 2017 1170 2104 altare,
1193 2034 1231 2093 et
1248 2016 1413 2095 ostendit
1431 2016 1556 2093 eidem
1575 2017 1777 2123 quamdam
1799 2049 1881 2096 cru-

472 2178 553 2229 cem
574 2152 615 2226 in
628 2179 700 2255 qua
721 2167 800 2227 erat
818 2150 939 2254 imago
957 2149 1074 2227 them
1092 2145 1252 2237 Christi,
1273 2164 1310 2224 et
1328 2147 1495 2253 precepit
1506 2147 1586 2225 sibi
1602 2147 1707 2254 quod
1727 2149 1882 2256 obnega-

469 2297 527 2356 ret
540 2279 650 2355 illum
669 2279 773 2384 cujus
791 2307 922 2384 ymago
942 2278 995 2355 ibi
1015 2277 1349 2384 representabatur,
1367 2294 1406 2355 et
1419 2295 1571 2382 spueret
1587 2307 1698 2384 supra
1714 2307 1879 2367 crucem;

471 2426 508 2484 et
534 2410 612 2514 ipse
639 2424 730 2484 tunc
753 2407 841 2486 licet
864 2409 1002 2484 invitus
1021 2406 1177 2484 Jhesum
1205 2407 1395 2485 Christum
1421 2406 1629 2514 abnegavit,
1652 2437 1732 2498 ore,
1748 2427 1785 2487 et
1805 2439 1881 2486 non

470 2537 600 2625 corde,
622 2553 666 2613 ut
687 2536 791 2615 dixit.
815 2536 917 2615 Dixit
936 2537 1053 2613 eciam
1072 2565 1141 2643 per
1154 2535 1411 2644 juramentum
1431 2564 1544 2615 suum
1569 2537 1688 2643 quod,
1715 2566 1789 2615 non
1812 2540 1881 2616 ob-

469 2685 588 2747 stante
613 2684 788 2775 precepto
811 2667 918 2775 quod
935 2665 1008 2744 fuit
1029 2667 1100 2745 sibi
1119 2665 1257 2745 sactum
1277 2665 1324 2743 de
1343 2664 1530 2773 spuendo,
1551 2695 1630 2746 non
1649 2671 1749 2775 spuit
1772 2699 1881 2776 supra

470 2826 637 2888 crucem,
650 2816 694 2877 ut
707 2799 813 2888 dixit,
829 2815 868 2877 et
879 2797 1158 2905 nonabnegavit
1172 2789 1243 2874 nisi
1261 2796 1389 2875 semel.
1402 2796 1618 2904 Requisitus
1632 2814 1759 2877 utrum
1776 2828 1882 2877 oscu-

468 2930 566 3009 htus
584 2930 715 3010 fuisset
732 2931 990 3037 recipientem,
1007 2929 1065 3007 vel
1084 2930 1164 3036 ipse
1183 2929 1365 3035 recipiens
1375 2929 1497 3035 ipsum
1512 2929 1578 3036 qui
1593 2929 1771 3036 loquitur,
1790 2930 1882 3006 dixit

470 3088 537 3165 per
540 3061 795 3166 juramentum
806 3090 915 3138 suum
926 3061 1030 3165 quod
1042 3060 1095 3137 sic
1106 3060 1145 3135 in
1161 3087 1226 3137 ore
1238 3058 1489 3137 solummodo.
1500 3061 1745 3167 interrogatus
1753 3079 1880 3137 utrum

471 3189 613 3293 aliquos
630 3189 760 3266 iratres
772 3191 987 3295 recepisset,
1011 3189 1103 3267 dixit
1121 3218 1189 3295 per
1197 3193 1452 3296 juramentum
1471 3217 1582 3267 suum
1599 3189 1704 3297 quod
1721 3190 1774 3266 sic
1798 3191 1881 3295 piu-

469 3317 554 3394 ries.
576 3319 790 3423 Requisitus
811 3348 878 3425 per
897 3348 1010 3425 quern
1032 3318 1187 3395 modum
1203 3320 1424 3426 recipiebat,
1437 3318 1527 3395 dixit
1545 3347 1613 3425 per
1627 3321 1881 3426 juramentum

470 3448 721 3554 suumquod,
737 3467 936 3555 postquam
949 3449 1197 3555 promiserant
1215 3479 1357 3527 servare
1373 3466 1554 3526 statutaet
1565 3467 1705 3527 secreta
1721 3451 1878 3538 ordinis,

403 3560 407 3567 ⁵
471 3567 511 3657 et'
526 3578 709 3657 mantellis
729 3581 775 3657 ad
796 3580 892 3658 colla
911 3581 1080 3687 ipsorum
1094 3580 1240 3687 positis,
1262 3580 1420 3658 ducebat
1438 3608 1501 3657 eos
1515 3580 1564 3657 ad
1578 3579 1658 3657 loca
1670 3598 1826 3667 secreta,
1846 3600 1882 3655 et

470 3709 628 3787 faciebat
641 3740 681 3788 se
698 3711 856 3789 osculari
877 3713 924 3790 ab
940 3713 994 3789 eis
1013 3712 1051 3788 in
1073 3711 1239 3789 inferiori
1257 3729 1360 3818 parte
1381 3711 1487 3817 spine
1509 3709 1626 3797 dorsi,
1643 3710 1682 3787 in
1702 3710 1881 3786 umbilico

472 3858 508 3917 et
524 3841 565 3917 in
576 3870 659 3928 ore,
678 3859 715 3917 et
731 3860 858 3947 postea
870 3843 1028 3919 faciebat
1043 3844 1226 3948 apportari
1248 3870 1396 3919 crucem
1412 3843 1451 3917 in
1460 3842 1651 3947 presencia
1664 3839 1879 3946 cujuslibet,

472 3987 509 4046 et
524 3971 672 4048 dicebat
690 3972 743 4049 eis
758 3973 860 4077 quod
877 3971 1072 4078 oportebat
1092 3973 1138 4048 dc
1152 3973 1297 4048 statutis
1317 3971 1425 4047 dictis
1444 3971 1701 4076 ordinisquod
1723 3970 1883 4074 abnega-

470 4116 555 4174 rent
569 4098 786 4178 crucifixum
802 4118 840 4178 et
853 4118 1083 4193 nocenter,
1099 4119 1136 4179 et
1152 4118 1329 4206 spuerent
1343 4129 1450 4206 supra
1465 4128 1612 4177 crucem
1628 4117 1664 4176 et
1673 4100 1880 4205 ymaginem

470 4228 586 4307 ihesu
600 4227 754 4320 christi;
772 4231 898 4309 dicens
918 4233 1039 4338 quod,
1057 4231 1144 4308 licet
1161 4231 1234 4308 hoc
1247 4231 1387 4308 eisdem
1399 4231 1621 4337 preciperet,
1641 4257 1717 4305 non
1729 4229 1884 4305 faciebat

472 4359 596 4437 corde.
621 4361 835 4465 Requisitus
859 4381 987 4441 utrum
1012 4362 1209 4440 invenisset
1235 4359 1380 4467 aliquos
1409 4362 1473 4467 qui
1493 4362 1566 4438 hoc
1594 4359 1712 4437 facero
1738 4376 1884 4436 contra-

472 4488 654 4578 dicerent,
677 4490 769 4569 dixit
789 4492 893 4597 quod
912 4494 980 4580 sic,
996 4512 1121 4570 tamen
1146 4490 1306 4570 finaliter
1325 4492 1509 4569 faciebant
1532 4491 1818 4597 abnegacionem
1847 4509 1886 4564 et

472 4621 715 4725 spuicionem.
734 4622 835 4699 Dixit
852 4622 968 4699 eciam
983 4651 1050 4727 per
1060 4624 1317 4729 juramentum
1336 4651 1449 4699 suum
1469 4623 1573 4728 qood
1592 4621 1667 4697 iilis
1684 4649 1778 4727 quos
1798 4621 1886 4694 reci-

473 4748 598 4847 piebat
614 4750 760 4829 dicebat
771 4753 895 4856 quod,
912 4753 942 4829 si
957 4750 1090 4856 aliquis
1104 4753 1203 4830 calor
1216 4752 1393 4830 naturalis
1406 4767 1557 4857 urgeret
1570 4751 1670 4854 ipsos
1689 4750 1736 4825 ad
1756 4749 1886 4821 incon-
