4230 5956
466 490 535 560 ιιι
845 457 1041 553 rnocbs
1066 476 1161 549 uss
1187 474 1491 549 reuertens.

460 657 530 706 nec
557 626 878 704 denunciaverunt
902 619 1077 698 Ecclesia.
1104 619 1147 694 ln
1173 615 1351 694 domibus
1370 614 1516 694 ordinis
1537 614 1576 689 in
1594 611 1736 720 quibus
1758 612 1880 693 extitit

460 772 737 842 commoratus,
767 752 861 830 vidit
883 749 1107 828 elemosinas
1131 765 1169 824 et
1188 745 1479 853 hospitalitatem
1505 744 1770 822 convenienter
1797 746 1878 823 fieri

461 907 499 966 et
511 887 661 974 servari,
677 903 715 961 et
734 881 908 990 capitulia
924 881 1035 971 clam,
1053 877 1169 955 nullis
1183 874 1423 984 presentibus
1439 874 1506 951 nisi
1527 872 1703 951 fratribus
1717 876 1878 969 ordinis,

460 1019 596 1106 teneri,
615 1015 741 1124 januis
760 1013 907 1099 clausis,
930 1009 1133 1116 aliquando
1154 1010 1202 1087 de
1223 1025 1343 1097 nocte,
1364 1022 1449 1113 post
1468 1005 1879 1093 matutinum,sermo-

461 1177 508 1226 ne
528 1177 596 1255 per
611 1146 774 1253 aliquem
792 1142 1028 1250 religiossum
1048 1139 1157 1230 facto,
1175 1155 1213 1216 et
1232 1137 1435 1245 aliquando
1454 1136 1501 1213 de
1517 1135 1591 1212 die.
1614 1133 1793 1214 Ordinata
1814 1166 1882 1244 per

460 1281 679 1386 Magistrum
701 1305 787 1353 cum
808 1289 994 1350 conventu
1015 1287 1195 1348 servasset
1217 1285 1321 1347 totus
1342 1267 1454 1356 ordo,
1483 1283 1610 1345 contra
1636 1294 1750 1372 quem
1779 1295 1880 1345 nunc

459 1409 614 1515 grandia
642 1405 830 1494 scandala,
857 1402 1017 1510 suspicio
1043 1419 1082 1479 et
1101 1399 1364 1483 infamiasunt
1389 1412 1526 1474 exorta.
1552 1395 1673 1505 Cujus
1700 1395 1877 1477 fratribus

460 1540 579 1617 credit
598 1538 702 1644 quod
719 1551 843 1614 esseut
854 1551 943 1612 uota
960 1531 1164 1611 confessata
1180 1556 1363 1637 pereum.
1383 1528 1430 1605 Et
1439 1526 1589 1605 'audivit
1608 1526 1683 1604 dlci
1700 1555 1877 1635 magnum

461 1670 680 1777 Magistrum
705 1684 742 1744 et
766 1665 860 1743 alios
882 1663 1007 1769 aliqua
1030 1661 1144 1739 fuisse
1165 1658 1354 1739 confessos
1374 1674 1502 1736 contra
1522 1656 1666 1735 dictum
1686 1659 1876 1750 ordinem,

361 1865 367 1880 .
461 1800 506 1875 ad
528 1801 635 1907 cujus
651 1796 921 1875 deffensionem
941 1823 980 1871 se
1001 1821 1079 1870 nou
1098 1791 1297 1873 obtulerat.
1319 1840 1326 1849 ·

517 1931 732 2037 Requisitus
744 1929 772 2004 si
789 1927 842 2005 sic
857 1927 1080 2031 deposuerat
1093 1949 1219 2029 prece,
1235 1937 1429 2028 precepto,
1442 1921 1597 2010 timore,
1607 1936 1752 2015 amore,
1769 1924 1875 2012 odio,

460 2060 517 2136 vel
535 2058 732 2165 temporali
753 2056 913 2135 comodo
948 2053 1077 2131 habito
1091 2052 1150 2130 vel
1164 2050 1358 2142 babendo,
1372 2050 1570 2157 respondit
1580 2049 1687 2158 quod
1698 2080 1794 2142 non,
1811 2055 1877 2131 sed

460 2221 528 2295 pro
547 2193 699 2267 veritate
725 2188 902 2275 dicenda;
927 2187 988 2264 cui
1011 2183 1084 2261 luit
1108 2181 1454 2292 injunctumquod
1474 2208 1551 2259 non
1568 2182 1756 2271 ¹revelaret
1783 2185 1878 2262 banc

461 2349 565 2397 suam
587 2320 885 2426 deposicionem,
907 2342 1106 2424 quousque
1126 2314 1384 2392 attestacioues
1401 2311 1544 2390 luerint
1562 2312 1762 2419 publicate.

518 2451 606 2528 Acta
625 2448 779 2526 fuerunt
800 2448 870 2523 bec
889 2446 998 2523 dictis
1015 2443 1077 2522 die
1097 2460 1135 2521 et
1152 2444 1252 2537 loco,
1271 2442 1510 2550 presentibus
1521 2445 1698 2551 magistro
1717 2443 1873 2537 Amisio,

461 2607 522 2655 me
541 2577 794 2655 Floriamonte
811 2574 1025 2661 Dondedei,
1047 2590 1084 2651 et
1103 2573 1184 2651 aliis
1201 2573 1355 2652 notariis
1374 2602 1487 2680 supra
1505 2573 1643 2652 ultimo
1662 2576 1873 2654 nominatis.

516 2842 701 2930 Postbec,
715 2841 778 2919 die
792 2839 908 2918 sabati
925 2841 1116 2946 sequenti,
1134 2868 1209 2947 que
1224 2838 1297 2917 fuit
1312 2866 1351 2917 ιιι
1366 2839 1448 2919 dies
1465 2838 1554 2916 dicti
1570 2839 1710 2916 mensis
1732 2840 1875 2946 aprilis,

460 2972 532 3048 luit
552 2971 804 3049 adductusad
827 2972 1059 3079 presenciam
1087 2970 1312 3050 eorumdem
1338 2969 1583 3079 dominorum
1613 2968 1875 3077 episcoporum

461 3102 691 3178 Mimateusis
723 3118 761 3178 et
788 3101 1064 3179 Lemovicensis
1098 3119 1136 3178 et
1170 3100 1435 3178 archidiaconi.
1455 3098 1694 3188 Tridentini,
1715 3098 1797 3179 aliis
1817 3128 1877 3176 ex-

461 3232 612 3319 cusatis,
642 3232 680 3306 in
701 3231 816 3307 domo
842 3231 1008 3335 predicta
1035 3231 1180 3308 domini
1208 3233 1309 3309 Petri
1331 3231 1379 3308 de
1407 3230 1612 3320 Sebaudia,
1641 3230 1756 3309 lrater
1785 3234 1878 3309 Rer-

460 3362 600 3437 nardus
626 3360 801 3437 uldemari
823 3359 948 3447 miles,
978 3363 1232 3440 Ruthenensis
1254 3362 1432 3450 diocesis,
1452 3362 1558 3441 testis
1575 3388 1688 3469 supra
1711 3362 1877 3469 juratus,

460 3509 503 3567 ut
521 3493 727 3597 deponeret
746 3490 889 3567 dictum
918 3519 1048 3581 suum,
1076 3493 1421 3601 quinquagenarius
1439 3492 1498 3570 vel
1521 3493 1634 3581 circa,
1656 3493 1878 3572 mantellum

460 3639 497 3699 et
517 3621 670 3698 barbam
704 3619 906 3708 defferens,
929 3650 1015 3698 cum
1037 3652 1114 3730 quo
1138 3624 1362 3730 inquisitum
1380 3622 1520 3717 luerat,
1541 3622 1736 3703 absolutus
1767 3640 1804 3702 et
1823 3654 1881 3701 re·

461 3753 678 3830 conciliatus
709 3780 777 3857 per
806 3753 1007 3829 dominum
1028 3754 1247 3860 episcopum
1272 3754 1570 3831 Ruthenensem.
1599 3755 1721 3833 Lectis
1752 3772 1877 3833 autem

460 3900 497 3958 et
517 3885 717 3991 diligenter
737 3883 912 3988 expositis
940 3882 1013 3960 sibi
1035 3885 1213 3963 omnibus
1238 3902 1276 3962 et
1296 3883 1454 3992 singulis
1483 3884 1666 3974 articulis,
1687 3885 1880 3992 respondit
2012 3902 2016 3907 '

460 4042 498 4088 se
520 4016 635 4091 nichil
662 4016 770 4104 scire,
791 4043 860 4091 nec
885 4018 1058 4105 credere,
1082 4043 1151 4093 nec
1168 4016 1351 4094 audivisse
1382 4014 1455 4093 dici
1482 4017 1529 4094 de
1551 4017 1734 4094 contentis
1754 4017 1793 4093 in
1824 4018 1877 4094 eis

460 4144 528 4217 uisi
550 4145 654 4248 quod
684 4146 864 4252 sequitur.
887 4147 990 4224 Dixit
1007 4175 1144 4254 nempe
1166 4175 1206 4225 se
1235 4146 1351 4224 luisse
1378 4155 1571 4252 receptum
1590 4148 1629 4224 in
1649 4145 1790 4254 capella
1811 4148 1879 4225 do·

459 4302 544 4350 mus
564 4275 712 4379 Templi
732 4277 778 4351 de
801 4279 896 4353 Vaor
916 4277 1102 4357 Albiensis
1129 4277 1305 4365 diocesis,
1332 4277 1427 4354 circa
1458 4277 1601 4355 instans
1626 4277 1765 4355 festum
1784 4279 1880 4356 Pen-

455 4421 614 4481 tecostes
634 4422 746 4481 erunt
765 4407 911 4482 circiter
930 4409 1083 4514 triginta
1102 4410 1208 4500 anni,
1235 4437 1304 4514 per
1320 4406 1473 4486 fratrem
1496 4409 1652 4486 Petrum
1673 4408 1880 4488 Guaulredi

459 4534 617 4610 militem
638 4535 848 4641 quondam,
868 4555 1127 4642 preceptorem
1146 4556 1238 4614 tunc
1258 4538 1357 4615 dicte
1379 4539 1531 4628 domus,
1554 4539 1793 4646 presentibus
1808 4538 1881 4617 fra-

458 4661 578 4738 tribus
597 4664 788 4740 Bemardo
812 4664 928 4740 Ysarii
959 4683 996 4740 et
1027 4664 1234 4744 Guillelmo
1261 4668 1360 4745 Petri
1389 4668 1590 4757 militibus,
1623 4686 1661 4748 et
1687 4669 1878 4748 Bernardo

456 4790 602 4867 Darbus
624 4795 824 4884 serviente,
850 4793 1069 4880 deffuuctis,
1091 4797 1129 4871 in
1161 4797 1264 4873 bunc
1294 4801 1452 4876 modum
1473 4833 1482 4876 z
1503 4829 1590 4877 nam
1611 4828 1698 4879 cum
1717 4800 1877 4907 requisi-
