4230 5956
645 494 844 585 procus
870 511 965 584 oss
991 509 1292 585 inuramus.
1660 521 1680 586 7

257 654 357 733 dinis
382 670 421 730 et
449 628 607 730 barbam
638 654 836 744 defferens,
865 655 931 762 qui
955 654 1024 730 luit
1047 669 1275 759 protestatus
1299 652 1404 760 quod
1422 680 1499 730 non
1520 656 1683 734 intendit

256 786 471 865 recederea
495 787 738 893 deposicione
758 815 827 894 per
847 816 936 865 eum
960 786 1056 865 facta
1075 815 1201 865 coram
1223 785 1379 863 domino
1400 785 1682 896 archiepiscopo

255 920 509 1009 Xantonensi,
535 944 607 1026 ¹per
631 950 746 1029 quem
767 919 963 999 absolutus
988 938 1026 998 et
1049 918 1311 998 reconciliatus
1335 918 1457 996 suerat
1482 921 1582 1026 apud
1606 924 1683 1000 Ru-

255 1052 418 1159 pellam,
440 1053 654 1163 octuaginta
674 1079 860 1130 annorum
880 1053 939 1130 vel
961 1053 1071 1143 circa,
1094 1050 1199 1129 lectis
1221 1069 1257 1129 et
1280 1051 1480 1160 diligenter
1507 1054 1683 1159 expositis

257 1181 328 1260 sibi
351 1182 530 1260 omnibus
550 1201 588 1261 et
607 1182 766 1291 singulis
783 1183 965 1275 articulis,
987 1183 1184 1289 respondit
1197 1213 1234 1260 se
1260 1182 1384 1294 nichil
1395 1183 1506 1271 scire,
1526 1185 1683 1263 credere

256 1315 315 1392 vel
335 1314 520 1393 audivisse
548 1292 621 1393 dici
643 1317 690 1393 de
719 1316 904 1394 contentis
927 1316 968 1393 in
994 1316 1048 1392 eis
1068 1316 1139 1393 nisi
1160 1316 1264 1423 quod
1289 1317 1471 1424 sequitur.
1498 1316 1684 1396 Videlicet

257 1447 361 1553 quod
378 1447 458 1554 ipse
478 1448 519 1524 in
538 1449 759 1556 recepcione
773 1478 840 1526 sua
860 1448 908 1526 de
927 1447 1034 1526 nullo
1054 1447 1187 1526 illicito
1202 1447 1261 1527 vel
1274 1447 1477 1527 inhonesto
1492 1447 1614 1526 suerat
1626 1477 1685 1526 re

257 1579 420 1685 quisitus
437 1580 495 1658 vel
510 1581 734 1671 solicitatus,
757 1608 828 1658 neo
846 1597 931 1688 post
950 1581 1226 1688 recepcionem,
1251 1609 1321 1659 nec
1344 1581 1439 1657 vidit
1456 1579 1538 1657 fieri
1560 1582 1599 1658 in
1623 1610 1683 1658 re·

258 1710 501 1816 cepcionibus
526 1712 689 1790 aliorum
718 1712 1051 1820 quibus'adluerat
1078 1742 1149 1790 ηοο
1171 1730 1266 1818 post.
1293 1714 1376 1819 lpse
1402 1728 1528 1789 autem
1558 1711 1682 1790 fuerat

257 1860 443 1949 receptus,
456 1842 496 1919 in
508 1843 648 1951 vigillis
662 1843 869 1922 Natiuitatis
880 1843 1033 1922 Domini
1049 1845 1221 1950 proximo
1236 1844 1405 1951 preteriti
1418 1843 1571 1920 fuerunt
1581 1870 1685 1921 sexa-

257 1972 359 2079 ginta
375 1974 453 2052 duo
470 1976 559 2052 anni
578 1975 637 2053 vel
658 1976 769 2065 circa,
787 1977 827 2051 in
845 1975 986 2081 capella
1008 1975 1147 2053 domus
1167 1976 1316 2081 Templi
1337 1976 1384 2050 de
1404 1977 1551 2050 Roches
1567 1974 1684 2051 Picta-

258 2105 379 2181 vensis
400 2105 576 2197 diocesis,
603 2133 673 2211 per
691 2104 844 2181 fratrem
866 2107 1068 2210 Hugonem
1089 2104 1257 2183 Grisardi
1280 2103 1441 2179 militem
1469 2103 1680 2210 quondam,

258 2250 519 2340 preceptorem
539 2252 631 2311 ωηο
647 2233 866 2341 Aquitania,
887 2232 1127 2338 presentibus
1145 2232 1323 2310 fratribus
1346 2233 1511 2311 Roberto
1526 2235 1685 2344 Anglico

258 2375 477 2471 preceptore
501 2363 549 2439 de
575 2366 697 2440 Banes
721 2364 972 2458 Xa'ntonensis
1001 2347 1162 2441 diocesis
1191 2362 1392 2454 serviente,
1414 2364 1606 2444 Francone
1635 2370 1682 2446 de

259 2499 349 2574 Bort
380 2514 472 2573 tunc
496 2512 717 2603 preceptore
745 2496 792 2573 de
820 2496 1102 2588 Lemosuoinio,
1142 2496 1307 2603 Symone
1335 2495 1383 2573 de
1417 2497 1560 2605 Nigella
1594 2516 1685 2576 tunc

260 2645 477 2733 preceptore
508 2626 555 2703 de
587 2627 714 2704 Insula
745 2626 953 2715 Bochardi‚
985 2627 1186 2714 militibus,
1220 2645 1258 2703 et
1285 2627 1460 2734 pluribus
1494 2629 1576 2705 aliis
1607 2629 1687 2707 del-

260 2755 413 2846 lunotis,
441 2757 480 2833 in
506 2758 610 2835 hunc
638 2757 825 2836 modurn:
855 2785 943 2835 nam
977 2787 1066 2834 cum
1094 2758 1238 2864 pluries
1260 2756 1484 2862 interpolate
1512 2759 1686 2864 periisset

260 2916 399 2996 panem
426 2906 465 2966 et
492 2918 648 2996 aquam,
686 2889 903 2967 societatem
931 2905 969 2966 et
992 2916 1198 2996 pauperem
1230 2869 1405 2965 vestitum
1440 2888 1610 2981 ordinis,
1648 2908 1686 2968 et

261 3049 483 3127 responsum
498 3018 632 3097 fuisset
651 3022 685 3097 ei
703 3023 806 3127 quod
823 3020 922 3097 bene
941 3018 1168 3097 deliberaret
1185 3046 1299 3126 super
1313 3020 1403 3112 hoc,
1414 3035 1459 3096 et
1475 3019 1546 3126 ipsi
1557 3020 1685 3099 eciam

263 3152 539 3242 deliberarent,
575 3152 737 3230 finaliter
771 3179 947 3230 concesso
980 3151 1085 3258 quod
1116 3152 1302 3259 reciperet
1332 3179 1443 3240 eum,
1477 3151 1565 3229 fecit
1597 3181 1685 3231 eum

261 3311 393 3362 vovere
419 3301 456 3362 et
469 3284 600 3391 jurare
622 3311 736 3391 super
755 3282 951 3391 quoddam
976 3282 1125 3361 missale
1145 3301 1335 3391 apertum,
1360 3282 1426 3359 ubi
1447 3300 1525 3361 erat
1551 3313 1685 3394 ymago

262 3414 456 3506 Crucifixi,
477 3434 514 3493 et
533 3444 722 3523 apponere
737 3444 872 3494 manus
890 3444 975 3494 suas
993 3442 1111 3523 prope
1131 3443 1314 3493 canonem
1330 3414 1382 3492 ibi
1403 3417 1455 3493 Te
1476 3421 1584 3521 ἱρέων
1602 3433 1681 3505 ete,

262 3547 364 3653 quod
385 3547 524 3624 viveret
543 3548 624 3625 sine
642 3549 816 3655 proprio,
835 3548 1223 3643 servaroqrastitatem,
1247 3547 1524 3636 obedienciam,
1543 3554 1581 3625 'et
1598 3549 1688 3627 obe-

263 3679 344 3756 dire
363 3679 542 3757 omnibus
556 3679 842 3787 preceptoribus
862 3680 961 3769 suis,
976 3656 1123 3761 bavae
1142 3678 1265 3758 bonos
1286 3708 1376 3757 usus
1395 3697 1432 3759 et
1454 3678 1573 3757 bonas
1596 3708 1689 3757 con·
1772 3689 1781 3702 '

263 3810 484 3887 suetudines
502 3799 668 3903 ordinis,
691 3829 729 3889 et
744 3811 850 3919 quod
869 3830 947 3889 non
968 3829 1065 3890 esset
1084 3812 1124 3889 in
1145 3812 1228 3890 loco
1248 3812 1315 3889 ubi
1333 3813 1468 3918 aliquis
1484 3811 1687 3886 exhereda·
1758 3890 1760 3894 Α

263 3957 368 4020 retur
391 3942 541 4050 injuste.
564 3944 651 4021 Post
671 3972 745 4051 que
767 3944 949 4051 imposuit
967 3944 1038 4022 sibi
1064 3944 1307 4032 mantellum,
1330 3960 1367 4020 et
1394 3945 1472 4047 ipse
1497 3959 1534 4017 et
1558 3941 1688 4017 fratres

264 4064 424 4152 astantes
458 4075 614 4152 luerunt
642 4103 730 4152 eum
762 4076 920 4154 osculati
950 4076 988 4153 in
1015 4103 1092 4153 ore.
1122 4079 1253 4154 Postea
1280 4073 1455 4149 instruxit
1482 4099 1569 4151 eum
1595 4088 1689 4182 quot

263 4204 374 4280 Pater
388 4219 503 4282 noster
516 4206 659 4284 diceret
677 4233 747 4311 pro
767 4207 872 4284 horis
888 4208 979 4297 suis,
1001 4205 1164 4310 qualiter
1178 4207 1341 4311 jaceret,
1363 4221 1401 4279 et
1419 4205 1524 4310 quod
1545 4221 1690 4284 caveret

264 4330 335 4408 sibi
356 4332 566 4438 specialiter
590 4363 611 4410 a
637 4334 793 4411 crimine
819 4334 1061 4426 sodomitico,
1093 4333 1183 4441 quia
1210 4334 1239 4411 si
1272 4335 1540 4426 committeret,
1569 4363 1689 4442 pone-

264 4480 368 4541 retur
378 4463 418 4540 in
429 4490 575 4542 carcere
585 4480 790 4572 perpetuo,
808 4480 846 4543 et
856 4465 963 4573 quod
977 4493 1055 4542 non
1070 4464 1253 4543 revelaret
1267 4482 1407 4543 secreta
1421 4467 1684 4574 capitulorum.

264 4593 321 4671 De
341 4593 449 4673 nullo
471 4611 599 4673 autem
622 4593 756 4675 illicito
780 4596 839 4675 vel
865 4595 1066 4676 inhonesto
1094 4595 1165 4675 fuit
1191 4596 1247 4675 illi
1278 4594 1372 4674 sacta
1399 4598 1548 4676 mencio
1571 4598 1611 4676 in
1633 4628 1692 4677 re·

266 4725 442 4832 capcione
467 4754 534 4806 sua
556 4726 616 4807 vel
641 4743 747 4837 post3
768 4735 838 4806 nec
857 4727 937 4837 ipse
962 4727 1050 4807 lecit
1078 4728 1181 4818 fieri,
1203 4758 1273 4807 nec
1291 4729 1475 4839 precepit,
1497 4759 1567 4808 ηοο
1586 4731 1692 4809 scivit

215 4942 228 4977 ,ἱ
268 4860 371 4965 quod
399 4859 536 4939 [ierent
559 4860 599 4939 in
622 4859 909 4970 recopcionibus
934 4861 1088 4939 illorum
1111 4886 1208 4970 quos
1232 4862 1313 4970 ipse
1340 4863 1483 4971 recepit
1499 4890 1569 4941 nec
1592 4879 1688 4969 post.
