4230 5956
647 475 845 568 rnocns
876 492 972 563 ons
1002 476 1305 569 rnurmuns.
1615 494 1689 567 ιιι

274 640 344 715 nisi
358 635 463 744 quod
478 635 675 740 sequitur:
692 632 867 710 videlicet
877 630 984 738 'quod
996 631 1077 738 ipse
1090 649 1262 738 receptus
1277 628 1400 706 luerat·
1415 632 1453 706 in
1467 633 1608 736 capell-a
1629 634 1693 713 do

272 796 356 845 mus
373 764 526 871 Templi
545 764 595 841 de
619 763 723 841 Bella
735 764 923 842 Chasssna
941 750 1222 838 Lemovicensis'
1236 759 1412 852 diocesis,
1434 761 1530 838 circa
1554 763 1693 841 instans

270 897 406 975 sestam
434 894 533 972 besti
558 894 708 971 Martini
730 891 909 970 hiemalisv
931 908 1043 969 erunt
1068 891 1216 969 circiter
1236 917 1297 967 ιιι
1323 889 1429 977 anni,
1451 919 1519 995 per
1539 890 1693 971 fratrem

269 1029 504 1104 Franconem
526 1025 573 1101 de
592 1025 684 1101 Bort
702 1023 862 1100 militem
874 1023 1084 1128 quondam,
1098 1020 1336 1128 presentibus
1354 1019 1531 1100 fratribus
1540 1022 1693 1103 Matheo

272 1159 319 1234 de
332 1154 577 1244 Molendinis,
591 1155 730 1232 -Bonito
745 1151 793 1230 de
807 1152 964 1243 Ussello,
979 1152 1156 1231 Guidone
1171 1153 1218 1229 de
1228 1150 1466 1241 Chambaret,
1483 1169 1522 1228 et
1533 1153 1693 1259 lingone

273 1288 319 1365 de
339 1285 574 1365 Chambanas
593 1283 861 1382 servientibus,
889 1281 1108 1373 deffunctis‚
1137 1299 1180 1359 ut
1200 1281 1330 1359 credit.
1357 1280 1388 1356 A
1408 1308 1484 1387 quo
1499 1299 1693 1389 receptore

271 1418 386 1522 petita
398 1417 573 1493 societate
585 1414 730 1492 ordinis
745 1431 783 1491 ct
794 1414 828 1489 ei
843 1440 1033 1501 concessa,
1051 1413 1139 1489 lecit
1152 1440 1238 1490 eum
1256 1438 1386 1488 vovere
1401 1428 1439 1489 et
1447 1413 1574 1520 jurare
1588 1414 1695 1491 casti-

270 1564 401 1632 tatem,
421 1543 681 1621 obedienciam
691 1544 841 1635 ,vivere
863 1542 944 1618 sine
965 1543 1137 1648 proprio,
1156 1568 1300 1620 servare
1319 1542 1441 1620 bonos
1461 1569 1552 1619 usus
1571 1560 1608 1620 et
1625 1545 1695 1621 bo·

270 1675 639 1755 nasconsuetudines
655 1674 799 1751 ordinis
807 1691 983 1780 que'tunc
992 1674 1146 1751 erantin
1156 1673 1291 1752 ordine
1307 1690 1433 1778 etque
1447 1673 1486 1748 in
1499 1689 1691 1779 posterum

271 1808 554 1912 imponerentur
576 1835 644 1911 per
666 1806 884 1913 Magistrum
916 1833 1002 1881 cum
1027 1804 1183 1881 consilio
1202 1803 1497 1908 presbiterorum
1524 1803 1689 1891 ordinis,

270 1965 346 2013 non
366 1935 529 2014 revelare
554 1953 693 2014 secreta
713 1935 976 2040 capitoliorum
1006 1962 1075 2010 nec
1095 1933 1254 2010 modum
1283 1960 1349 2011 sue
1375 1932 1625 2038 recepcionis‚
1644 1951 1692 2010 -et

270 2067 373 2171 qood
389 2093 466 2143 non
484 2064 692 2141 dimitteret
717 2062 892 2140 ordinem
908 2063 1050 2139 dictum
1075 2090 1144 2167 pro
1163 2061 1312 2139 meliori
1332 2061 1391 2139 vel
1411 2062 1546 2169 pejori;
1565 2080 1602 2140 et
1620 2063 1691 2141 irn-

269 2195 392 2300 posito
405 2193 478 2272 sibi
491 2192 685 2278 mantello,
700 2192 780 2298 ipse
792 2191 898 2269 testis
909 2191 1185 2271 luitosculatus
1193 2191 1318 2298 ipsum
1326 2209 1460 2269 testem
1469 2193 1516 2269 in·
1526 2221 1608 2280 ore,
1621 2214 1691 2271 nec

270 2323 372 2401 alibi.
394 2326 524 2400 Postea
544 2321 652 2398 allata
672 2322 831 2426 quadam
853 2350 962 2398 cruce
986 2321 1124 2428 lignea,
1147 2323 1265 2399 nescit
1279 2349 1491 2427 perquem,
1513 2350 1584 2401 nec
1600 2324 1633 2400 si
1650 2326 1688 2401 in

271 2481 312 2531 ea
329 2470 406 2530 erat
419 2480 553 2560 ymago
569 2449 761 2542 Crucifixi,
778 2450 901 2527 dictus
920 2467 1093 2556 receptor
1106 2450 1273 2556 precepit
1290 2449 1324 2526 ei
1341 2449 1446 2555 quod
1461 2469 1613 2556 spueret
1626 2480 1689 2529 su·
1778 2502 1785 2511 ·

270 2610 335 2688 pra
349 2583 487 2659 dictam
498 2609 663 2669 crucem,
677 2597 714 2657 et
725 2578 828 2686 quod
842 2579 1043 2688 abnegaret
1051 2582 1218 2669 Jhesnm,
1237 2582 1367 2686 etipse
1380 2581 1487 2658 testis
1499 2583 1690 2686 nonspuit

271 2738 380 2818 supra
396 2713 463 2789 sed
471 2713 576 2819 juxta
589 2711 726 2787 dictnm
742 2738 908 2798 crucem,
926 2726 963 2786 et
981 2711 1176 2817 abnegavit
1189 2710 1343 2793 Jhesum
1362 2738 1444 2800 ore,
1462 2738 1539 2786 non
1557 2713 1686 2800 corde,

270 2859 314 2918 ut
332 2842 439 2929 dixit,
459 2841 641 2947 adjiciens
656 2866 726 2947 per
740 2841 886 2918 dictum·
897 2856 1130 2945 receptorem
1147 2839 1291 2916 dictum
1311 2839 1423 2919 irrisae
1439 2839 1565 2917 eidem
1583 2842 1687 2945 quod

270 2971 541 3048 aliissratribus
560 2971 704 3050 ordinis
722 2986 869 3076 poterat
887 2968 1085 3047 carnaliter
1104 2970 1355 3059 commisceri,
1372 2969 1494 3076 stipsi
1510 2997 1594 3046 cum
1617 2999 1685 3058 eo;

271 3101 343 3177 hoc
361 3119 488 3177 tamen
508 3120 592 3178 non*
610 3100 712 3188 lecit,
736 3128 805 3177 nec
824 3098 895 3175 fuit
914 3100 1132 3205 requisitus,
1155 3127 1224 3176 nec
1246 3099 1364 3176 credit
1387 3100 1493 3204 quod
1516 3099 1625 3176 fieret
1647 3102 1685 3176 in

269 3231 418 3321 ordine;
440 3247 478 3306 et
491 3230 612 3307 credit
629 3229 735 3336 quod
746 3230 914 3336 predicta
930 3228 1060 3307 illicita
1075 3246 1112 3307 et
1126 3257 1203 3307 non
1218 3228 1289 3305 alia
1303 3229 1572 3307 intervenirent
1586 3258 1688 3307 com-

258 3361 436 3438 'muniter
455 3378 492 3438 et
509 3360 651 3466 ubique
671 3361 710 3437 in
731 3360 1014 3465 recepcionibus
1036 3359 1328 3466 aliorum,‚quia
1353 3359 1425 3438 hec
1449 3376 1494 3436 et.
1511 3387 1589 3439 non
1615 3360 1687 3441 alia

270 3489 398 3568 illicita
418 3492 700 3569 intervenerunt
711 3491 754 3567 in
769 3492 989 3596 recepcione
1009 3520 1086 3583 sua,
1099 3508 1137 3567 et
1154 3490 1320 3597 quiaper
1333 3493 1512 3569 eumdem
1528 3492 1686 3569 modum

267 3620 410 3698 viderat
420 3623 551 3727 recipi,
565 3649 634 3728 per
646 3621 799 3701 fratrem
810 3622 963 3699 Petrum
980 3622 1027 3698 de
1044 3622 1190 3699 Medico
1201 3621 1360 3699 militem
1376 3620 1584 3727 quondam,
1598 3638 1687 3698 sunt

269 3751 415 3829 circiter
424 3778 475 3829 ιιι
486 3753 590 3841 enni,
605 3751 758 3863 fratrem
771 3753 1005 3858 Stephanum
1016 3754 1178 3829 larrossa
1190 3749 1456 3857 presbiterum,
1468 3750 1687 3830 Claromon-

267 3882 383 3958 tensis
398 3881 578 3969 diocesis,
595 3899 689 3959 tunc
714 3877 910 3961 detentum
927 3882 967 3959 in
988 3882 1130 3960 diocesi
1151 3882 1365 3972 Parisiensi‚
1390 3882 1429 3956 in
1452 3879 1599 3985 capella·
1618 3882 1686 3959 do-

268 4037 351 4086 mus
365 4012 516 4116 Templi
543 4013 588 4088 de
609 4013 740 4120 Posgia
760 4013 1032 4089 lemovicensis
1054 4013 1226 4099 diocesis,
1251 4011 1487 4116 presentibus
1508 4010 1686 4097 fratribus

268 4138 438 4215 Dionisio
452 4140 501 4217 de
513 4141 660 4230 Castris,
678 4143 870 4248 Stephano
884 4141 932 4217 de
943 4142 1110 4219 Briudeu
1126 4157 1162 4218 et
1178 4140 1343 4217 Fulcone
1357 4140 1405 4216 de
1419 4142 1601 4249 Vernegia
1614 4169 1686 4220 ser·

267 4266 469 4355 vientibus,
493 4268 708 4360 deffunctis3
725 4271 892 4377 plurium
906 4269 1189 4375 recepcionibus
1208 4298 1247 4346 se
1268 4297 1345 4346 non
1370 4269 1504 4348 recolit
1523 4271 1682 4350 affuisse.

266 4398 374 4484 Item,
388 4396 482 4475 dixit
494 4399 599 4503 quod
617 4398 657 4474 in
674 4398 735 4475 die
744 4400 899 4480 Veneris
909 4415 1032 4477 sancta
1046 4398 1252 4476 adorabant
1265 4399 1399 4477 devote
1409 4417 1447 4478 et
1459 4419 1682 4507 reverenter,

268 4525 380 4603 nudis
397 4524 573 4631 pedibus,
595 4555 760 4630 crucem,
778 4545 816 4605 et
835 4529 940 4633 quod
959 4529 1037 4635 ipse
1053 4528 1150 4606 bene
1166 4527 1341 4607 credebat
1355 4528 1612 4608 ecclesiasticis
1630 4559 1686 4610 sa·

269 4657 481 4746 oramentis,
497 4655 655 4735 credens
668 4658 774 4764 (prod
787 4658 850 4736 alii
865 4657 996 4737 fratres
1015 4658 1161 4738 ordinis
1181 4661 1316 4738 eodem
1333 4659 1450 4743 modo
1468 4661 1682 4752 crederent,

267 4786 556 4891 etquodeorum
576 4789 787 4868 sacerdotes
799 4789 926 4869 debite
937 4789 1180 4869 celebrarent.
1193 4790 1435 4870 Clandestine
1449 4792 1682 4899 recipieban-
