<?xml version="1.0" encoding="UTF-8"?>
<!DOCTYPE html PUBLIC "-//W3C//DTD XHTML 1.0 Transitional//EN"
    "http://www.w3.org/TR/xhtml1/DTD/xhtml1-transitional.dtd">
<html xmlns="http://www.w3.org/1999/xhtml" xml:lang="en" lang="en">
 <head>
  <title>
</title>
<meta http-equiv="Content-Type" content="text/html;charset=utf-8" />
  <meta name='ocr-system' content='tesseract 3.04.00' />
  <meta name='ocr-capabilities' content='ocr_page ocr_carea ocr_par ocr_line ocrx_word'/>
</head>
<body>
  <div class='ocr_page' id='page_1' title='image "./procsdestemplie01defegoog/procsdestemplie01defegoog_0445.png"; bbox 0 0 4230 5956; ppageno 0'>
   <div class='ocr_carea' id='block_1_1' title="bbox 684 475 1716 572">
    <p class='ocr_par' dir='ltr' id='par_1_1' title="bbox 684 475 1716 572">
     <span class='ocr_line' id='line_1_1' title="bbox 684 475 1716 572; baseline 0.009 -10"><span class='ocrx_word' id='word_1_1' title='bbox 684 475 878 565; x_wconf 79' lang='lat' dir='ltr'>raocts</span> <span class='ocrx_word' id='word_1_2' title='bbox 903 494 1000 565; x_wconf 81' lang='lat' dir='ltr'>oss</span> <span class='ocrx_word' id='word_1_3' title='bbox 1025 494 1326 567; x_wconf 75' lang='lat' dir='ltr'>remetiens.</span> <span class='ocrx_word' id='word_1_4' title='bbox 1642 498 1716 572; x_wconf 81' lang='lat' dir='ltr'>uc</span> 
     </span>
    </p>
   </div>
   <div class='ocr_carea' id='block_1_2' title="bbox 291 628 1718 3344">
    <p class='ocr_par' dir='ltr' id='par_1_2' title="bbox 294 628 1718 1392">
     <span class='ocr_line' id='line_1_2' title="bbox 299 628 1718 741; baseline 0.008 -36"><span class='ocrx_word' id='word_1_5' title='bbox 299 628 594 734; x_wconf 85' lang='lat' dir='ltr'>Rongemaaille,</span> <span class='ocrx_word' id='word_1_6' title='bbox 624 648 662 706; x_wconf 91' lang='lat' dir='ltr'>et</span> <span class='ocrx_word' id='word_1_7' title='bbox 688 631 912 737; x_wconf 89' lang='lat' dir='ltr'>quibusdam</span> <span class='ocrx_word' id='word_1_8' title='bbox 936 635 1017 710; x_wconf 92' lang='lat' dir='ltr'>aliis</span> <span class='ocrx_word' id='word_1_9' title='bbox 1044 635 1091 711; x_wconf 89' lang='lat' dir='ltr'>de</span> <span class='ocrx_word' id='word_1_10' title='bbox 1122 663 1283 741; x_wconf 90' lang='lat' dir='ltr'>quorum</span> <span class='ocrx_word' id='word_1_11' title='bbox 1312 634 1532 711; x_wconf 90' lang='lat' dir='ltr'>nominibus</span> <span class='ocrx_word' id='word_1_12' title='bbox 1557 665 1632 713; x_wconf 88' lang='lat' dir='ltr'>non</span> <span class='ocrx_word' id='word_1_13' title='bbox 1656 668 1718 716; x_wconf 91' lang='lat' dir='ltr'>re-</span> 
     </span>
     <span class='ocr_line' id='line_1_3' title="bbox 297 759 1718 872; baseline 0.008 -37"><span class='ocrx_word' id='word_1_14' title='bbox 297 761 395 837; x_wconf 82' lang='lat' dir='ltr'><strong>colit.</strong></span> <span class='ocrx_word' id='word_1_15' title='bbox 416 759 519 836; x_wconf 86' lang='lat' dir='ltr'>Dixit</span> <span class='ocrx_word' id='word_1_16' title='bbox 538 762 654 837; x_wconf 92' lang='lat' dir='ltr'>eciam</span> <span class='ocrx_word' id='word_1_17' title='bbox 674 792 741 868; x_wconf 91' lang='lat' dir='ltr'>per</span> <span class='ocrx_word' id='word_1_18' title='bbox 755 763 1010 869; x_wconf 89' lang='lat' dir='ltr'>juramentum</span> <span class='ocrx_word' id='word_1_19' title='bbox 1029 794 1139 842; x_wconf 92' lang='lat' dir='ltr'>suum</span> <span class='ocrx_word' id='word_1_20' title='bbox 1155 766 1274 872; x_wconf 93' lang='lat' dir='ltr'>quod,</span> <span class='ocrx_word' id='word_1_21' title='bbox 1293 781 1377 869; x_wconf 91' lang='lat' dir='ltr'>post</span> <span class='ocrx_word' id='word_1_22' title='bbox 1399 765 1538 843; x_wconf 90' lang='lat' dir='ltr'>multas</span> <span class='ocrx_word' id='word_1_23' title='bbox 1559 771 1718 871; x_wconf 91' lang='lat' dir='ltr'>promis·</span> 
     </span>
     <span class='ocr_line' id='line_1_4' title="bbox 295 891 1714 990; baseline 0.006 -23"><span class='ocrx_word' id='word_1_24' title='bbox 295 893 420 968; x_wconf 91' lang='lat' dir='ltr'>siones</span> <span class='ocrx_word' id='word_1_25' title='bbox 444 891 492 968; x_wconf 87' lang='lat' dir='ltr'>de</span> <span class='ocrx_word' id='word_1_26' title='bbox 514 892 752 971; x_wconf 89' lang='lat' dir='ltr'>observandis</span> <span class='ocrx_word' id='word_1_27' title='bbox 772 896 916 973; x_wconf 85' lang='lat' dir='ltr'>statutis</span> <span class='ocrx_word' id='word_1_28' title='bbox 936 913 975 972; x_wconf 92' lang='lat' dir='ltr'>et</span> <span class='ocrx_word' id='word_1_29' title='bbox 1002 897 1154 973; x_wconf 90' lang='lat' dir='ltr'>secretis</span> <span class='ocrx_word' id='word_1_30' title='bbox 1178 895 1266 972; x_wconf 92' lang='lat' dir='ltr'>dicti</span> <span class='ocrx_word' id='word_1_31' title='bbox 1289 895 1433 972; x_wconf 84' lang='lat' dir='ltr'>ordinis</span> <span class='ocrx_word' id='word_1_32' title='bbox 1455 895 1501 973; x_wconf 86' lang='lat' dir='ltr'>ab</span> <span class='ocrx_word' id='word_1_33' title='bbox 1523 926 1568 974; x_wconf 89' lang='lat' dir='ltr'>co</span> <span class='ocrx_word' id='word_1_34' title='bbox 1586 896 1714 990; x_wconf 86' lang='lat' dir='ltr'>factas,</span> 
     </span>
     <span class='ocr_line' id='line_1_5' title="bbox 296 1021 1715 1133; baseline 0.006 -37"><span class='ocrx_word' id='word_1_35' title='bbox 296 1021 417 1099; x_wconf 91' lang='lat' dir='ltr'>dictus</span> <span class='ocrx_word' id='word_1_36' title='bbox 439 1022 621 1127; x_wconf 88' lang='lat' dir='ltr'>recipiens</span> <span class='ocrx_word' id='word_1_37' title='bbox 644 1029 812 1132; x_wconf 83' lang='lat' dir='ltr'>precepit</span> <span class='ocrx_word' id='word_1_38' title='bbox 830 1028 902 1104; x_wconf 91' lang='lat' dir='ltr'>sibi</span> <span class='ocrx_word' id='word_1_39' title='bbox 923 1026 1027 1133; x_wconf 92' lang='lat' dir='ltr'>quod</span> <span class='ocrx_word' id='word_1_40' title='bbox 1051 1029 1280 1105; x_wconf 84' lang='lat' dir='ltr'><strong>oscularetur</strong></span> <span class='ocrx_word' id='word_1_41' title='bbox 1304 1055 1390 1103; x_wconf 91' lang='lat' dir='ltr'>eum</span> <span class='ocrx_word' id='word_1_42' title='bbox 1413 1044 1512 1104; x_wconf 90' lang='lat' dir='ltr'>retro</span> <span class='ocrx_word' id='word_1_43' title='bbox 1534 1027 1572 1103; x_wconf 95' lang='lat' dir='ltr'>in</span> <span class='ocrx_word' id='word_1_44' title='bbox 1591 1029 1715 1107; x_wconf 91' lang='lat' dir='ltr'>umbi·</span> 
     </span>
     <span class='ocr_line' id='line_1_6' title="bbox 294 1150 1712 1264; baseline 0.009 -41"><span class='ocrx_word' id='word_1_45' title='bbox 294 1150 367 1228; x_wconf 92' lang='lat' dir='ltr'>lico</span> <span class='ocrx_word' id='word_1_46' title='bbox 383 1153 472 1227; x_wconf 89' lang='lat' dir='ltr'>etin</span> <span class='ocrx_word' id='word_1_47' title='bbox 491 1180 572 1242; x_wconf 89' lang='lat' dir='ltr'>ore,</span> <span class='ocrx_word' id='word_1_48' title='bbox 592 1171 630 1231; x_wconf 91' lang='lat' dir='ltr'>et</span> <span class='ocrx_word' id='word_1_49' title='bbox 646 1156 725 1261; x_wconf 89' lang='lat' dir='ltr'>ipse</span> <span class='ocrx_word' id='word_1_50' title='bbox 739 1157 844 1234; x_wconf 88' lang='lat' dir='ltr'>linxit</span> <span class='ocrx_word' id='word_1_51' title='bbox 859 1159 961 1264; x_wconf 90' lang='lat' dir='ltr'>quod</span> <span class='ocrx_word' id='word_1_52' title='bbox 982 1158 1212 1235; x_wconf 80' lang='lat' dir='ltr'>oscularetur</span> <span class='ocrx_word' id='word_1_53' title='bbox 1228 1186 1314 1234; x_wconf 90' lang='lat' dir='ltr'>eum</span> <span class='ocrx_word' id='word_1_54' title='bbox 1335 1186 1445 1263; x_wconf 89' lang='lat' dir='ltr'>supra</span> <span class='ocrx_word' id='word_1_55' title='bbox 1462 1174 1581 1235; x_wconf 86' lang='lat' dir='ltr'>vestes</span> <span class='ocrx_word' id='word_1_56' title='bbox 1601 1177 1712 1249; x_wconf 88' lang='lat' dir='ltr'>retro,</span> 
     </span>
     <span class='ocr_line' id='line_1_7' title="bbox 297 1282 1374 1392; baseline 0.006 -37"><span class='ocrx_word' id='word_1_57' title='bbox 297 1298 333 1356; x_wconf 88' lang='lat' dir='ltr'>et</span> <span class='ocrx_word' id='word_1_58' title='bbox 352 1282 391 1356; x_wconf 96' lang='lat' dir='ltr'>in</span> <span class='ocrx_word' id='word_1_59' title='bbox 410 1283 606 1372; x_wconf 75' lang='lat' dir='ltr'>umbilico,</span> <span class='ocrx_word' id='word_1_60' title='bbox 624 1304 661 1361; x_wconf 91' lang='lat' dir='ltr'>et</span> <span class='ocrx_word' id='word_1_61' title='bbox 684 1304 810 1392; x_wconf 87' lang='lat' dir='ltr'>postea</span> <span class='ocrx_word' id='word_1_62' title='bbox 826 1288 1013 1366; x_wconf 89' lang='lat' dir='ltr'>osculatus</span> <span class='ocrx_word' id='word_1_63' title='bbox 1038 1287 1109 1365; x_wconf 87' lang='lat' dir='ltr'>luit</span> <span class='ocrx_word' id='word_1_64' title='bbox 1128 1317 1215 1365; x_wconf 91' lang='lat' dir='ltr'>eum</span> <span class='ocrx_word' id='word_1_65' title='bbox 1235 1290 1273 1364; x_wconf 95' lang='lat' dir='ltr'>in</span> <span class='ocrx_word' id='word_1_66' title='bbox 1295 1316 1374 1365; x_wconf 87' lang='lat' dir='ltr'>ore.</span> 
     </span>
    </p>

    <p class='ocr_par' dir='ltr' id='par_1_3' title="bbox 291 1413 1715 2301">
     <span class='ocr_line' id='line_1_8' title="bbox 349 1413 1715 1523; baseline 0.005 -36"><span class='ocrx_word' id='word_1_67' title='bbox 349 1413 442 1488; x_wconf 87' lang='lat' dir='ltr'>Item</span> <span class='ocrx_word' id='word_1_68' title='bbox 466 1413 557 1489; x_wconf 83' lang='lat' dir='ltr'>dixit</span> <span class='ocrx_word' id='word_1_69' title='bbox 575 1443 643 1519; x_wconf 91' lang='lat' dir='ltr'>per</span> <span class='ocrx_word' id='word_1_70' title='bbox 661 1418 913 1522; x_wconf 84' lang='lat' dir='ltr'>juramentum</span> <span class='ocrx_word' id='word_1_71' title='bbox 938 1447 1049 1494; x_wconf 88' lang='lat' dir='ltr'>suum</span> <span class='ocrx_word' id='word_1_72' title='bbox 1077 1420 1180 1523; x_wconf 91' lang='lat' dir='ltr'>quod</span> <span class='ocrx_word' id='word_1_73' title='bbox 1201 1418 1321 1494; x_wconf 91' lang='lat' dir='ltr'>dictus</span> <span class='ocrx_word' id='word_1_74' title='bbox 1347 1418 1530 1521; x_wconf 88' lang='lat' dir='ltr'>recipiens</span> <span class='ocrx_word' id='word_1_75' title='bbox 1550 1418 1715 1495; x_wconf 82' lang='lat' dir='ltr'>ostendit</span> 
     </span>
     <span class='ocr_line' id='line_1_9' title="bbox 294 1542 1712 1654; baseline 0.005 -37"><span class='ocrx_word' id='word_1_76' title='bbox 294 1542 364 1617; x_wconf 92' lang='lat' dir='ltr'>sibi</span> <span class='ocrx_word' id='word_1_77' title='bbox 394 1571 542 1620; x_wconf 88' lang='lat' dir='ltr'>crucem</span> <span class='ocrx_word' id='word_1_78' title='bbox 569 1546 751 1636; x_wconf 88' lang='lat' dir='ltr'>mantelli,</span> <span class='ocrx_word' id='word_1_79' title='bbox 778 1566 817 1623; x_wconf 90' lang='lat' dir='ltr'>et</span> <span class='ocrx_word' id='word_1_80' title='bbox 829 1550 996 1654; x_wconf 90' lang='lat' dir='ltr'>precepit</span> <span class='ocrx_word' id='word_1_81' title='bbox 1015 1548 1085 1623; x_wconf 94' lang='lat' dir='ltr'>sibi</span> <span class='ocrx_word' id='word_1_82' title='bbox 1109 1548 1213 1653; x_wconf 92' lang='lat' dir='ltr'>quod</span> <span class='ocrx_word' id='word_1_83' title='bbox 1240 1565 1390 1653; x_wconf 87' lang='lat' dir='ltr'>spueret</span> <span class='ocrx_word' id='word_1_84' title='bbox 1413 1577 1522 1653; x_wconf 92' lang='lat' dir='ltr'>supra</span> <span class='ocrx_word' id='word_1_85' title='bbox 1542 1577 1712 1640; x_wconf 80' lang='lat' dir='ltr'>cruccm3</span> 
     </span>
     <span class='ocr_line' id='line_1_10' title="bbox 293 1672 1713 1782; baseline 0.004 -34"><span class='ocrx_word' id='word_1_86' title='bbox 293 1673 397 1776; x_wconf 87' lang='lat' dir='ltr'>quod</span> <span class='ocrx_word' id='word_1_87' title='bbox 421 1672 522 1762; x_wconf 88' lang='lat' dir='ltr'>lecit,</span> <span class='ocrx_word' id='word_1_88' title='bbox 546 1692 583 1750; x_wconf 88' lang='lat' dir='ltr'>et</span> <span class='ocrx_word' id='word_1_89' title='bbox 609 1694 739 1780; x_wconf 89' lang='lat' dir='ltr'>postea</span> <span class='ocrx_word' id='word_1_90' title='bbox 759 1678 921 1754; x_wconf 85' lang='lat' dir='ltr'>ostendit</span> <span class='ocrx_word' id='word_1_91' title='bbox 948 1678 1019 1754; x_wconf 94' lang='lat' dir='ltr'>sibi</span> <span class='ocrx_word' id='word_1_92' title='bbox 1045 1707 1192 1753; x_wconf 91' lang='lat' dir='ltr'>crucem</span> <span class='ocrx_word' id='word_1_93' title='bbox 1215 1678 1254 1752; x_wconf 95' lang='lat' dir='ltr'>in</span> <span class='ocrx_word' id='word_1_94' title='bbox 1278 1677 1444 1782; x_wconf 91' lang='lat' dir='ltr'>quodam</span> <span class='ocrx_word' id='word_1_95' title='bbox 1467 1678 1603 1754; x_wconf 80' lang='lat' dir='ltr'>missali</span> <span class='ocrx_word' id='word_1_96' title='bbox 1628 1707 1713 1754; x_wconf 92' lang='lat' dir='ltr'>cum</span> 
     </span>
     <span class='ocr_line' id='line_1_11' title="bbox 291 1805 1714 1914; baseline 0.006 -38"><span class='ocrx_word' id='word_1_97' title='bbox 291 1805 459 1909; x_wconf 79' lang='lat' dir='ltr'>ymagine</span> <span class='ocrx_word' id='word_1_98' title='bbox 473 1806 589 1882; x_wconf 84' lang='lat' dir='ltr'>Jliesu</span> <span class='ocrx_word' id='word_1_99' title='bbox 608 1807 763 1895; x_wconf 84' lang='lat' dir='ltr'>Christi,</span> <span class='ocrx_word' id='word_1_100' title='bbox 793 1826 830 1884; x_wconf 88' lang='lat' dir='ltr'>et</span> <span class='ocrx_word' id='word_1_101' title='bbox 847 1808 1014 1914; x_wconf 90' lang='lat' dir='ltr'>precepit</span> <span class='ocrx_word' id='word_1_102' title='bbox 1037 1808 1108 1884; x_wconf 90' lang='lat' dir='ltr'>sibi</span> <span class='ocrx_word' id='word_1_103' title='bbox 1129 1808 1232 1913; x_wconf 91' lang='lat' dir='ltr'>quod</span> <span class='ocrx_word' id='word_1_104' title='bbox 1247 1806 1448 1912; x_wconf 84' lang='lat' dir='ltr'>abnegaret</span> <span class='ocrx_word' id='word_1_105' title='bbox 1465 1809 1589 1883; x_wconf 92' lang='lat' dir='ltr'>Deum</span> <span class='ocrx_word' id='word_1_106' title='bbox 1606 1809 1714 1914; x_wconf 87' lang='lat' dir='ltr'>cujus</span> 
     </span>
     <span class='ocr_line' id='line_1_12' title="bbox 291 1934 1715 2039; baseline 0.005 -33"><span class='ocrx_word' id='word_1_107' title='bbox 291 1960 425 2039; x_wconf 78' lang='lat' dir='ltr'>ymago</span> <span class='ocrx_word' id='word_1_108' title='bbox 441 1952 520 2011; x_wconf 88' lang='lat' dir='ltr'>erat</span> <span class='ocrx_word' id='word_1_109' title='bbox 539 1935 607 2023; x_wconf 94' lang='lat' dir='ltr'>ibi,</span> <span class='ocrx_word' id='word_1_110' title='bbox 631 1953 668 2011; x_wconf 90' lang='lat' dir='ltr'>et</span> <span class='ocrx_word' id='word_1_111' title='bbox 687 1937 774 2013; x_wconf 90' lang='lat' dir='ltr'>licet</span> <span class='ocrx_word' id='word_1_112' title='bbox 789 1939 973 2014; x_wconf 88' lang='lat' dir='ltr'>renuisset</span> <span class='ocrx_word' id='word_1_113' title='bbox 988 1954 1024 2012; x_wconf 89' lang='lat' dir='ltr'>et</span> <span class='ocrx_word' id='word_1_114' title='bbox 1043 1938 1165 2023; x_wconf 85' lang='lat' dir='ltr'>lleret,</span> <span class='ocrx_word' id='word_1_115' title='bbox 1188 1953 1312 2012; x_wconf 88' lang='lat' dir='ltr'>tamen</span> <span class='ocrx_word' id='word_1_116' title='bbox 1330 1934 1493 2012; x_wconf 83' lang='lat' dir='ltr'>finaliter</span> <span class='ocrx_word' id='word_1_117' title='bbox 1508 1935 1597 2012; x_wconf 84' lang='lat' dir='ltr'>fecit</span> <span class='ocrx_word' id='word_1_118' title='bbox 1614 1966 1715 2015; x_wconf 92' lang='lat' dir='ltr'>com-</span> 
     </span>
     <span class='ocr_line' id='line_1_13' title="bbox 293 2062 1713 2172; baseline 0.004 -34"><span class='ocrx_word' id='word_1_119' title='bbox 293 2062 433 2165; x_wconf 88' lang='lat' dir='ltr'>pulsus.</span> <span class='ocrx_word' id='word_1_120' title='bbox 453 2065 553 2142; x_wconf 83' lang='lat' dir='ltr'>Dixit</span> <span class='ocrx_word' id='word_1_121' title='bbox 569 2066 684 2141; x_wconf 87' lang='lat' dir='ltr'>eciam</span> <span class='ocrx_word' id='word_1_122' title='bbox 702 2096 771 2172; x_wconf 90' lang='lat' dir='ltr'>per</span> <span class='ocrx_word' id='word_1_123' title='bbox 788 2068 1040 2172; x_wconf 85' lang='lat' dir='ltr'>juramentum</span> <span class='ocrx_word' id='word_1_124' title='bbox 1059 2094 1184 2154; x_wconf 90' lang='lat' dir='ltr'>suum,</span> <span class='ocrx_word' id='word_1_125' title='bbox 1206 2065 1310 2171; x_wconf 90' lang='lat' dir='ltr'>quod</span> <span class='ocrx_word' id='word_1_126' title='bbox 1327 2066 1445 2142; x_wconf 90' lang='lat' dir='ltr'>credit</span> <span class='ocrx_word' id='word_1_127' title='bbox 1461 2068 1566 2171; x_wconf 91' lang='lat' dir='ltr'>quod</span> <span class='ocrx_word' id='word_1_128' title='bbox 1583 2095 1713 2144; x_wconf 86' lang='lat' dir='ltr'>omncs</span> 
     </span>
     <span class='ocr_line' id='line_1_14' title="bbox 292 2192 1324 2301; baseline 0.005 -34"><span class='ocrx_word' id='word_1_129' title='bbox 292 2192 356 2268; x_wconf 84' lang='lat' dir='ltr'>alii</span> <span class='ocrx_word' id='word_1_130' title='bbox 377 2192 506 2271; x_wconf 80' lang='lat' dir='ltr'>fratres</span> <span class='ocrx_word' id='word_1_131' title='bbox 523 2196 574 2270; x_wconf 87' lang='lat' dir='ltr'>ita</span> <span class='ocrx_word' id='word_1_132' title='bbox 594 2196 829 2301; x_wconf 86' lang='lat' dir='ltr'>recipiantur,</span> <span class='ocrx_word' id='word_1_133' title='bbox 852 2198 1016 2274; x_wconf 88' lang='lat' dir='ltr'>sednon</span> <span class='ocrx_word' id='word_1_134' title='bbox 1037 2197 1104 2273; x_wconf 92' lang='lat' dir='ltr'>scit</span> <span class='ocrx_word' id='word_1_135' title='bbox 1120 2197 1324 2273; x_wconf 87' lang='lat' dir='ltr'>veritatem.</span> 
     </span>
    </p>

    <p class='ocr_par' dir='ltr' id='par_1_4' title="bbox 292 2327 1712 3344">
     <span class='ocr_line' id='line_1_15' title="bbox 349 2327 1712 2432; baseline 0.003 -35"><span class='ocrx_word' id='word_1_136' title='bbox 349 2327 599 2432; x_wconf 81' lang='lat' dir='ltr'>Interrogatus</span> <span class='ocrx_word' id='word_1_137' title='bbox 612 2344 739 2403; x_wconf 92' lang='lat' dir='ltr'>utrum</span> <span class='ocrx_word' id='word_1_138' title='bbox 754 2329 805 2414; x_wconf 86' lang='lat' dir='ltr'>vi,</span> <span class='ocrx_word' id='word_1_139' title='bbox 821 2329 876 2403; x_wconf 90' lang='lat' dir='ltr'>vel</span> <span class='ocrx_word' id='word_1_140' title='bbox 890 2345 993 2404; x_wconf 86' lang='lat' dir='ltr'>metu</span> <span class='ocrx_word' id='word_1_141' title='bbox 1008 2327 1164 2403; x_wconf 79' lang='lat' dir='ltr'>carceris</span> <span class='ocrx_word' id='word_1_142' title='bbox 1179 2354 1246 2403; x_wconf 90' lang='lat' dir='ltr'>seu</span> <span class='ocrx_word' id='word_1_143' title='bbox 1259 2343 1550 2414; x_wconf 84' lang='lat' dir='ltr'>tormentorum,</span> <span class='ocrx_word' id='word_1_144' title='bbox 1563 2345 1628 2403; x_wconf 89' lang='lat' dir='ltr'>aut</span> <span class='ocrx_word' id='word_1_145' title='bbox 1639 2327 1712 2402; x_wconf 85' lang='lat' dir='ltr'>alia</span> 
     </span>
     <span class='ocr_line' id='line_1_16' title="bbox 295 2454 1710 2562; baseline 0.004 -35"><span class='ocrx_word' id='word_1_146' title='bbox 295 2454 340 2528; x_wconf 91' lang='lat' dir='ltr'>de</span> <span class='ocrx_word' id='word_1_147' title='bbox 362 2483 485 2539; x_wconf 88' lang='lat' dir='ltr'>causa,</span> <span class='ocrx_word' id='word_1_148' title='bbox 508 2455 669 2561; x_wconf 89' lang='lat' dir='ltr'>aliquam</span> <span class='ocrx_word' id='word_1_149' title='bbox 692 2457 825 2533; x_wconf 82' lang='lat' dir='ltr'>dixerit</span> <span class='ocrx_word' id='word_1_150' title='bbox 852 2457 1048 2534; x_wconf 82' lang='lat' dir='ltr'>salsitatem</span> <span class='ocrx_word' id='word_1_151' title='bbox 1067 2457 1124 2533; x_wconf 88' lang='lat' dir='ltr'>vel</span> <span class='ocrx_word' id='word_1_152' title='bbox 1144 2457 1387 2532; x_wconf 88' lang='lat' dir='ltr'>immiscuerit</span> <span class='ocrx_word' id='word_1_153' title='bbox 1412 2458 1451 2531; x_wconf 90' lang='lat' dir='ltr'>in</span> <span class='ocrx_word' id='word_1_154' title='bbox 1471 2457 1710 2562; x_wconf 89' lang='lat' dir='ltr'>deposicionc</span> 
     </span>
     <span class='ocr_line' id='line_1_17' title="bbox 293 2585 1712 2692; baseline 0.002 -34"><span class='ocrx_word' id='word_1_155' title='bbox 293 2613 374 2673; x_wconf 85' lang='lat' dir='ltr'>sua,</span> <span class='ocrx_word' id='word_1_156' title='bbox 398 2585 489 2660; x_wconf 91' lang='lat' dir='ltr'>dixit</span> <span class='ocrx_word' id='word_1_157' title='bbox 511 2614 575 2689; x_wconf 90' lang='lat' dir='ltr'>per</span> <span class='ocrx_word' id='word_1_158' title='bbox 590 2587 844 2692; x_wconf 88' lang='lat' dir='ltr'>juramentum</span> <span class='ocrx_word' id='word_1_159' title='bbox 861 2616 970 2663; x_wconf 91' lang='lat' dir='ltr'>suum</span> <span class='ocrx_word' id='word_1_160' title='bbox 983 2588 1089 2692; x_wconf 93' lang='lat' dir='ltr'>quod</span> <span class='ocrx_word' id='word_1_161' title='bbox 1109 2616 1204 2675; x_wconf 88' lang='lat' dir='ltr'>non;</span> <span class='ocrx_word' id='word_1_162' title='bbox 1226 2587 1342 2664; x_wconf 92' lang='lat' dir='ltr'>immo</span> <span class='ocrx_word' id='word_1_163' title='bbox 1364 2586 1455 2662; x_wconf 88' lang='lat' dir='ltr'>dixit</span> <span class='ocrx_word' id='word_1_164' title='bbox 1470 2616 1602 2691; x_wconf 88' lang='lat' dir='ltr'>puram</span> <span class='ocrx_word' id='word_1_165' title='bbox 1621 2588 1712 2662; x_wconf 88' lang='lat' dir='ltr'>veri-</span> 
     </span>
     <span class='ocr_line' id='line_1_18' title="bbox 293 2714 1711 2821; baseline 0.001 -33"><span class='ocrx_word' id='word_1_166' title='bbox 293 2730 418 2789; x_wconf 86' lang='lat' dir='ltr'>tatem.</span> <span class='ocrx_word' id='word_1_167' title='bbox 449 2714 538 2791; x_wconf 86' lang='lat' dir='ltr'>Acta</span> <span class='ocrx_word' id='word_1_168' title='bbox 561 2734 646 2792; x_wconf 92' lang='lat' dir='ltr'>sunt</span> <span class='ocrx_word' id='word_1_169' title='bbox 676 2718 745 2792; x_wconf 86' lang='lat' dir='ltr'>bec</span> <span class='ocrx_word' id='word_1_170' title='bbox 773 2744 890 2806; x_wconf 90' lang='lat' dir='ltr'>anno,</span> <span class='ocrx_word' id='word_1_171' title='bbox 922 2715 1126 2804; x_wconf 90' lang='lat' dir='ltr'>indicione,</span> <span class='ocrx_word' id='word_1_172' title='bbox 1152 2744 1296 2805; x_wconf 87' lang='lat' dir='ltr'>mense,</span> <span class='ocrx_word' id='word_1_173' title='bbox 1324 2717 1401 2806; x_wconf 90' lang='lat' dir='ltr'>die,</span> <span class='ocrx_word' id='word_1_174' title='bbox 1428 2717 1645 2821; x_wconf 88' lang='lat' dir='ltr'>pontificatu</span> <span class='ocrx_word' id='word_1_175' title='bbox 1674 2733 1711 2790; x_wconf 89' lang='lat' dir='ltr'>et</span> 
     </span>
     <span class='ocr_line' id='line_1_19' title="bbox 292 2845 1711 2955; baseline 0.003 -37"><span class='ocrx_word' id='word_1_176' title='bbox 292 2846 374 2921; x_wconf 93' lang='lat' dir='ltr'>loco</span> <span class='ocrx_word' id='word_1_177' title='bbox 389 2846 579 2950; x_wconf 84' lang='lat' dir='ltr'>predictis,</span> <span class='ocrx_word' id='word_1_178' title='bbox 594 2848 829 2952; x_wconf 85' lang='lat' dir='ltr'>presentibus</span> <span class='ocrx_word' id='word_1_179' title='bbox 843 2848 1027 2955; x_wconf 87' lang='lat' dir='ltr'>religiosis</span> <span class='ocrx_word' id='word_1_180' title='bbox 1043 2864 1079 2923; x_wconf 91' lang='lat' dir='ltr'>et</span> <span class='ocrx_word' id='word_1_181' title='bbox 1090 2848 1255 2923; x_wconf 88' lang='lat' dir='ltr'>honestis</span> <span class='ocrx_word' id='word_1_182' title='bbox 1269 2846 1357 2922; x_wconf 85' lang='lat' dir='ltr'>viris</span> <span class='ocrx_word' id='word_1_183' title='bbox 1373 2845 1547 2923; x_wconf 82' lang='lat' dir='ltr'>fratribus</span> <span class='ocrx_word' id='word_1_184' title='bbox 1563 2845 1711 2924; x_wconf 92' lang='lat' dir='ltr'>Gaude-</span> 
     </span>
     <span class='ocr_line' id='line_1_20' title="bbox 292 2974 1712 3083; baseline 0.003 -37"><span class='ocrx_word' id='word_1_185' title='bbox 292 2974 399 3052; x_wconf 88' lang='lat' dir='ltr'>lredo</span> <span class='ocrx_word' id='word_1_186' title='bbox 425 2975 640 3064; x_wconf 90' lang='lat' dir='ltr'>Leodiensi,</span> <span class='ocrx_word' id='word_1_187' title='bbox 667 2978 836 3054; x_wconf 83' lang='lat' dir='ltr'>lohannc</span> <span class='ocrx_word' id='word_1_188' title='bbox 864 2979 1037 3083; x_wconf 77' lang='lat' dir='ltr'>bergensi</span> <span class='ocrx_word' id='word_1_189' title='bbox 1068 2977 1210 3053; x_wconf 91' lang='lat' dir='ltr'>ordinis</span> <span class='ocrx_word' id='word_1_190' title='bbox 1235 2977 1531 3061; x_wconf 89' lang='lat' dir='ltr'>Predicatorum,</span> <span class='ocrx_word' id='word_1_191' title='bbox 1560 2977 1596 3050; x_wconf 93' lang='lat' dir='ltr'>in</span> <span class='ocrx_word' id='word_1_192' title='bbox 1624 3004 1712 3052; x_wconf 90' lang='lat' dir='ltr'>con-</span> 
     </span>
     <span class='ocr_line' id='line_1_21' title="bbox 293 3107 1710 3213; baseline 0.002 -35"><span class='ocrx_word' id='word_1_193' title='bbox 293 3125 404 3182; x_wconf 88' lang='lat' dir='ltr'>ventu</span> <span class='ocrx_word' id='word_1_194' title='bbox 425 3108 620 3185; x_wconf 92' lang='lat' dir='ltr'>Parisiensi</span> <span class='ocrx_word' id='word_1_195' title='bbox 639 3109 890 3199; x_wconf 88' lang='lat' dir='ltr'>studentibus,</span> <span class='ocrx_word' id='word_1_196' title='bbox 914 3126 952 3185; x_wconf 90' lang='lat' dir='ltr'>et</span> <span class='ocrx_word' id='word_1_197' title='bbox 971 3109 1141 3213; x_wconf 91' lang='lat' dir='ltr'>pluribus</span> <span class='ocrx_word' id='word_1_198' title='bbox 1163 3109 1242 3184; x_wconf 88' lang='lat' dir='ltr'>aliis</span> <span class='ocrx_word' id='word_1_199' title='bbox 1256 3108 1413 3184; x_wconf 90' lang='lat' dir='ltr'>testibus</span> <span class='ocrx_word' id='word_1_200' title='bbox 1430 3108 1477 3183; x_wconf 88' lang='lat' dir='ltr'>ad</span> <span class='ocrx_word' id='word_1_201' title='bbox 1491 3107 1560 3182; x_wconf 91' lang='lat' dir='ltr'>hec</span> <span class='ocrx_word' id='word_1_202' title='bbox 1574 3108 1710 3183; x_wconf 89' lang='lat' dir='ltr'>vocatis</span> 
     </span>
     <span class='ocr_line' id='line_1_22' title="bbox 293 3237 729 3344; baseline 0.007 -34"><span class='ocrx_word' id='word_1_203' title='bbox 293 3237 501 3338; x_wconf 87' lang='lat' dir='ltr'>specialiter</span> <span class='ocrx_word' id='word_1_204' title='bbox 524 3256 561 3313; x_wconf 90' lang='lat' dir='ltr'>et</span> <span class='ocrx_word' id='word_1_205' title='bbox 582 3240 729 3344; x_wconf 86' lang='lat' dir='ltr'>rogatis.</span> 
     </span>
    </p>
   </div>
   <div class='ocr_carea' id='block_1_3' title="bbox 292 3500 1711 4513">
    <p class='ocr_par' dir='ltr' id='par_1_5' title="bbox 292 3500 1711 4513">
     <span class='ocr_line' id='line_1_23' title="bbox 347 3500 1711 3604; baseline -0.001 -30"><span class='ocrx_word' id='word_1_206' title='bbox 347 3501 393 3574; x_wconf 88' lang='lat' dir='ltr'>Et</span> <span class='ocrx_word' id='word_1_207' title='bbox 408 3529 476 3604; x_wconf 89' lang='lat' dir='ltr'>ego</span> <span class='ocrx_word' id='word_1_208' title='bbox 488 3501 647 3577; x_wconf 79' lang='lat' dir='ltr'>Amisius</span> <span class='ocrx_word' id='word_1_209' title='bbox 658 3502 705 3577; x_wconf 91' lang='lat' dir='ltr'>de</span> <span class='ocrx_word' id='word_1_210' title='bbox 720 3501 917 3578; x_wconf 80' lang='lat' dir='ltr'>Aureliano</span> <span class='ocrx_word' id='word_1_211' title='bbox 929 3501 1048 3578; x_wconf 93' lang='lat' dir='ltr'>dictus</span> <span class='ocrx_word' id='word_1_212' title='bbox 1062 3502 1097 3578; x_wconf 88' lang='lat' dir='ltr'>le</span> <span class='ocrx_word' id='word_1_213' title='bbox 1108 3501 1215 3587; x_wconf 77' lang='lat' dir='ltr'>Ratis,</span> <span class='ocrx_word' id='word_1_214' title='bbox 1234 3500 1387 3577; x_wconf 83' lang='lat' dir='ltr'>clericus</span> <span class='ocrx_word' id='word_1_215' title='bbox 1400 3515 1627 3575; x_wconf 87' lang='lat' dir='ltr'>sacrosancte</span> <span class='ocrx_word' id='word_1_216' title='bbox 1641 3501 1711 3574; x_wconf 78' lang='lat' dir='ltr'>tto-</span> 
     </span>
     <span class='ocr_line' id='line_1_24' title="bbox 292 3625 1710 3734; baseline 0 -33"><span class='ocrx_word' id='word_1_217' title='bbox 292 3658 399 3704; x_wconf 89' lang='lat' dir='ltr'>mane</span> <span class='ocrx_word' id='word_1_218' title='bbox 410 3630 570 3707; x_wconf 87' lang='lat' dir='ltr'>Ecclesie</span> <span class='ocrx_word' id='word_1_219' title='bbox 584 3631 800 3706; x_wconf 90' lang='lat' dir='ltr'>auctoritate</span> <span class='ocrx_word' id='word_1_220' title='bbox 816 3631 981 3707; x_wconf 89' lang='lat' dir='ltr'>notarius</span> <span class='ocrx_word' id='word_1_221' title='bbox 997 3630 1186 3734; x_wconf 90' lang='lat' dir='ltr'>publicus,</span> <span class='ocrx_word' id='word_1_222' title='bbox 1205 3628 1393 3733; x_wconf 87' lang='lat' dir='ltr'>premissis</span> <span class='ocrx_word' id='word_1_223' title='bbox 1408 3625 1710 3703; x_wconf 87' lang='lat' dir='ltr'>confessionibus</span> 
     </span>
     <span class='ocr_line' id='line_1_25' title="bbox 293 3755 1709 3864; baseline -0.001 -33"><span class='ocrx_word' id='word_1_224' title='bbox 293 3777 327 3831; x_wconf 89' lang='lat' dir='ltr'>ct</span> <span class='ocrx_word' id='word_1_225' title='bbox 353 3760 528 3835; x_wconf 90' lang='lat' dir='ltr'>omnibus</span> <span class='ocrx_word' id='word_1_226' title='bbox 555 3759 634 3834; x_wconf 89' lang='lat' dir='ltr'>aliis</span> <span class='ocrx_word' id='word_1_227' title='bbox 654 3777 691 3834; x_wconf 90' lang='lat' dir='ltr'>ct</span> <span class='ocrx_word' id='word_1_228' title='bbox 718 3759 889 3864; x_wconf 89' lang='lat' dir='ltr'>singulis,</span> <span class='ocrx_word' id='word_1_229' title='bbox 916 3775 1028 3864; x_wconf 87' lang='lat' dir='ltr'>prout</span> <span class='ocrx_word' id='word_1_230' title='bbox 1054 3759 1090 3832; x_wconf 92' lang='lat' dir='ltr'>in</span> <span class='ocrx_word' id='word_1_231' title='bbox 1118 3759 1186 3834; x_wconf 82' lang='lat' dir='ltr'>lxac</span> <span class='ocrx_word' id='word_1_232' title='bbox 1218 3776 1254 3833; x_wconf 89' lang='lat' dir='ltr'>et</span> <span class='ocrx_word' id='word_1_233' title='bbox 1278 3755 1567 3862; x_wconf 89' lang='lat' dir='ltr'>precedentibus</span> <span class='ocrx_word' id='word_1_234' title='bbox 1593 3756 1709 3860; x_wconf 89' lang='lat' dir='ltr'>peciis</span> 
     </span>
     <span class='ocr_line' id='line_1_26' title="bbox 292 3885 1709 3996; baseline -0.001 -36"><span class='ocrx_word' id='word_1_235' title='bbox 292 3888 401 3962; x_wconf 89' lang='lat' dir='ltr'>simul</span> <span class='ocrx_word' id='word_1_236' title='bbox 421 3890 514 3964; x_wconf 91' lang='lat' dir='ltr'>sutis</span> <span class='ocrx_word' id='word_1_237' title='bbox 535 3905 573 3963; x_wconf 90' lang='lat' dir='ltr'>et</span> <span class='ocrx_word' id='word_1_238' title='bbox 590 3889 696 3996; x_wconf 89' lang='lat' dir='ltr'>signo</span> <span class='ocrx_word' id='word_1_239' title='bbox 712 3916 796 3964; x_wconf 90' lang='lat' dir='ltr'>meo</span> <span class='ocrx_word' id='word_1_240' title='bbox 817 3889 967 3995; x_wconf 84' lang='lat' dir='ltr'>signatis</span> <span class='ocrx_word' id='word_1_241' title='bbox 985 3888 1133 3992; x_wconf 88' lang='lat' dir='ltr'>plenius</span> <span class='ocrx_word' id='word_1_242' title='bbox 1153 3887 1401 3974; x_wconf 88' lang='lat' dir='ltr'>continentur,</span> <span class='ocrx_word' id='word_1_243' title='bbox 1416 3913 1491 3962; x_wconf 91' lang='lat' dir='ltr'>una</span> <span class='ocrx_word' id='word_1_244' title='bbox 1505 3913 1590 3960; x_wconf 90' lang='lat' dir='ltr'>cum</span> <span class='ocrx_word' id='word_1_245' title='bbox 1604 3885 1709 3959; x_wconf 89' lang='lat' dir='ltr'>testi-</span> 
     </span>
     <span class='ocr_line' id='line_1_27' title="bbox 292 4013 1706 4124; baseline -0.002 -31"><span class='ocrx_word' id='word_1_246' title='bbox 292 4017 362 4093; x_wconf 92' lang='lat' dir='ltr'>bus</span> <span class='ocrx_word' id='word_1_247' title='bbox 390 4036 426 4093; x_wconf 87' lang='lat' dir='ltr'>ct</span> <span class='ocrx_word' id='word_1_248' title='bbox 450 4018 607 4123; x_wconf 91' lang='lat' dir='ltr'>publicis</span> <span class='ocrx_word' id='word_1_249' title='bbox 632 4020 784 4096; x_wconf 88' lang='lat' dir='ltr'>notariis</span> <span class='ocrx_word' id='word_1_250' title='bbox 808 4048 917 4124; x_wconf 89' lang='lat' dir='ltr'>supra</span> <span class='ocrx_word' id='word_1_251' title='bbox 944 4036 980 4095; x_wconf 87' lang='lat' dir='ltr'>et</span> <span class='ocrx_word' id='word_1_252' title='bbox 1004 4016 1244 4123; x_wconf 78' lang='lat' dir='ltr'>infrascriptis</span> <span class='ocrx_word' id='word_1_253' title='bbox 1269 4045 1421 4122; x_wconf 89' lang='lat' dir='ltr'>presens</span> <span class='ocrx_word' id='word_1_254' title='bbox 1448 4013 1617 4101; x_wconf 84' lang='lat' dir='ltr'>interlui,</span> <span class='ocrx_word' id='word_1_255' title='bbox 1647 4044 1706 4100; x_wconf 89' lang='lat' dir='ltr'>ac,</span> 
     </span>
     <span class='ocr_line' id='line_1_28' title="bbox 293 4145 1707 4253; baseline -0.002 -32"><span class='ocrx_word' id='word_1_256' title='bbox 293 4148 340 4222; x_wconf 88' lang='lat' dir='ltr'>de</span> <span class='ocrx_word' id='word_1_257' title='bbox 360 4149 533 4225; x_wconf 89' lang='lat' dir='ltr'>mandato</span> <span class='ocrx_word' id='word_1_258' title='bbox 551 4149 783 4253; x_wconf 89' lang='lat' dir='ltr'>inquisitoris</span> <span class='ocrx_word' id='word_1_259' title='bbox 797 4167 835 4225; x_wconf 86' lang='lat' dir='ltr'>et</span> <span class='ocrx_word' id='word_1_260' title='bbox 851 4148 1187 4225; x_wconf 88' lang='lat' dir='ltr'>commissariorum</span> <span class='ocrx_word' id='word_1_261' title='bbox 1208 4148 1558 4252; x_wconf 88' lang='lat' dir='ltr'>suprascriptorum,</span> <span class='ocrx_word' id='word_1_262' title='bbox 1580 4145 1619 4219; x_wconf 88' lang='lat' dir='ltr'>in</span> <span class='ocrx_word' id='word_1_263' title='bbox 1639 4145 1707 4219; x_wconf 85' lang='lat' dir='ltr'>liac</span> 
     </span>
     <span class='ocr_line' id='line_1_29' title="bbox 293 4274 1707 4382; baseline -0.004 -29"><span class='ocrx_word' id='word_1_264' title='bbox 293 4295 329 4353; x_wconf 87' lang='lat' dir='ltr'>et</span> <span class='ocrx_word' id='word_1_265' title='bbox 356 4277 436 4354; x_wconf 89' lang='lat' dir='ltr'>aliis</span> <span class='ocrx_word' id='word_1_266' title='bbox 460 4278 747 4382; x_wconf 84' lang='lat' dir='ltr'>precedentibus</span> <span class='ocrx_word' id='word_1_267' title='bbox 773 4279 1027 4355; x_wconf 86' lang='lat' dir='ltr'>instrumentis</span> <span class='ocrx_word' id='word_1_268' title='bbox 1054 4304 1114 4352; x_wconf 90' lang='lat' dir='ltr'>me</span> <span class='ocrx_word' id='word_1_269' title='bbox 1148 4276 1346 4381; x_wconf 91' lang='lat' dir='ltr'>subscripsi</span> <span class='ocrx_word' id='word_1_270' title='bbox 1380 4276 1419 4352; x_wconf 94' lang='lat' dir='ltr'>in</span> <span class='ocrx_word' id='word_1_271' title='bbox 1448 4274 1707 4352; x_wconf 88' lang='lat' dir='ltr'>testimonium</span> 
     </span>
     <span class='ocr_line' id='line_1_30' title="bbox 293 4407 1406 4513; baseline -0.001 -31"><span class='ocrx_word' id='word_1_272' title='bbox 293 4408 575 4509; x_wconf 88' lang='lat' dir='ltr'>premissorum,</span> <span class='ocrx_word' id='word_1_273' title='bbox 598 4437 714 4513; x_wconf 90' lang='lat' dir='ltr'>eaque</span> <span class='ocrx_word' id='word_1_274' title='bbox 734 4409 839 4512; x_wconf 90' lang='lat' dir='ltr'>signo</span> <span class='ocrx_word' id='word_1_275' title='bbox 855 4436 940 4484; x_wconf 90' lang='lat' dir='ltr'>meo</span> <span class='ocrx_word' id='word_1_276' title='bbox 961 4407 1071 4483; x_wconf 91' lang='lat' dir='ltr'>solito</span> <span class='ocrx_word' id='word_1_277' title='bbox 1086 4407 1222 4512; x_wconf 90' lang='lat' dir='ltr'>signavi</span> <span class='ocrx_word' id='word_1_278' title='bbox 1244 4421 1406 4512; x_wconf 89' lang='lat' dir='ltr'>rogatus.</span> 
     </span>
    </p>
   </div>
   <div class='ocr_carea' id='block_1_4' title="bbox 347 4665 1708 4775">
    <p class='ocr_par' dir='ltr' id='par_1_6' title="bbox 347 4665 1708 4775">
     <span class='ocr_line' id='line_1_31' title="bbox 347 4665 1708 4775; baseline -0.001 -32"><span class='ocrx_word' id='word_1_279' title='bbox 347 4671 393 4743; x_wconf 85' lang='lat' dir='ltr'>Et</span> <span class='ocrx_word' id='word_1_280' title='bbox 418 4697 486 4775; x_wconf 91' lang='lat' dir='ltr'>ego</span> <span class='ocrx_word' id='word_1_281' title='bbox 502 4669 661 4745; x_wconf 88' lang='lat' dir='ltr'>lacobus</span> <span class='ocrx_word' id='word_1_282' title='bbox 686 4670 732 4744; x_wconf 90' lang='lat' dir='ltr'>de</span> <span class='ocrx_word' id='word_1_283' title='bbox 755 4669 902 4747; x_wconf 89' lang='lat' dir='ltr'>Virtuto</span> <span class='ocrx_word' id='word_1_284' title='bbox 926 4667 1081 4743; x_wconf 91' lang='lat' dir='ltr'>clericus</span> <span class='ocrx_word' id='word_1_285' title='bbox 1104 4667 1410 4745; x_wconf 87' lang='lat' dir='ltr'>Cathalaunensis</span> <span class='ocrx_word' id='word_1_286' title='bbox 1435 4665 1610 4753; x_wconf 89' lang='lat' dir='ltr'>diocesis,</span> <span class='ocrx_word' id='word_1_287' title='bbox 1639 4693 1708 4771; x_wconf 91' lang='lat' dir='ltr'>pu·</span> 
     </span>
    </p>
   </div>
   <div class='ocr_carea' id='block_1_5' title="bbox 291 4795 1708 5002">
    <p class='ocr_par' dir='ltr' id='par_1_7' title="bbox 291 4795 1708 5002">
     <span class='ocr_line' id='line_1_32' title="bbox 291 4795 1708 4905; baseline -0.001 -32"><span class='ocrx_word' id='word_1_288' title='bbox 291 4798 411 4875; x_wconf 91' lang='lat' dir='ltr'>blicus</span> <span class='ocrx_word' id='word_1_289' title='bbox 436 4798 616 4905; x_wconf 90' lang='lat' dir='ltr'>imperiali</span> <span class='ocrx_word' id='word_1_290' title='bbox 644 4799 860 4876; x_wconf 86' lang='lat' dir='ltr'>auctoritate</span> <span class='ocrx_word' id='word_1_291' title='bbox 881 4798 1064 4885; x_wconf 87' lang='lat' dir='ltr'>notarius,</span> <span class='ocrx_word' id='word_1_292' title='bbox 1090 4797 1280 4903; x_wconf 91' lang='lat' dir='ltr'>premissis</span> <span class='ocrx_word' id='word_1_293' title='bbox 1299 4797 1474 4879; x_wconf 91' lang='lat' dir='ltr'>omnibus</span> <span class='ocrx_word' id='word_1_294' title='bbox 1495 4812 1533 4873; x_wconf 87' lang='lat' dir='ltr'>et</span> <span class='ocrx_word' id='word_1_295' title='bbox 1553 4795 1708 4902; x_wconf 90' lang='lat' dir='ltr'>singulis</span> 
     </span>
     <span class='ocr_line' id='line_1_33' title="bbox 1385 4940 1559 5002; baseline -0.017 1"><span class='ocrx_word' id='word_1_296' title='bbox 1385 4955 1388 4961; x_wconf 87' lang='lat'>&#39;</span> <span class='ocrx_word' id='word_1_297' title='bbox 1511 4940 1559 5002; x_wconf 80' lang='lat'>53.</span> 
     </span>
    </p>
   </div>
   <div class='ocr_carea' id='block_1_6' title="bbox 0 0 2120 5956">
    <p class='ocr_par' dir='ltr' id='par_1_8' title="bbox 0 0 2120 5956">
     <span class='ocr_line' id='line_1_34' title="bbox 0 0 2120 5956; baseline 0 2"><span class='ocrx_word' id='word_1_298' title='bbox 0 0 2120 5956; x_wconf 95' lang='lat' dir='ltr'> </span> 
     </span>
    </p>
   </div>
  </div>
 </body>
</html>
