4230 5956
464 422 538 495 roa
848 402 1043 493 rnocns
1070 420 1165 491 ors
1190 379 1487 491 restructas.

461 563 562 639 tibus
583 561 765 669 religiosis
792 561 878 636 viris
901 559 1011 636 fratre
1041 559 1225 639 Gossonio
1256 558 1302 635 de
1333 535 1535 635 Brebancia
1561 573 1600 633 et
1621 557 1798 665 Ermingo
1832 560 1880 635 de

462 694 574 770 Dacia
591 693 733 769 ordinis
751 710 788 769 et
806 707 1008 769 conventus
1027 689 1182 768 fratrum
1203 689 1482 766 Predicatorum
1501 685 1780 778 Parisiensium,
1808 707 1882 766 tes-

462 823 564 902 tibus
582 824 629 899 ad
648 823 720 900 hoc
738 822 874 899 vocatis
894 839 931 897 et
949 821 1099 928 rogatis.

517 1087 565 1161 Et
585 1113 653 1191 ego
675 1087 822 1160 Euenus
842 1083 949 1187 Phily
970 1084 1016 1157 de
1036 1084 1170 1160 Sancto
1189 1081 1332 1157 Nicasio
1354 1078 1524 1167 clericus,
1543 1080 1743 1184 apostolica
1756 1081 1880 1187 publi-

462 1245 528 1291 cus
543 1215 760 1291 anctoritate
782 1214 965 1301 notarius,
990 1212 1179 1318 premissis
1199 1228 1236 1286 et
1255 1209 1410 1314 singulis
1429 1208 1511 1286 aliis
1530 1210 1714 1287 'contentis
1733 1213 1772 1286 in
1790 1211 1882 1288 dna·

460 1344 532 1421 bus
551 1347 660 1421 cartis
678 1373 745 1421 seu
764 1345 878 1449 peciis
897 1341 1185 1448 precedentibus
1204 1341 1417 1417 immediate
1430 1340 1536 1447 signo
1555 1368 1642 1416 meo
1655 1340 1806 1447 signatis
1822 1343 1880 1417 in-

462 1476 594 1560 terlui,
614 1504 688 1551 una
708 1503 795 1549 cum
813 1502 922 1577 supra
943 1491 980 1548 et
1000 1471 1239 1577 infrascriptis
1255 1471 1424 1558 notariis,
1447 1471 1509 1546 bic
1528 1499 1588 1547 me
1606 1470 1822 1576 subscripsi,
1843 1490 1881 1548 et

462 1634 548 1681 cum
566 1606 681 1710 signis
702 1607 869 1709 ipsorum
886 1605 1033 1708 signum
1051 1631 1179 1678 meum
1197 1602 1352 1707 apposui
1375 1618 1535 1707 rogatus.

516 1868 563 1940 Et
585 1894 653 1972 ego
681 1865 840 1940 lacobus
861 1865 907 1939 de
928 1864 1074 1941 Virtuto
1099 1862 1256 1937 clericus
1279 1861 1583 1959 Catbalaunensis
1603 1862 1775 1949 diocesis,
1807 1891 1877 1968 pu-

449 1995 581 2075 blicus
603 1995 781 2099 imperiali
798 1994 1012 2071 anctoritate
1030 1994 1212 2079 notarius,
1231 1994 1420 2096 premissis
1433 1991 1730 2071 confessionibus
1745 2011 1783 2071 et
1795 2023 1878 2070 om-

460 2126 571 2209 nibus
590 2126 670 2201 aliis
690 2142 728 2201 et
747 2124 903 2229 singulis
922 2125 959 2199 in
981 2123 1128 2200 duabus
1149 2124 1259 2207 cartis
1283 2151 1349 2199 sen
1370 2123 1485 2228 peciis
1512 2123 1730 2200 immediate
1749 2152 1880 2229 prece-

461 2256 637 2332 dentibus
659 2254 773 2335 simnl
793 2255 885 2331 sutis
913 2238 1018 2361 signo
1042 2283 1127 2331 meo
1145 2254 1302 2360 signatis
1331 2255 1531 2345 contentis,
1553 2283 1642 2331 cum
1661 2255 1818 2333 testibus
1838 2273 1878 2333 et

460 2386 612 2461 notariis
630 2385 887 2489 suprascriptis
911 2411 1063 2487 presens
1085 2384 1159 2472 lui,
1179 2413 1237 2471 ac,
1256 2385 1305 2461 de
1328 2385 1502 2462 mandato
1514 2385 1604 2461 dicti
1629 2386 1874 2491 inquisitoris,

461 2543 503 2590 ea
528 2542 642 2591 manu
669 2515 818 2619 propria
841 2514 985 2617 scripsi,
1018 2515 1118 2588 etin
1144 2515 1404 2591 testimonium
1428 2514 1701 2621 ¹premissorum
1726 2544 1877 2623 presens

460 2647 750 2723 instrumentum
768 2646 873 2751 signo
889 2674 974 2721 meo
989 2646 1098 2721 solito
1119 2646 1254 2751 signavi
1274 2663 1435 2751 rogatus.

517 2914 555 2985 ln
571 2910 709 2987 Christi
731 2911 881 2987 nomine
906 2938 1026 2986 amen.
1048 2912 1174 2986 Pateat
1197 2909 1375 2985 universis
1399 2937 1466 3015 per
1492 2909 1565 2985 boc
1583 2938 1735 3016 presens
1754 2913 1880 3017 publi-

459 3068 544 3114 cum
566 3041 857 3116 instrumentum
884 3040 985 3145 quod
1007 3068 1103 3115 anno
1126 3040 1277 3117 Domini
1301 3039 1505 3117 millesimo
1525 3055 1604 3117 ccc⁰
1623 3043 1798 3146 septimo,
1819 3047 1878 3120 in-

459 3167 621 3244 dictione
645 3185 761 3255 serta,
784 3168 1019 3273 pontificatus
1039 3170 1257 3246 sanctissimi
1276 3171 1389 3274 patris
1410 3187 1447 3246 et
1463 3170 1605 3248 domini
1627 3173 1769 3249 domini
1791 3175 1877 3252 Cle·

459 3298 596 3372 mentis
626 3295 747 3371 divina
781 3298 1020 3373 Providencia
1050 3327 1143 3403 pape
1170 3300 1289 3404 quinti
1322 3329 1417 3376 anno
1447 3302 1630 3389 secundo,
1663 3302 1723 3376 die
1749 3306 1878 3380 martis

459 3443 542 3500 ante
559 3425 694 3501 sestnrn
714 3428 827 3502 sancti
849 3427 1069 3514 Clementis,
1089 3428 1229 3504 scilicet
1250 3457 1306 3505 xxi
1326 3431 1385 3505 die
1406 3431 1633 3517 novembris,
1651 3431 1688 3505 in
1712 3433 1875 3538 religiosi

458 3573 496 3632 et
518 3556 665 3633 honesti
691 3557 757 3630 riri
791 3557 911 3633 lratris
941 3558 1078 3633 Nicolai
1106 3558 1152 3633 de
1185 3558 1379 3635 Anessiaco
1410 3560 1552 3636 ordinis
1575 3561 1874 3651 Predicatorum,

458 3687 696 3763 commissarii
730 3688 803 3763 dati
833 3718 852 3762 a
880 3688 1054 3791 religioso
1081 3705 1117 3763 et
1143 3689 1301 3765 honesto
1329 3690 1406 3765 viro
1434 3691 1544 3765 fratrc
1572 3691 1616 3768 G.
1644 3692 1690 3767 de
1716 3693 1875 3769 Parisius

458 3819 625 3922 ejusdem
650 3818 805 3905 ordinis,
830 3819 1049 3923 inquisitore
1072 3820 1234 3895 heretice
1249 3820 1432 3923 pravitatis
1451 3821 1488 3894 in
1508 3850 1622 3925 regno
1640 3822 1789 3897 Francie
1807 3852 1875 3898 au-

457 3950 624 4024 ctoritate
647 3947 846 4052 apostolica
870 3950 1063 4052 deputato,
1095 3968 1264 4027 nostrum
1285 3952 1513 4027 notuiorum
1534 3969 1572 4026 et
1589 3954 1739 4028 testium
1762 3954 1877 4029 inlra-

456 4078 679 4182 scriptorum
694 4080 884 4184 presencia
897 4080 1139 4182 personaliter
1153 4081 1391 4168 constitutus,
1407 4081 1520 4156 lrater
1533 4083 1694 4158 Poncius
1707 4083 1753 4159 de
1769 4085 1875 4160 Bono

456 4206 579 4311 Opere
605 4209 746 4285 ordinis
769 4209 905 4285 milicie
922 4211 1086 4315 Templi,
1112 4212 1217 4287 etatis
1239 4238 1347 4287 xxvm
1369 4241 1552 4287 annorum
1569 4213 1624 4288 vel
1644 4214 1754 4300 circa,
1772 4215 1876 4318 jnra-

455 4356 515 4413 tus
530 4355 566 4413 et
579 4339 780 4442 requisitus
796 4368 863 4443 per
867 4340 1123 4446 juramentum
1140 4343 1186 4417 ab
1203 4370 1248 4417 eo
1262 4343 1458 4445 prestitum
1479 4343 1526 4417 ad
1541 4361 1663 4418 sancta
1677 4343 1748 4420 Dei
1761 4347 1877 4420 Evan-

455 4468 550 4572 gelia
570 4485 662 4545 tacta
678 4469 918 4573 corporaliter
939 4471 984 4546 ab
1007 4471 1159 4557 eodem,
1184 4472 1230 4546 de
1253 4499 1291 4548 se
1320 4489 1356 4546 ct
1377 4472 1457 4547 aliis
1478 4472 1567 4548 dicti
1594 4475 1736 4549 ordinis
1759 4504 1874 4579 super

457 4599 555 4675 dicto
571 4601 727 4676 crimine
741 4599 884 4683 delatis,
905 4616 941 4673 et
957 4600 1002 4674 de
1017 4604 1131 4677 modo
1147 4631 1212 4678 sue
1230 4605 1459 4707 recepcionis
1469 4604 1592 4680 dicere
1609 4605 1646 4678 in
1660 4633 1767 4681 causa
1783 4605 1872 4681 fidei

455 4729 660 4816 veritatem,
683 4731 774 4805 dixit
793 4757 860 4833 per
870 4729 1126 4835 juramentum
1142 4761 1252 4808 suum
1270 4735 1372 4838 quod
1390 4735 1483 4808 circa
1499 4735 1639 4811 instans
1655 4736 1789 4813 festum
1805 4735 1872 4811 As-
