4230 5956
740 444 936 537 procus
961 462 1056 535 nus
1082 461 1379 539 rennuens.
1692 467 1765 539 aar

355 600 508 692 collum,
531 618 568 676 et
584 617 711 705 postea
724 600 829 679 duxit
839 631 926 681 eum
939 620 1039 679 retro
1054 601 1245 707 quoddam
1256 602 1384 690 altare,
1399 600 1478 677 aliis
1488 603 1768 682 remanentibus

353 749 391 808 et
403 731 579 836 dispersis
594 759 662 836 per
677 731 870 836 capellam3
885 751 976 811 tunc
990 731 1078 809 fecit
1092 760 1131 808 se
1147 731 1305 808 osculari
1319 731 1366 807 ab
1377 731 1457 836 ipso
1475 747 1625 837 recepto
1644 733 1767 837 primo

352 861 392 937 in
409 889 474 938 ore
496 877 533 937 et
551 877 636 966 post
654 860 693 937 in
712 860 786 938 fine
807 862 914 968 spine
936 862 1056 951 dorsi,
1078 861 1195 939 tercio
1209 862 1248 936 in
1264 861 1459 948 umbilico,
1477 878 1515 937 et
1533 877 1663 966 postea
1681 861 1770 941 fecit

352 990 424 1069 sibi
439 990 598 1068 osculari
611 990 762 1069 librum.
781 993 882 1070 Dixit
896 993 1012 1071 eciam
1023 1021 1091 1099 per
1102 993 1355 1098 juramentum
1369 1021 1479 1069 suum
1489 990 1610 1098 quod,
1620 1008 1767 1069 ostensa

352 1121 425 1199 sibi
446 1121 608 1226 quadarn
630 1149 738 1199 cruce
758 1122 796 1197 in
817 1152 892 1228 qua
911 1139 990 1203 erat
1008 1150 1141 1228 ymago
1161 1121 1343 1211 crucifixi,
1369 1122 1482 1228 peciit
1506 1122 1552 1199 ab
1573 1148 1618 1197 eo
1638 1138 1767 1199 utrum

352 1250 522 1327 erederet
540 1250 579 1325 in
599 1250 707 1327 illum
727 1252 833 1358 cujus
851 1281 983 1358 ymago
1003 1253 1057 1329 ibi
1079 1270 1166 1329 erat.
1189 1253 1279 1347 Qui,
1301 1252 1388 1329 licet
1409 1250 1647 1357 responderit
1665 1252 1768 1358 quod

353 1381 420 1470 sic,
450 1379 715 1457 nichilominus
754 1382 968 1486 compulsus
996 1381 1069 1459 fuit
1096 1410 1164 1487 per
1183 1409 1272 1458 eum
1296 1383 1344 1458 ad
1369 1381 1632 1486 abnegandum
1658 1380 1767 1459 Chri·

351 1527 469 1597 stum,
491 1508 595 1614 quod
614 1509 750 1586 invitus
769 1510 872 1602 fecit;
895 1512 962 1589 sed
981 1510 1060 1616 ipse
1079 1510 1291 1593 minabatur
1310 1512 1381 1589 sibi
1398 1510 1589 1617 quodnisi
1609 1510 1764 1599 faceret,

351 1640 430 1744 ipse
445 1655 602 1743 poneret
617 1665 705 1714 eum
724 1639 763 1714 in
784 1667 927 1716 carcere
943 1658 1126 1746 perpetuo
1144 1673 1153 1715 ε
1171 1656 1208 1716 et
1226 1639 1314 1717 iecit
1328 1668 1414 1717 eum
1431 1642 1557 1747 jurare
1572 1640 1677 1745 quod
1695 1640 1767 1717 boc

351 1795 543 1873 nunquam
564 1766 674 1844 alicui
693 1768 883 1846 revelaret.
909 1770 1009 1847 Dixit
1024 1771 1141 1847 eciam
1160 1798 1228 1874 per
1245 1770 1501 1875 juramentum
1524 1796 1637 1847 suum
1663 1769 1767 1872 quod

351 1898 381 1972 si
392 1916 518 2003 posset
529 1898 699 1986 evadere,
713 1927 789 1976 non
801 1898 958 1976 iecisset.
969 1900 1070 1977 Dixit
1078 1898 1194 1976 eciam
1205 1927 1273 2004 por
1277 1899 1652 2005 juramentumsuum
1663 1897 1766 2003 quod

350 2025 439 2102 secit
456 2053 546 2102 eum
563 2025 624 2103 bis
646 2055 781 2130 spuere
801 2056 912 2132 supra
933 2056 1098 2116 crucem3
1128 2044 1166 2102 et
1187 2026 1300 2102 tercia
1320 2027 1398 2104 vice
1425 2054 1501 2103 non
1528 2025 1628 2132 spuit
1655 2054 1766 2130 supra

352 2183 520 2242 crucem,
549 2153 616 2230 sed
643 2154 691 2231 ad
714 2173 862 2232 terram.
893 2156 993 2234 Dixit
1020 2156 1138 2233 eciam
1158 2183 1226 2260 per
1245 2157 1503 2262 juramentum
1529 2182 1640 2233 suurn
1661 2156 1767 2262 quod

352 2282 473 2361 dictus
493 2283 677 2390 recipiens
703 2284 796 2361 dixit
819 2284 890 2362 sibi
915 2284 1019 2390 quod
1042 2313 1127 2362 curn
1148 2285 1343 2389 oportebat
1364 2286 1488 2390 ipsum
1514 2284 1706 2365 interdum
1725 2313 1765 2363 se

351 2413 542 2490 absentare
558 2430 595 2490 et
613 2415 667 2490 ire
683 2414 731 2490 ad
748 2415 885 2491 multas
905 2414 1066 2492 diversas
1076 2431 1214 2521 partes,
1232 2414 1261 2491 si
1277 2414 1511 2523 contingeret
1524 2413 1628 2520 quod
1643 2413 1766 2522 aliqua
1854 2432 1857 2437 '

350 2543 519 2620 voluntas
538 2544 596 2620 vel
612 2543 744 2649 aliquis
762 2563 887 2621 motus
907 2544 1061 2621 carnalis
1081 2561 1249 2621 moveret
1268 2573 1374 2633 eum,
1395 2562 1520 2649 posset
1533 2542 1670 2620 babere
1684 2573 1766 2620 rem

351 2701 438 2749 cum
453 2672 578 2778 aliquo
595 2672 642 2750 de
657 2673 767 2751 sociis
786 2674 862 2751 suis
876 2675 1065 2764 fratribus,
1087 2691 1126 2752 et
1144 2703 1221 2751 non
1239 2703 1325 2751 cum
1340 2674 1575 2753 mulieribus.
1596 2673 1768 2779 Requisi-

350 2820 411 2880 tus
422 2821 550 2880 utrum
571 2804 696 2882 credat
713 2804 819 2911 quod
833 2832 965 2883 omnes
985 2805 1045 2881 alii
1066 2805 1115 2881 ita
1135 2805 1370 2909 recipiantur,
1388 2804 1479 2880 dixit
1493 2831 1561 2908 per
1575 2803 1767 2908 juramen-

350 2952 434 3010 tum
449 2961 559 3010 suum
576 2934 681 3039 quod
699 2935 819 3011 credit
832 2936 937 3040 quod
955 2935 1019 3013 sic.

405 3064 656 3171 Interrogatus
666 3092 733 3169 pcr
743 3065 998 3171 juramentum
1007 3091 1119 3140 sunm
1134 3079 1262 3140 utrum
1273 3063 1325 3150 vi,
1343 3062 1400 3138 vel
1414 3079 1518 3138 metu
1539 3061 1695 3137 carceris
1708 3061 1765 3137 vei

348 3210 639 3282 tormentorum,
661 3210 726 3271 aut
740 3193 809 3270 alia
824 3194 872 3271 de
888 3214 1012 3282 causa,
1027 3192 1189 3298 aliquam
1205 3190 1402 3269 salsitatem
1424 3190 1557 3268 dixerit
1569 3191 1627 3269 vel
1648 3190 1768 3267 immi·

347 3323 486 3401 nouerit
501 3324 539 3400 in
559 3323 800 3429 deposicione
821 3352 903 3411 sua,
921 3341 986 3402 aut
997 3322 1153 3401 tacuerit
1166 3323 1373 3410 veritatem,
1388 3320 1480 3399 dixit
1498 3349 1566 3426 per
1580 3321 1768 3426 juramen-

348 3470 430 3530 tum
449 3482 559 3531 suum
578 3455 683 3559 quod
708 3483 803 3544 non3
825 3453 941 3533 immo
962 3453 1054 3531 dixit
1072 3480 1204 3558 puram
1223 3452 1415 3530 veritatem
1437 3470 1589 3557 propter
1609 3449 1765 3527 salutem
1789 3549 1793 3560 ι

351 3610 474 3659 anime
494 3611 572 3662 sue.

404 3844 499 3918 Item
519 3841 631 3917 irater
647 3842 779 3919 Petrus
802 3841 849 3917 de
877 3841 1036 3948 Arbiayo
1067 3841 1282 3918 Parisiensis
1312 3838 1486 3927 diocesis,
1516 3836 1622 3913 etatis
1647 3834 1766 3913 ilum

351 3995 548 4058 annorum,
568 3979 620 4047 ut'
631 3968 793 4056 dicebat,
813 3968 948 4047 eodem
962 3969 1077 4047 modo
1088 3971 1234 4076 juratus
1250 3969 1347 4046 dese
1363 3985 1401 4044 et
1416 3967 1496 4043 aliis
1506 3966 1545 4041 in
1555 3991 1664 4043 causa
1673 3961 1763 4074 fidei

351 4095 475 4174 dicere
496 4100 706 4187 veritatem,
727 4100 931 4204 requisitus
953 4099 1000 4176 de
1025 4117 1194 4205 tempore
1223 4116 1260 4177 et
1281 4097 1398 4174 modo
1420 4095 1651 4201 reeepoionis
1674 4122 1759 4182 sue,

232 4250 236 4257 ‘
351 4226 444 4304 dixit
465 4255 533 4331 per
550 4228 806 4335 juramentum
833 4257 945 4305 suum
965 4229 1069 4334 quod
1093 4254 1212 4305 annus
1235 4245 1290 4303 est
1308 4227 1453 4331 elapsus
1473 4224 1578 4332 quod
1595 4242 1764 4330 receptus

349 4355 420 4433 fuit
438 4357 540 4462 apud
559 4357 790 4464 Soysiacum,
808 4384 875 4462 per
894 4358 1045 4435 fratrem
1058 4357 1268 4435 Jobannern
1286 4355 1578 4443 thesaurarium,
1595 4370 1763 4461 presente

350 4487 462 4563 fratre
482 4486 680 4592 badulpho
705 4505 899 4593 receptore
918 4487 1136 4593 Campanis,
1162 4503 1201 4564 et
1218 4486 1298 4563 aliis
1316 4484 1493 4563 iratribus
1512 4484 1609 4561 dicte
1631 4483 1763 4567 donus

351 4619 398 4694 de
420 4646 584 4724 quorum
604 4619 819 4697 nominibus
833 4647 914 4698 non
933 4619 1075 4697 recolit.
1102 4619 1201 4698 Dixit
1229 4619 1345 4697 eciam
1372 4617 1491 4724 quod,
1520 4635 1605 4721 post
1629 4613 1764 4707 multas

350 4749 615 4852 promissiones
629 4749 677 4826 de
698 4748 937 4828 observandis
954 4750 1098 4827 statutis
1113 4766 1152 4828 et
1169 4749 1321 4828 secretis
1337 4747 1496 4836 ordinis,
1516 4746 1588 4825 soit
1604 4744 1766 4825 sibi-tra-
1831 4755 1836 4761 ’

1545 4895 1594 4978 39.
