4230 5956
494 425 566 500 aet
877 405 1075 496 rnocns
1101 424 1197 494 nas
1222 421 1522 494 rennuens

491 595 529 644 se
550 569 647 672 ipso,
665 583 702 640 et
722 581 762 640 ut
780 564 884 640 testis
907 564 955 640 de
974 565 1071 652 aliis,
1090 564 1289 671 diligenter
1308 579 1347 639 et
1363 563 1550 670 sigillatim
1570 562 1839 668 interrogatus,
1854 590 1913 638 re·

491 697 679 801 spondens
692 696 739 770 ad
752 696 932 800 primum,
945 720 1110 771 rr-xxrx
1124 695 1299 772 articulos
1314 694 1503 781 inclusive,
1518 691 1715 799 diligenter
1730 708 1768 767 et
1777 692 1914 797 sigilla·

491 828 558 903 tim
574 827 841 930 interrogatus,
861 825 1006 929 negavit
1025 825 1125 927 ipsos
1144 822 1319 901 articulos
1339 841 1376 900 et
1389 823 1515 900 omnia
1526 838 1565 897 et
1578 821 1725 928 singula
1740 837 1914 899 contenta

492 958 530 1032 in
550 959 620 1046 eis;
649 956 788 1033 addens
812 955 918 1060 quod
939 973 1015 1030 tam
1044 958 1122 1059 ipse
1149 983 1264 1062 quarn
1284 954 1399 1030 ceteri
1414 954 1546 1029 fratres
1565 952 1735 1057 ejusdem
1751 951 1912 1039 ordinis,

491 1106 604 1193 prout
619 1064 702 1192 ἱρεε
716 1088 784 1162 scit
804 1087 850 1161 de
866 1114 905 1161 se
926 1103 963 1160 et
983 1086 1030 1161 de
1046 1085 1128 1161 aliis
1145 1084 1320 1161 iratribus
1336 1084 1437 1160 idem
1455 1081 1749 1170 credit,·habent
1767 1082 1914 1158 firmam

491 1217 664 1295 fiduciam
686 1235 722 1292 et
741 1246 844 1321 spem
869 1217 996 1293 salutis
1015 1245 1083 1293 sue
1104 1217 1142 1291 in
1161 1216 1400 1292 sacramentis
1418 1213 1597 1299 Ecclesia,
1619 1213 1716 1288 sicut
1734 1231 1858 1289 sancta
1878 1230 1915 1288 et

493 1347 708 1423 universalis
732 1362 850 1423 mater
871 1347 1032 1422 Ecclesia
1054 1347 1133 1451 ipsa
1152 1346 1263 1423 nobis
1280 1344 1457 1421 fidelibus
1475 1343 1687 1419 veneranda
1703 1343 1858 1421 tradidit
1876 1359 1915 1417 et

492 1478 682 1553 servanda.

550 1607 605 1681 Ad
625 1632 857 1683 xxx-xxxin
878 1605 1051 1683 articulos
1070 1603 1261 1693 inclusive,
1277 1605 1475 1710 diligenter
1493 1622 1530 1679 et
1547 1603 1735 1709 sigillatim
1754 1605 1916 1680 interro·

490 1753 612 1842 gatus,
635 1736 867 1842 respondens
877 1736 1025 1840 negavit
1043 1736 1143 1840 ipsos
1156 1735 1329 1811 articulos
1341 1752 1379 1811 et
1392 1735 1519 1810 omnia
1534 1752 1573 1811 et
1585 1733 1729 1838 singula
1743 1749 1915 1810 contenta

492 1866 531 1940 in
548 1867 617 1954 eis;
633 1884 785 1970 excepto
804 1864 931 1942 osculo
952 1866 1027 1941 oris
1044 1882 1192 1941 tantum
1204 1893 1282 1970 quo
1296 1881 1455 1941 utuntur
1473 1864 1513 1938 in
1530 1862 1685 1938 fratrum
1699 1864 1915 1967 recepeione

493 2013 568 2071 tam
591 1998 689 2072 recii
706 2024 771 2073 ens
786 2025 898 2101 quam
919 1996 1071 2100 recepti.

549 2126 606 2201 Ad
627 2152 922 2204 xrrrnr-xxrvn
939 2126 1114 2203 articulos
1124 2123 1323 2212 inclusive,
1340 2124 1541 2230 diligenter
1548 2141 1586 2199 et
1602 2122 1791 2230 sigillatim
1807 2124 1916 2199 inter-

495 2273 661 2360 rogatus,
679 2255 913 2359 respondens
928 2255 1020 2331 dixit
1040 2272 1213 2333 contenta
1233 2255 1273 2330 in
1291 2253 1365 2330 illis
1381 2253 1602 2358 simpliciter
1617 2282 1704 2329 vera
1722 2280 1817 2328 esse.

549 2383 607 2458 Ad
627 2385 877 2461 xxrvnr-lvn
897 2384 1070 2461 articulos
1079 2385 1270 2471 inclusive,
1288 2383 1545 2488 diligenteret
1559 2382 1747 2489 sigillatim
1759 2383 1917 2463 interro·

494 2530 615 2617 gatus,
644 2513 790 2621 negavit
811 2513 894 2591 illos
921 2515 1097 2592 articulos
1125 2533 1163 2590 et
1187 2531 1362 2591 contenta
1384 2517 1423 2590 in
1448 2514 1523 2590 illis
1547 2514 1776 2620 simpliciter,
1805 2530 1917 2616 prout

493 2663 640 2728 sonant,
663 2663 838 2749 tanquam
858 2645 1042 2733 inaudita,
1069 2646 1256 2751 incognita
1275 2662 1313 2720 et
1333 2646 1458 2752 ignota
1477 2646 1517 2721 in
1535 2644 1671 2721 ordine
1691 2642 1840 2748 Templi
1858 2641 1915 2718 vel

495 2777 531 2850 in
547 2775 670 2882 aliqua
688 2792 791 2881 parte
809 2776 906 2882 ejus,
927 2793 1039 2880 prout
1056 2775 1174 2853 credit
1193 2775 1240 2852 de
1260 2775 1437 2853 omnibus
1452 2774 1645 2860 fratribus,
1667 2791 1705 2849 et
1720 2774 1789 2851 scit
1803 2789 1842 2849 et
1859 2801 1917 2849 as-

495 2906 584 2981 serit
605 2906 652 2982 de
672 2935 710 2982 se
732 2907 823 3009 ipso.

516 3084 520 3091 ι
551 3035 608 3109 Ad
628 3034 871 3111 lvrn—lxxrn
890 3034 1067 3111 articulos
1085 3034 1274 3124 inclusive,
1293 3034 1493 3143 diligenter
1508 3050 1546 3109 et
1558 3032 1749 3141 sigillatim
1759 3033 1916 3109 interro·

494 3179 616 3265 gatus,
633 3165 861 3264 respondens
872 3166 1017 3269 negavit
1034 3165 1134 3267 ipsos
1149 3164 1322 3240 articulos
1342 3181 1379 3240 et
1393 3165 1520 3240 omnia
1532 3180 1570 3239 et
1584 3162 1729 3269 singula
1744 3178 1915 3239 contenta

495 3291 533 3364 in
551 3292 604 3365 eis
624 3319 707 3368 vera
724 3319 819 3378 esse,
842 3309 994 3397 excepto
1015 3292 1120 3396 quod
1140 3294 1208 3369 scit
1223 3311 1260 3369 et
1273 3294 1507 3398 creditquod
1523 3293 1653 3369 fratres
1669 3293 1757 3369 dicti
1771 3291 1916 3370 ordinis

497 3438 643 3523 portant
662 3420 832 3496 cordulas
845 3422 1041 3526 quasdam,
1065 3422 1203 3527 quibus
1223 3424 1323 3498 omni
1344 3441 1513 3528 tempore
1527 3453 1636 3527 supra
1651 3423 1817 3498 camisias
1830 3439 1915 3498 sunt

497 3551 670 3652 precincti
702 3551 739 3624 in
770 3552 916 3656 signum
945 3551 1148 3627 honestatis
1173 3571 1210 3627 et
1233 3553 1405 3628 castitatis
1425 3553 1605 3658 promisse
1626 3581 1647 3627 a
1669 3580 1725 3637 se,
1748 3569 1914 3656 ternpore

496 3707 560 3753 sne
586 3681 812 3783 recepeionis
839 3681 930 3756 lacte
952 3681 998 3756 ab
1021 3681 1090 3757 illis
1111 3684 1390 3786 preceptoribus
1411 3685 1474 3788 qui
1497 3710 1560 3759 eos
1580 3682 1765 3784 recipiunt
1784 3682 1831 3756 ad
1850 3708 1912 3755 or·

498 3809 624 3884 dinem
641 3811 907 3914 supradictum.

553 3941 651 4015 Dixit
670 3968 820 4045 quoque
841 3942 944 4045 quod
965 3971 1047 4016 cum
1069 3943 1176 4017 dictis
1198 3943 1364 4019 cordulis
1384 3973 1453 4020 nec
1473 3945 1591 4047 capita
1612 3971 1680 4018 nec
1700 3941 1811 4047 ydola
1834 3922 1912 4015 tari·

496 4085 635 4174 guntur
654 4097 723 4144 nec
742 4085 833 4146 tacta
849 4069 1002 4146 luerunt
1017 4100 1087 4147 ase
1104 4101 1171 4148 nec
1184 4073 1231 4149 ab
1246 4073 1373 4180 aliquo
1393 4073 1504 4149 fratre
1521 4074 1609 4149 dicti
1623 4072 1783 4159 ordinis,
1802 4089 1912 4176 prout

496 4198 629 4284 credit,
652 4227 719 4273 nec
739 4200 806 4275 scit
826 4200 918 4304 quid
937 4202 984 4276 sit
1004 4202 1174 4307 ydolum,
1195 4205 1317 4278 necin
1338 4204 1437 4278 dicto
1459 4204 1590 4279 ordine
1607 4232 1627 4277 a
1643 4229 1834 4307 quoquam
1851 4229 1911 4275 au-

497 4328 586 4402 divit
613 4357 775 4431 unquam
805 4330 884 4403 lieri
914 4332 1153 4406 mentionem.
1177 4331 1349 4408 Adiciens
1371 4334 1473 4437 quod
1495 4360 1561 4438 pro
1581 4331 1687 4408 libito
1715 4329 1911 4408 voluntatis

497 4457 611 4532 dictas
630 4459 799 4534 cordulas
820 4460 1017 4562 portandas
1041 4488 1188 4565 semper
1207 4462 1391 4567 recipiunt
1412 4461 1457 4536 de
1478 4461 1542 4538 lilo
1568 4461 1686 4549 lineo,
1708 4461 1755 4537 de
1775 4488 1909 4564 canape

497 4587 552 4659 vel
574 4587 620 4661 de
637 4588 733 4674 lana,
751 4617 826 4664 non
842 4590 890 4667 ad
906 4608 1042 4665 certam
1063 4620 1272 4668 mensuram
1293 4593 1331 4668 in
1348 4592 1619 4698 longitudinem
1639 4620 1709 4667 nec
1727 4591 1800 4668 alio
1821 4617 1912 4695 quo·

497 4715 549 4788 vis
562 4716 686 4806 modo,
704 4719 770 4794 sed
784 4720 879 4795 sicut
892 4721 1026 4825 cuique
1039 4748 1168 4797 eorum
1186 4723 1301 4827 magis
1314 4722 1450 4826 placen
1468 4739 1600 4799 etcum
1615 4752 1675 4799 eas
1690 4722 1817 4824 rumpi
1832 4748 1911 4796 con·
