4230 5956
448 475 521 545 aso
842 458 1037 549 mouns
1063 474 1158 546 uns
1184 475 1481 549 rennuens,

447 612 585 691 multas
603 612 868 718 promissiones
887 615 934 691 ab
956 645 1000 691 eo
1023 614 1134 692 factas
1154 615 1201 694 de
1213 616 1463 695 <observandis
1483 620 1644 706 statutis,
1667 639 1867 698 consuetu-

448 742 600 818 dinibus
628 760 665 818 et
690 745 838 819 secretis
864 744 1021 833 ordinis,
1045 745 1115 823 suit
1139 746 1209 824 sibi
1230 726 1419 851 apportata
1440 776 1529 825 crux
1548 748 1681 854 inqua
1702 765 1781 826 erat
1801 750 1865 826 de-

446 872 541 976 picta
561 901 693 981 ymago
713 873 827 950 Jhesu
848 874 1002 962 Christi,
1025 895 1063 953 et
1081 893 1169 952 tunc
1189 877 1355 982 precepit
1374 877 1444 954 sibi
1465 877 1587 954 dictus
1607 879 1780 984 magister
1798 883 1864 985 qui

445 1004 586 1108 recepit
611 1030 697 1078 eum
717 1003 822 1107 quod
846 1020 905 1079 ter
931 1023 1081 1110 spueret
1108 1036 1218 1112 supra
1243 1007 1380 1085 dictam
1401 1035 1550 1084 crucem
1569 1024 1608 1083 et
1630 1009 1862 1114 ymaginem,

445 1134 549 1240 quod
570 1130 658 1208 lecit
676 1132 724 1208 de
742 1151 916 1240 precepto
935 1163 1021 1225 suo;
1036 1153 1073 1213 et
1086 1154 1230 1242 postea,
1248 1137 1296 1215 de
1312 1155 1487 1243 precepto
1502 1137 1674 1244 ejusdem
1685 1139 1866 1243 recipien-

444 1263 508 1352 tis,
531 1261 717 1341 osculatus
732 1262 804 1341 luit
824 1293 911 1341 eum
927 1266 965 1342 in
981 1266 1147 1345 inferiori
1162 1284 1264 1373 parte
1281 1268 1388 1374 spine
1408 1265 1527 1356 dorsi,
1547 1268 1715 1345 secundo
1731 1268 1770 1344 in
1785 1297 1867 1344 um-

444 1391 576 1480 bilico,
591 1410 628 1470 et
637 1395 747 1472 tertio
756 1395 793 1472 in
806 1424 888 1484 orca
904 1414 940 1474 et
948 1396 1039 1474 dixit
1050 1425 1118 1501 per
1127 1399 1384 1504 juramentum
1396 1427 1508 1477 suum
1521 1398 1644 1504 quod,
1659 1398 1731 1474 hoc
1746 1397 1862 1487 sacto,

444 1524 630 1630 recipiens
660 1527 826 1630 precepit
850 1527 884 1602 ei
913 1525 1017 1634 quod
1046 1527 1201 1605 baberet
1229 1557 1309 1606 rem
1337 1557 1422 1606 cum
1448 1527 1625 1605 iratribus
1643 1526 1805 1616 ordinis,
1833 1533 1862 1605 si

443 1653 567 1743 vellet,
591 1673 628 1732 et
644 1673 797 1762 propter
816 1658 888 1734 hoc
908 1657 1061 1735 credens
1081 1659 1151 1736 sibi
1168 1658 1280 1735 licere
1296 1660 1376 1736 sine
1393 1676 1560 1764 peccato,
1581 1657 1641 1735 bis
1656 1659 1863 1736 immiscuit

443 1814 482 1862 se
503 1786 699 1864 carnaliter
718 1815 803 1864 cum
831 1790 993 1894 quodam
1017 1789 1084 1894 qui
1106 1806 1257 1866 vocatur
1280 1789 1392 1866 frater
1411 1787 1656 1875 Guillermus,
1677 1787 1773 1887 dicti
1803 1816 1862 1865 or-

444 1915 556 2007 dinis,
585 1916 651 1995 sed
677 1918 793 1995 nescit
815 1918 881 1995 ubi
907 1935 1075 1996 moratur
1096 1948 1207 1995 nunc.
1232 1921 1335 1997 Dixit
1361 1918 1477 1995 eciam
1502 1916 1607 2021 quod
1632 1916 1862 2022 intelligebat

442 2047 630 2123 racionem
650 2049 805 2152 predicti
826 2049 988 2127 mandati
1009 2048 1080 2127 sibi
1100 2048 1201 2138 facti,
1219 2048 1324 2155 quod
1342 2049 1372 2125 si
1392 2047 1487 2124 illud
1504 2045 1639 2122 vicium
1659 2048 1864 2124 commisis-

441 2194 500 2251 set
517 2205 602 2253 cum
627 2176 702 2253 alio
729 2180 795 2283 qui
825 2209 901 2257 non
928 2196 1026 2256 esset
1049 2179 1096 2256 de
1124 2178 1272 2267 ordine,
1297 2194 1488 2285 peccatum
1513 2175 1676 2265 lecisset,
1703 2176 1862 2254 sednon

442 2334 527 2381 cum
548 2304 621 2382 illis
642 2306 688 2382 de
706 2308 851 2384 ordine.

479 2436 711 2540 vRequisitus
721 2465 787 2540 per
795 2438 1170 2542 juramentumsuum
1183 2454 1310 2514 utrum
1326 2438 1374 2526 vi,
1390 2437 1857 2525 velmetutormentorum,

440 2565 498 2643 vel
505 2567 642 2643 timore
656 2565 810 2673 alicujus
825 2595 937 2673 pene,
952 2594 1018 2644 seu
1033 2566 1103 2644 alia
1119 2595 1354 2673 quacumque
1371 2568 1418 2644 de
1437 2594 1561 2655 causa,
1579 2567 1742 2673 aliquam
1760 2567 1859 2644 salsi-

439 2714 553 2773 tatem
571 2696 722 2774 dixisset
737 2697 793 2773 vel
814 2697 1075 2775 immiscuisset
1089 2699 1130 2775 in
1154 2728 1220 2775 sua
1243 2698 1499 2803 deposicione,
1524 2697 1582 2774 vel
1600 2699 1792 2776 veritatem
1808 2714 1861 2774 ta·

439 2828 591 2917 cuisset,
607 2827 700 2906 dixit
716 2856 784 2934 per
792 2828 1050 2935 juramentum
1070 2856 1178 2905 suum
1192 2828 1296 2933 quod
1314 2855 1407 2916 non,
1431 2826 1498 2903 sed
1511 2855 1643 2932 puram
1665 2845 1703 2905 et
1719 2854 1858 2905 meram

439 2959 630 3035 veritatem
649 2957 792 3035 dixerat
805 2959 885 3034 sine
906 2957 1073 3036 salsitate.

494 3217 586 3291 ltem
600 3215 712 3292 irater
728 3217 902 3293 Teriicus
922 3217 969 3292 de
984 3219 1110 3296 Remis
1121 3234 1319 3323 preceptor
1331 3217 1467 3293 domus
1480 3219 1528 3295 de
1543 3219 1712 3322 Pruneyo
1725 3217 1857 3294 Ebroi-

439 3346 557 3420 censis
577 3346 751 3434 diocesis,
780 3347 885 3422 etatis
910 3347 1179 3452 quinquaginta·
1199 3374 1381 3424 annorum
1402 3348 1459 3424 vel
1479 3349 1592 3435 circa,
1616 3376 1732 3433 anno,
1759 3349 1857 3424 indi-

438 3475 561 3563 cione,
581 3505 725 3564 mense,
743 3477 820 3563 die,
842 3475 1060 3582 pontificatu
1074 3495 1111 3553 et
1126 3505 1224 3552 anno
1236 3477 1431 3581 predictis,
1449 3478 1587 3554 indicti
1607 3479 1852 3584 inquisitoris,

437 3625 605 3684 nostrum
619 3608 850 3683 notariorum
865 3625 902 3683 et
913 3608 1063 3685 testium
1080 3606 1399 3714 infrascriptorum
1411 3610 1602 3713 presencia
1615 3608 1858 3713 personaliter

436 3738 678 3825 constitutus,
701 3739 835 3814 eodem
856 3739 970 3815 modo
990 3740 1136 3844 juratus
1161 3738 1284 3815 dicere
1305 3739 1351 3815 de
1377 3767 1415 3814 se
1441 3756 1479 3814 et
1505 3736 1551 3814 de
1578 3737 1657 3814 aliis
1684 3739 1721 3812 in
1748 3765 1854 3812 causa

436 3868 524 3947 fidei
546 3872 752 3956 veritatem,
776 3886 812 3946 et
831 3871 1079 3976 interrogatus
1099 3870 1146 3947 de
1161 3887 1331 3975 tempore
1346 3886 1381 3945 et
1401 3867 1517 3945 modo
1530 3895 1597 3943 sue
1612 3866 1851 3970 recepcionis,

437 4000 529 4075 dixit
546 4029 613 4106 per
628 4001 882 4107 juramentum
903 4030 1013 4077 suum
1033 4001 1137 4107 quod
1164 4018 1334 4107 receptus
1357 3997 1428 4074 fuit
1446 3997 1587 4087 Remis,
1612 4024 1680 4100 per
1702 3994 1853 4071 fratrem

435 4130 642 4208 lobannem
652 4131 687 4207 le
695 4133 846 4238 Verjus,
865 4130 911 4207 de
922 4131 1096 4210 mandato
1107 4131 1227 4209 fratris
1236 4128 1470 4235 Amulpbide
1478 4125 1711 4214 Wissemale,
1724 4126 1852 4231 viginti

432 4278 520 4337 octo
533 4263 617 4337 anni
638 4265 695 4338 vel
716 4264 810 4338 circa
825 4282 910 4340 sunt
931 4263 1061 4369 elapsi,
1078 4262 1312 4368 presentibus
1323 4259 1434 4338 fratrc
1447 4257 1632 4336 Richardo
1649 4258 1696 4335 de
1712 4256 1851 4344 Remis,

434 4391 601 4497 ejusdem
622 4392 781 4479 ordinis,
805 4412 842 4469 et
857 4394 938 4469 aliis
959 4395 1006 4470 de
1027 4393 1163 4499 quibus
1188 4422 1263 4470 non
1283 4391 1425 4469 recolit.
1450 4391 1552 4468 Dixit
1573 4390 1690 4467 eciam
1710 4415 1777 4492 per
1791 4388 1852 4491 ju-

432 4526 640 4600 ramentum
660 4552 770 4600 suum
792 4524 895 4628 quod
915 4551 959 4598 eo
980 4542 1129 4629 recepto
1147 4541 1184 4601 et
1199 4522 1364 4599 clamide·
1377 4523 1447 4599 sibi
1467 4522 1618 4608 tradita,
1635 4535 1719 4625 post
1732 4518 1849 4595 multa

433 4649 604 4758 precepta
625 4654 711 4730 dicti
735 4654 877 4732 ordinis
897 4652 966 4729 sibi
987 4652 1078 4729 lacta
1099 4683 1211 4758 super
1235 4653 1481 4731 observanciis
1499 4651 1657 4737 ordinis,
1677 4651 1849 4754 magister

430 4781 614 4886 recipiens
633 4782 722 4859 lecit
740 4812 779 4859 se
797 4812 864 4886 per
882 4811 968 4861 eum
986 4783 1142 4861 osculari
1163 4785 1201 4861 in
1222 4785 1296 4861 line
1316 4786 1423 4888 spine
1443 4783 1545 4861 dorsi
1568 4783 1643 4868 sui,
1664 4796 1792 4883 postea
1809 4778 1847 4851 in
