4230 5956
463 437 535 510 sso
851 413 1045 507 ruocss
1070 433 1165 504 nus
1190 431 1488 509 ruurusns.

460 591 590 671 tatem,
614 592 650 651 et
670 574 915 679 interrogatus
931 574 978 649 de
990 591 1159 678 tempore
1173 589 1211 651 et
1222 573 1336 657 modo
1352 602 1417 655 sue
1430 574 1678 679 recepcionis‚
1701 577 1794 655 dixit
1807 609 1875 684 per

455 709 710 814 juramentum
740 733 850 782 suum
876 705 980 810 quod
1008 721 1181 810 receptus
1209 702 1297 795 liiit,
1321 734 1455 784 novem
1479 707 1565 783 anni
1591 725 1702 784 erunt
1720 709 1759 784 in
1778 708 1874 788 sesto

459 834 766 916 Nativitatisbeati
777 835 967 922 lobannis,
983 836 1021 911 in
1032 834 1146 913 domo
1157 834 1306 940 Templi
1315 836 1539 926 Perisiensis,
1555 865 1623 943 per
1635 837 1786 917 fratrem
1796 842 1874 918 Hu-

460 995 595 1073 gonem
628 968 674 1042 de
701 968 885 1054 Facundo,
924 965 1158 1070 presentibus
1186 963 1360 1044 frutribus
1388 965 1557 1045 Gerardo
1584 967 1631 1044 de
1657 970 1871 1060 villaribus,

459 1096 666 1176 Guillermo
687 1097 735 1174 de
754 1099 842 1174 Lins
855 1114 892 1173 et
906 1096 1016 1173 fratre
1030 1098 1140 1174 Petro
1156 1095 1203 1174 de
1217 1095 1348 1177 Boucli
1361 1095 1495 1185 milite,
1511 1114 1551 1175 et
1562 1097 1786 1203 quibusdam
1797 1100 1874 1176 aliis

462 1228 510 1305 de
528 1256 691 1334 quorum
712 1228 930 1305 nominibus
951 1254 1027 1303 non
1050 1225 1192 1303 recolit.
1218 1229 1266 1303 Et
1289 1227 1380 1307 dixit
1397 1255 1467 1331 per
1477 1297 1481 1303 .
1485 1227 1741 1333 juramentum
1765 1257 1873 1306 suurn

461 1355 566 1461 quod
589 1355 709 1431 dictus
730 1355 912 1461 recipiens
933 1354 1129 1432 secit.eum
1153 1355 1370 1459 promittere
1396 1372 1435 1432 et
1453 1357 1578 1463 jurare
1605 1356 1740 1437 multas
1760 1359 1875 1436 bonas

462 1483 714 1561 observanciis
726 1503 763 1561 et
773 1502 906 1561 statuta
923 1485 1010 1560 dicti
1023 1483 1164 1560 ordinis
1180 1501 1218 1560 et
1227 1502 1357 1561 tenere
1374 1503 1514 1562 secreta
1527 1485 1683 1573 ordinis,
1702 1504 1738 1563 et
1747 1505 1872 1592 postea

461 1613 646 1693 osculatus
664 1613 735 1691 fuit
751 1614 893 1693 dictum
909 1615 1150 1719 recipientem
1169 1630 1207 1690 et
1220 1614 1314 1693 alios
1329 1613 1457 1693 fratres
1468 1615 1508 1691 in
1527 1642 1603 1693 ore.
1624 1617 1872 1722 Interrogatus

360 1850 362 1855 Ι
461 1745 509 1821 de
530 1743 612 1821 aliis
629 1744 808 1832 articulis,
825 1744 941 1821 nichil
962 1745 1062 1821 dixit.
1079 1742 1166 1821 Acta
1182 1761 1270 1821 sunt
1289 1744 1359 1822 hec
1377 1772 1489 1833 anno,
1505 1744 1709 1833 indicione,
1726 1773 1868 1832 mense,

461 1873 539 1962 die,
561 1875 777 1979 pontificatu
805 1893 842 1951 et
866 1875 949 1951 loco
969 1875 1161 1979 predictis,
1188 1875 1425 1980 presentibus
1448 1873 1629 1980 religiosis
1652 1891 1690 1952 et
1707 1875 1872 1951 honestis

459 2003 546 2081 viris
564 2003 737 2082 fratribus
756 2005 923 2082 iohanne
944 2004 990 2081 de
1010 2002 1157 2090 brebis,
1181 2005 1291 2083 Petro
1311 2003 1520 2092 Lambere,
1542 2002 1675 2109 Egidio
1694 2002 1741 2079 de
1763 2003 1874 2081 Galu-

459 2131 553 2213 chiis
562 2135 797 2211 studentibus
814 2137 853 2210 in
868 2151 1050 2212 conventu
1068 2132 1301 2222 Parisiensis‚
1323 2132 1528 2212 Guillelmo
1545 2133 1591 2209 de
1605 2131 1783 2238 Choques
1798 2133 1873 2210 cive

459 2264 664 2353 Parisiensi,
678 2282 716 2341 et
728 2264 900 2368 pluribus
910 2264 990 2341 aliis
999 2263 1156 2341 testibus
1170 2262 1300 2340 adhoc
1311 2261 1665 2368 vocatisspecialiter
1678 2280 1715 2338 et
1724 2264 1872 2367 rogatis.

514 2525 561 2601 Et
575 2550 644 2629 ego
661 2522 821 2600 Amisius
841 2523 887 2598 de
907 2521 1105 2604 Aureliano
1126 2522 1249 2601 dictus
1268 2522 1304 2601 le
1320 2521 1431 2631 Ratil,
1452 2521 1624 2610 clericus,
1646 2539 1871 2602 sacrosancte

458 2657 621 2733 Romane
642 2654 804 2730 Ecclesie
822 2654 1035 2731 auctoritate
1051 2653 1216 2731 notarius
1234 2652 1421 2760 publicus,
1441 2653 1617 2730 omnibus
1637 2669 1675 2729 et
1700 2652 1872 2758 singulis,

458 2802 570 2891 prout
589 2785 628 2861 in
648 2785 716 2861 hac
739 2802 775 2862 et
794 2784 1080 2890 precedentibus
1099 2784 1215 2888 peciis
1230 2785 1336 2890 signo
1351 2810 1436 2867 meo
1451 2783 1602 2890 signatis
1619 2783 1871 2868 continentur,

459 2945 634 2993 unacum
656 2915 800 3020 scriptis
826 2915 985 2994 testibus
1010 2915 1165 2991 notariis
1189 2913 1350 3021 publicis
1374 2941 1528 3020 presens
1554 2912 1722 3000 interlui,
1744 2942 1800 3000 ac,
1826 2913 1872 2989 de

459 3045 635 3121 mandato
645 3044 733 3120 dicti
747 3045 1005 3134 commissarii,
1023 3044 1063 3119 in
1078 3045 1152 3120 hoc
1166 3043 1417 3123 instrumento
1431 3070 1494 3121 me
1508 3041 1707 3146 subscripsi
1722 3043 1761 3117 in
1776 3042 1873 3119 testi-

385 3264 388 3270 ,
460 3173 626 3249 monium
643 3173 928 3277 premissorum,
950 3173 1120 3278 illudque
1142 3201 1227 3249 meo
1244 3174 1351 3280 signo
1370 3172 1481 3252 solito
1499 3172 1632 3279 signavi
1653 3189 1811 3277 rogatus.

515 3433 640 3536 Etego
660 3430 817 3507 lacobus
833 3432 880 3523 de
894 3432 1042 3510 Virtute
1063 3431 1217 3509 clericus
1234 3430 1539 3510 Cathulauneusis
1554 3433 1728 3517 diocesis,
1753 3432 1872 3537 puhli-

459 3591 523 3640 cus
548 3562 732 3667 imperiali
757 3563 973 3639 auctoritate
998 3562 1181 3649 notarius,
1216 3561 1404 3666 premissis
1428 3562 1602 3640 omnibus
1630 3580 1667 3638 et
1697 3562 1867 3667 singulis,

459 3711 572 3798 prout
592 3693 631 3768 in
651 3694 812 3798 presenti
833 3693 935 3798 pecie
953 3721 1019 3769 seu
1039 3709 1136 3768 carta
1156 3709 1193 3769 et
1210 3692 1498 3797 precedentibus
1518 3693 1666 3797 plenius
1679 3690 1869 3768 continen-

459 3841 531 3913 tur,
555 3852 706 3928 presens
726 3824 877 3900 interlui
900 3851 983 3899 cum
1004 3823 1161 3901 testibus
1180 3840 1216 3899 et
1232 3822 1387 3899 notariis
1413 3852 1521 3928 supra
1541 3839 1578 3899 et
1598 3820 1868 3924 infrascriptis,

460 3969 511 4042 et,
535 3954 581 4031 de
602 3955 775 4031 mandato
797 3953 886 4030 dicti
906 3953 1164 4041 commissarii,
1193 3953 1266 4029 hoc
1283 3953 1574 4029 instrumentum
1590 3981 1702 4028 manu
1722 3951 1871 4055 propria

459 4083 586 4187 scripsi
596 4085 634 4158 in
645 4085 900 4162 testimonium
915 4084 1199 4190 premissorum,
1217 4081 1386 4189 illudque
1396 4111 1481 4159 meo
1492 4084 1597 4189 siguo
1610 4082 1720 4159 solito
1735 4081 1869 4188 signavi

460 4230 619 4318 rogatus.

513 4475 560 4549 Et
579 4502 647 4581 ego
669 4475 813 4550 Evenus
833 4474 939 4578 Phily
955 4474 1001 4549 de
1019 4476 1151 4553 Sancto
1172 4472 1314 4550 Nicasio
1326 4474 1484 4550 clericus
1497 4473 1782 4578 Corisopitensis
1796 4471 1872 4547 dio-

460 4604 569 4691 cesis,
586 4604 785 4709 apostolica
804 4602 979 4709 publicus
999 4604 1216 4680 auctoritate
1235 4604 1417 4692 notarius,
1440 4602 1628 4709 premissis
1648 4602 1686 4677 in
1706 4602 1869 4706 presenti

459 4732 562 4835 pecia
582 4761 647 4809 seu
662 4751 757 4811 carta
772 4750 809 4810 et
829 4731 1116 4836 precedentibus
1136 4734 1318 4811 contentis
1332 4761 1483 4839 presens
1497 4730 1649 4809 interlui
1669 4758 1754 4806 cum
1767 4731 1872 4806 testi-
