<?xml version="1.0" encoding="UTF-8"?>
<!DOCTYPE html PUBLIC "-//W3C//DTD XHTML 1.0 Transitional//EN"
    "http://www.w3.org/TR/xhtml1/DTD/xhtml1-transitional.dtd">
<html xmlns="http://www.w3.org/1999/xhtml" xml:lang="en" lang="en">
 <head>
  <title>
</title>
<meta http-equiv="Content-Type" content="text/html;charset=utf-8" />
  <meta name='ocr-system' content='tesseract 3.04.00' />
  <meta name='ocr-capabilities' content='ocr_page ocr_carea ocr_par ocr_line ocrx_word'/>
</head>
<body>
  <div class='ocr_page' id='page_1' title='image "./procsdestemplie01defegoog/procsdestemplie01defegoog_0189.png"; bbox 0 0 4230 5956; ppageno 0'>
   <div class='ocr_carea' id='block_1_1' title="bbox 696 476 1720 570">
    <p class='ocr_par' dir='ltr' id='par_1_1' title="bbox 696 476 1720 570">
     <span class='ocr_line' id='line_1_1' title="bbox 696 476 1720 570; baseline 0.001 -2"><span class='ocrx_word' id='word_1_1' title='bbox 696 476 889 570; x_wconf 73' lang='lat' dir='ltr'><strong>esoces</strong></span> <span class='ocrx_word' id='word_1_2' title='bbox 916 496 1010 570; x_wconf 84' lang='lat' dir='ltr'><strong>uns</strong></span> <span class='ocrx_word' id='word_1_3' title='bbox 1037 494 1333 569; x_wconf 74' lang='lat' dir='ltr'><strong>reuertens,</strong></span> <span class='ocrx_word' id='word_1_4' title='bbox 1652 499 1720 569; x_wconf 79' lang='lat' dir='ltr'><strong>tos</strong></span> 
     </span>
    </p>
   </div>
   <div class='ocr_carea' id='block_1_2' title="bbox 302 635 1743 4505">
    <p class='ocr_par' dir='ltr' id='par_1_2' title="bbox 302 635 1743 4505">
     <span class='ocr_line' id='line_1_2' title="bbox 309 635 1724 743; baseline 0.004 -34"><span class='ocrx_word' id='word_1_5' title='bbox 309 662 373 738; x_wconf 90' lang='lat' dir='ltr'><strong>per</strong></span> <span class='ocrx_word' id='word_1_6' title='bbox 391 635 587 711; x_wconf 88' lang='lat' dir='ltr'><strong>dominum</strong></span> <span class='ocrx_word' id='word_1_7' title='bbox 620 637 837 743; x_wconf 88' lang='lat' dir='ltr'><strong>episcopum</strong></span> <span class='ocrx_word' id='word_1_8' title='bbox 857 638 1158 727; x_wconf 86' lang='lat' dir='ltr'><strong>Rutbenensem,</strong></span> <span class='ocrx_word' id='word_1_9' title='bbox 1180 636 1286 714; x_wconf 89' lang='lat' dir='ltr'><strong>lectis</strong></span> <span class='ocrx_word' id='word_1_10' title='bbox 1318 655 1355 713; x_wconf 90' lang='lat' dir='ltr'><strong>et</strong></span> <span class='ocrx_word' id='word_1_11' title='bbox 1384 635 1584 741; x_wconf 82' lang='lat' dir='ltr'>diligenter</span> <span class='ocrx_word' id='word_1_12' title='bbox 1611 665 1724 742; x_wconf 86' lang='lat' dir='ltr'><strong>expo·</strong></span> 
     </span>
     <span class='ocr_line' id='line_1_3' title="bbox 305 764 1721 876; baseline 0.002 -36"><span class='ocrx_word' id='word_1_13' title='bbox 305 764 385 840; x_wconf 90' lang='lat' dir='ltr'><strong>sitis</strong></span> <span class='ocrx_word' id='word_1_14' title='bbox 412 765 482 841; x_wconf 90' lang='lat' dir='ltr'><strong>sibi</strong></span> <span class='ocrx_word' id='word_1_15' title='bbox 506 765 685 844; x_wconf 89' lang='lat' dir='ltr'><strong>omnibus</strong></span> <span class='ocrx_word' id='word_1_16' title='bbox 715 783 754 844; x_wconf 88' lang='lat' dir='ltr'><strong>et</strong></span> <span class='ocrx_word' id='word_1_17' title='bbox 784 766 939 876; x_wconf 89' lang='lat' dir='ltr'><strong>singulis</strong></span> <span class='ocrx_word' id='word_1_18' title='bbox 967 767 1148 857; x_wconf 85' lang='lat' dir='ltr'><strong>articulis,</strong></span> <span class='ocrx_word' id='word_1_19' title='bbox 1177 765 1373 874; x_wconf 90' lang='lat' dir='ltr'><strong>respondit</strong></span> <span class='ocrx_word' id='word_1_20' title='bbox 1403 792 1441 841; x_wconf 86' lang='lat' dir='ltr'><strong>se</strong></span> <span class='ocrx_word' id='word_1_21' title='bbox 1473 764 1631 855; x_wconf 88' lang='lat' dir='ltr'><strong>nescire,</strong></span> <span class='ocrx_word' id='word_1_22' title='bbox 1654 794 1721 843; x_wconf 88' lang='lat' dir='ltr'><strong>nec</strong></span> 
     </span>
     <span class='ocr_line' id='line_1_4' title="bbox 304 894 1743 1001; baseline 0.001 -31"><span class='ocrx_word' id='word_1_23' title='bbox 304 894 472 983; x_wconf 88' lang='lat' dir='ltr'><strong>credere,</strong></span> <span class='ocrx_word' id='word_1_24' title='bbox 504 924 573 974; x_wconf 87' lang='lat' dir='ltr'><strong>nec</strong></span> <span class='ocrx_word' id='word_1_25' title='bbox 591 897 774 976; x_wconf 87' lang='lat' dir='ltr'><strong>audivisse</strong></span> <span class='ocrx_word' id='word_1_26' title='bbox 793 899 865 975; x_wconf 93' lang='lat' dir='ltr'><strong>dici</strong></span> <span class='ocrx_word' id='word_1_27' title='bbox 891 897 944 976; x_wconf 88' lang='lat' dir='ltr'><strong>da</strong></span> <span class='ocrx_word' id='word_1_28' title='bbox 972 899 1158 975; x_wconf 88' lang='lat' dir='ltr'><strong>contentis</strong></span> <span class='ocrx_word' id='word_1_29' title='bbox 1187 899 1225 975; x_wconf 93' lang='lat' dir='ltr'><strong>in</strong></span> <span class='ocrx_word' id='word_1_30' title='bbox 1246 898 1299 976; x_wconf 88' lang='lat' dir='ltr'><strong>eis</strong></span> <span class='ocrx_word' id='word_1_31' title='bbox 1319 896 1389 973; x_wconf 90' lang='lat' dir='ltr'><strong>nisi</strong></span> <span class='ocrx_word' id='word_1_32' title='bbox 1410 894 1515 1001; x_wconf 93' lang='lat' dir='ltr'><strong>quod</strong></span> <span class='ocrx_word' id='word_1_33' title='bbox 1538 896 1743 1000; x_wconf 88' lang='lat' dir='ltr'><strong>sequitur.-</strong></span> 
     </span>
     <span class='ocr_line' id='line_1_5' title="bbox 304 1024 1723 1135; baseline 0.002 -33"><span class='ocrx_word' id='word_1_34' title='bbox 304 1024 408 1102; x_wconf 89' lang='lat' dir='ltr'><strong>Dixit</strong></span> <span class='ocrx_word' id='word_1_35' title='bbox 437 1054 599 1132; x_wconf 86' lang='lat' dir='ltr'><strong>namque</strong></span> <span class='ocrx_word' id='word_1_36' title='bbox 629 1056 668 1104; x_wconf 91' lang='lat' dir='ltr'><strong>se</strong></span> <span class='ocrx_word' id='word_1_37' title='bbox 698 1027 812 1106; x_wconf 89' lang='lat' dir='ltr'><strong>luisse</strong></span> <span class='ocrx_word' id='word_1_38' title='bbox 846 1046 1054 1135; x_wconf 85' lang='lat' dir='ltr'><strong>receptum,</strong></span> <span class='ocrx_word' id='word_1_39' title='bbox 1088 1029 1126 1105; x_wconf 93' lang='lat' dir='ltr'><strong>in</strong></span> <span class='ocrx_word' id='word_1_40' title='bbox 1159 1030 1310 1106; x_wconf 88' lang='lat' dir='ltr'><strong>instanti</strong></span> <span class='ocrx_word' id='word_1_41' title='bbox 1342 1052 1470 1104; x_wconf 90' lang='lat' dir='ltr'><strong>mense</strong></span> <span class='ocrx_word' id='word_1_42' title='bbox 1500 1026 1723 1131; x_wconf 82' lang='lat' dir='ltr'>septembris</span> 
     </span>
     <span class='ocr_line' id='line_1_6' title="bbox 305 1155 1721 1266; baseline 0.001 -35"><span class='ocrx_word' id='word_1_43' title='bbox 305 1174 417 1232; x_wconf 87' lang='lat' dir='ltr'><strong>erunt</strong></span> <span class='ocrx_word' id='word_1_44' title='bbox 447 1155 502 1233; x_wconf 78' lang='lat' dir='ltr'><strong>ruti</strong></span> <span class='ocrx_word' id='word_1_45' title='bbox 529 1159 622 1234; x_wconf 83' lang='lat' dir='ltr'><strong>anni</strong></span> <span class='ocrx_word' id='word_1_46' title='bbox 651 1159 709 1236; x_wconf 90' lang='lat' dir='ltr'><strong>vel</strong></span> <span class='ocrx_word' id='word_1_47' title='bbox 741 1161 853 1245; x_wconf 85' lang='lat' dir='ltr'><strong>circa,</strong></span> <span class='ocrx_word' id='word_1_48' title='bbox 880 1161 918 1236; x_wconf 92' lang='lat' dir='ltr'><strong>in</strong></span> <span class='ocrx_word' id='word_1_49' title='bbox 951 1160 1114 1266; x_wconf 90' lang='lat' dir='ltr'><strong>quadam</strong></span> <span class='ocrx_word' id='word_1_50' title='bbox 1150 1190 1294 1239; x_wconf 89' lang='lat' dir='ltr'><strong>camera</strong></span> <span class='ocrx_word' id='word_1_51' title='bbox 1328 1161 1465 1237; x_wconf 89' lang='lat' dir='ltr'><strong>domus</strong></span> <span class='ocrx_word' id='word_1_52' title='bbox 1493 1156 1651 1263; x_wconf 91' lang='lat' dir='ltr'><strong>Templi·</strong></span> <span class='ocrx_word' id='word_1_53' title='bbox 1675 1159 1721 1234; x_wconf 88' lang='lat' dir='ltr'><strong>de</strong></span> 
     </span>
     <span class='ocr_line' id='line_1_7' title="bbox 305 1286 1723 1394; baseline 0.001 -33"><span class='ocrx_word' id='word_1_54' title='bbox 305 1286 434 1361; x_wconf 82' lang='lat' dir='ltr'><strong>Monte</strong></span> <span class='ocrx_word' id='word_1_55' title='bbox 455 1286 673 1379; x_wconf 88' lang='lat' dir='ltr'><strong>Pessulano,</strong></span> <span class='ocrx_word' id='word_1_56' title='bbox 700 1314 768 1394; x_wconf 90' lang='lat' dir='ltr'><strong>per</strong></span> <span class='ocrx_word' id='word_1_57' title='bbox 795 1287 946 1366; x_wconf 82' lang='lat' dir='ltr'><strong>fratrem</strong></span> <span class='ocrx_word' id='word_1_58' title='bbox 981 1290 1164 1366; x_wconf 89' lang='lat' dir='ltr'><strong>Poncium</strong></span> <span class='ocrx_word' id='word_1_59' title='bbox 1190 1290 1238 1366; x_wconf 91' lang='lat' dir='ltr'><strong>dc</strong></span> <span class='ocrx_word' id='word_1_60' title='bbox 1275 1293 1389 1368; x_wconf 88' lang='lat' dir='ltr'><strong>Broet</strong></span> <span class='ocrx_word' id='word_1_61' title='bbox 1421 1288 1580 1365; x_wconf 89' lang='lat' dir='ltr'><strong>militem</strong></span> <span class='ocrx_word' id='word_1_62' title='bbox 1600 1314 1723 1392; x_wconf 89' lang='lat' dir='ltr'><strong>quon-</strong></span> 
     </span>
     <span class='ocr_line' id='line_1_8' title="bbox 306 1414 1723 1526; baseline 0.002 -37"><span class='ocrx_word' id='word_1_63' title='bbox 306 1414 408 1503; x_wconf 88' lang='lat' dir='ltr'><strong>dam,</strong></span> <span class='ocrx_word' id='word_1_64' title='bbox 432 1432 523 1491; x_wconf 90' lang='lat' dir='ltr'><strong>tunc</strong></span> <span class='ocrx_word' id='word_1_65' title='bbox 548 1433 804 1523; x_wconf 87' lang='lat' dir='ltr'><strong>preceptorem</strong></span> <span class='ocrx_word' id='word_1_66' title='bbox 835 1416 1043 1507; x_wconf 80' lang='lat' dir='ltr'><strong>Provincia,</strong></span> <span class='ocrx_word' id='word_1_67' title='bbox 1076 1420 1313 1526; x_wconf 83' lang='lat' dir='ltr'><strong>presentibus</strong></span> <span class='ocrx_word' id='word_1_68' title='bbox 1336 1417 1512 1496; x_wconf 82' lang='lat' dir='ltr'><strong>fratribus</strong></span> <span class='ocrx_word' id='word_1_69' title='bbox 1532 1417 1723 1494; x_wconf 90' lang='lat' dir='ltr'><strong>Bernardo</strong></span> 
     </span>
     <span class='ocr_line' id='line_1_9' title="bbox 305 1527 1724 1655; baseline 0.002 -36"><span class='ocrx_word' id='word_1_70' title='bbox 305 1542 352 1619; x_wconf 93' lang='lat' dir='ltr'><strong>de</strong></span> <span class='ocrx_word' id='word_1_71' title='bbox 385 1527 546 1623; x_wconf 88' lang='lat' dir='ltr'><strong>Conbito</strong></span> <span class='ocrx_word' id='word_1_72' title='bbox 579 1546 715 1635; x_wconf 92' lang='lat' dir='ltr'><strong>milite,</strong></span> <span class='ocrx_word' id='word_1_73' title='bbox 750 1574 865 1653; x_wconf 87' lang='lat' dir='ltr'><strong>quem</strong></span> <span class='ocrx_word' id='word_1_74' title='bbox 897 1549 1015 1626; x_wconf 87' lang='lat' dir='ltr'><strong>credit</strong></span> <span class='ocrx_word' id='word_1_75' title='bbox 1045 1576 1124 1626; x_wconf 91' lang='lat' dir='ltr'><strong>esse</strong></span> <span class='ocrx_word' id='word_1_76' title='bbox 1157 1567 1306 1655; x_wconf 91' lang='lat' dir='ltr'><strong>captum</strong></span> <span class='ocrx_word' id='word_1_77' title='bbox 1325 1548 1425 1627; x_wconf 88' lang='lat' dir='ltr'><strong>ultra</strong></span> <span class='ocrx_word' id='word_1_78' title='bbox 1446 1548 1665 1636; x_wconf 86' lang='lat' dir='ltr'><strong>Rodanum,</strong></span> <span class='ocrx_word' id='word_1_79' title='bbox 1686 1563 1724 1624; x_wconf 88' lang='lat' dir='ltr'><strong>et</strong></span> 
     </span>
     <span class='ocr_line' id='line_1_10' title="bbox 305 1671 1723 1784; baseline 0.001 -33"><span class='ocrx_word' id='word_1_80' title='bbox 305 1671 512 1753; x_wconf 88' lang='lat' dir='ltr'><strong>Guillelmo</strong></span> <span class='ocrx_word' id='word_1_81' title='bbox 538 1675 655 1754; x_wconf 82' lang='lat' dir='ltr'><strong>d&#39;Arsi</strong></span> <span class='ocrx_word' id='word_1_82' title='bbox 690 1676 810 1753; x_wconf 88' lang='lat' dir='ltr'><strong>milite</strong></span> <span class='ocrx_word' id='word_1_83' title='bbox 835 1679 1046 1784; x_wconf 89' lang='lat' dir='ltr'><strong>quondam,</strong></span> <span class='ocrx_word' id='word_1_84' title='bbox 1081 1699 1118 1756; x_wconf 92' lang='lat' dir='ltr'><strong>et</strong></span> <span class='ocrx_word' id='word_1_85' title='bbox 1150 1679 1358 1758; x_wconf 88' lang='lat' dir='ltr'><strong>Guillelmo</strong></span> <span class='ocrx_word' id='word_1_86' title='bbox 1392 1680 1454 1757; x_wconf 90' lang='lat' dir='ltr'><strong>del</strong></span> <span class='ocrx_word' id='word_1_87' title='bbox 1494 1679 1595 1754; x_wconf 79' lang='lat' dir='ltr'><strong>Bane</strong></span> <span class='ocrx_word' id='word_1_88' title='bbox 1637 1703 1723 1780; x_wconf 88' lang='lat' dir='ltr'><strong>pre-</strong></span> 
     </span>
     <span class='ocr_line' id='line_1_11' title="bbox 305 1805 1723 1915; baseline 0.003 -38"><span class='ocrx_word' id='word_1_89' title='bbox 305 1822 453 1909; x_wconf 88' lang='lat' dir='ltr'><strong>ceptore</strong></span> <span class='ocrx_word' id='word_1_90' title='bbox 481 1805 579 1883; x_wconf 89' lang='lat' dir='ltr'><strong>dicte</strong></span> <span class='ocrx_word' id='word_1_91' title='bbox 605 1806 757 1898; x_wconf 92' lang='lat' dir='ltr'><strong>domus,</strong></span> <span class='ocrx_word' id='word_1_92' title='bbox 785 1808 954 1897; x_wconf 87' lang='lat' dir='ltr'><strong>detento,</strong></span> <span class='ocrx_word' id='word_1_93' title='bbox 985 1826 1028 1885; x_wconf 88' lang='lat' dir='ltr'><strong>ut</strong></span> <span class='ocrx_word' id='word_1_94' title='bbox 1062 1809 1198 1898; x_wconf 87' lang='lat' dir='ltr'><strong>credit,</strong></span> <span class='ocrx_word' id='word_1_95' title='bbox 1229 1810 1331 1915; x_wconf 92' lang='lat' dir='ltr'><strong>apud</strong></span> <span class='ocrx_word' id='word_1_96' title='bbox 1362 1809 1548 1892; x_wconf 85' lang='lat' dir='ltr'><strong>Alestum,</strong></span> <span class='ocrx_word' id='word_1_97' title='bbox 1581 1824 1617 1881; x_wconf 89' lang='lat' dir='ltr'><strong>et</strong></span> <span class='ocrx_word' id='word_1_98' title='bbox 1637 1807 1723 1912; x_wconf 77' lang='lat' dir='ltr'><strong>Ray·</strong></span> 
     </span>
     <span class='ocr_line' id='line_1_12' title="bbox 306 1935 1720 2027; baseline 0.003 -19"><span class='ocrx_word' id='word_1_99' title='bbox 306 1935 451 2012; x_wconf 91' lang='lat' dir='ltr'><strong>mundo</strong></span> <span class='ocrx_word' id='word_1_100' title='bbox 479 1936 677 2014; x_wconf 88' lang='lat' dir='ltr'><strong>Guillermi</strong></span> <span class='ocrx_word' id='word_1_101' title='bbox 706 1937 754 2013; x_wconf 92' lang='lat' dir='ltr'><strong>de</strong></span> <span class='ocrx_word' id='word_1_102' title='bbox 782 1940 904 2015; x_wconf 85' lang='lat' dir='ltr'><strong>Benca</strong></span> <span class='ocrx_word' id='word_1_103' title='bbox 934 1938 1073 2025; x_wconf 90' lang='lat' dir='ltr'><strong>milite,</strong></span> <span class='ocrx_word' id='word_1_104' title='bbox 1108 1939 1269 2015; x_wconf 90' lang='lat' dir='ltr'><strong>Parisius</strong></span> <span class='ocrx_word' id='word_1_105' title='bbox 1303 1938 1473 2025; x_wconf 87' lang='lat' dir='ltr'><strong>detento,</strong></span> <span class='ocrx_word' id='word_1_106' title='bbox 1504 1952 1546 2011; x_wconf 91' lang='lat' dir='ltr'><strong>ut</strong></span> <span class='ocrx_word' id='word_1_107' title='bbox 1580 1935 1720 2027; x_wconf 88' lang='lat' dir='ltr'><strong>credit,</strong></span> 
     </span>
     <span class='ocr_line' id='line_1_13' title="bbox 306 2063 1720 2172; baseline 0.002 -32"><span class='ocrx_word' id='word_1_108' title='bbox 306 2080 343 2140; x_wconf 93' lang='lat' dir='ltr'><strong>et</strong></span> <span class='ocrx_word' id='word_1_109' title='bbox 361 2065 693 2168; x_wconf 89' lang='lat' dir='ltr'><strong>quibusdam-aliis</strong></span> <span class='ocrx_word' id='word_1_110' title='bbox 719 2067 766 2142; x_wconf 90' lang='lat' dir='ltr'><strong>de</strong></span> <span class='ocrx_word' id='word_1_111' title='bbox 789 2066 932 2172; x_wconf 87' lang='lat' dir='ltr'><strong>quibus&#39;</strong></span> <span class='ocrx_word' id='word_1_112' title='bbox 948 2093 1024 2144; x_wconf 90' lang='lat' dir='ltr'><strong>non</strong></span> <span class='ocrx_word' id='word_1_113' title='bbox 1053 2068 1204 2158; x_wconf 78' lang='lat' dir='ltr'><strong>recolit,</strong></span> <span class='ocrx_word' id='word_1_114' title='bbox 1228 2069 1266 2142; x_wconf 95' lang='lat' dir='ltr'><strong>in</strong></span> <span class='ocrx_word' id='word_1_115' title='bbox 1291 2067 1391 2143; x_wconf 90' lang='lat' dir='ltr'><strong>bunc</strong></span> <span class='ocrx_word' id='word_1_116' title='bbox 1422 2063 1579 2142; x_wconf 90' lang='lat' dir='ltr'><strong>modum</strong></span> <span class='ocrx_word' id='word_1_117' title='bbox 1603 2097 1611 2141; x_wconf 77' lang='grc' dir='ltr'><strong>ε</strong></span> <span class='ocrx_word' id='word_1_118' title='bbox 1634 2094 1720 2143; x_wconf 86' lang='lat' dir='ltr'><strong>nam</strong></span> 
     </span>
     <span class='ocr_line' id='line_1_14' title="bbox 306 2193 1723 2301; baseline 0.003 -33"><span class='ocrx_word' id='word_1_119' title='bbox 306 2194 418 2297; x_wconf 85' lang='lat' dir='ltr'><strong>petite</strong></span> <span class='ocrx_word' id='word_1_120' title='bbox 453 2193 626 2271; x_wconf 88' lang='lat' dir='ltr'><strong>societate</strong></span> <span class='ocrx_word' id='word_1_121' title='bbox 656 2193 812 2272; x_wconf 81' lang='lat' dir='ltr'><strong>fratrum</strong></span> <span class='ocrx_word' id='word_1_122' title='bbox 852 2195 1014 2284; x_wconf 77' lang='lat' dir='ltr'><strong>ordinis,</strong></span> <span class='ocrx_word' id='word_1_123' title='bbox 1051 2224 1136 2272; x_wconf 92' lang='lat' dir='ltr'><strong>cum</strong></span> <span class='ocrx_word' id='word_1_124' title='bbox 1175 2196 1317 2273; x_wconf 88' lang='lat' dir='ltr'><strong>diceret</strong></span> <span class='ocrx_word' id='word_1_125' title='bbox 1345 2223 1384 2272; x_wconf 87' lang='lat' dir='ltr'><strong>sc</strong></span> <span class='ocrx_word' id='word_1_126' title='bbox 1413 2213 1583 2301; x_wconf 89' lang='lat' dir='ltr'><strong>paratum</strong></span> <span class='ocrx_word' id='word_1_127' title='bbox 1617 2194 1723 2272; x_wconf 91' lang='lat' dir='ltr'><strong>abdi·</strong></span> 
     </span>
     <span class='ocr_line' id='line_1_15' title="bbox 306 2322 1723 2428; baseline 0 -28"><span class='ocrx_word' id='word_1_128' title='bbox 306 2350 387 2400; x_wconf 86' lang='lat' dir='ltr'><strong>care</strong></span> <span class='ocrx_word' id='word_1_129' title='bbox 414 2353 433 2398; x_wconf 87' lang='lat' dir='ltr'><strong>a</strong></span> <span class='ocrx_word' id='word_1_130' title='bbox 459 2352 497 2400; x_wconf 89' lang='lat' dir='ltr'><strong>se</strong></span> <span class='ocrx_word' id='word_1_131' title='bbox 526 2322 713 2428; x_wconf 83' lang='lat' dir='ltr'><strong>propriam</strong></span> <span class='ocrx_word' id='word_1_132' title='bbox 732 2324 963 2403; x_wconf 79' lang='lat' dir='ltr'><strong>voluntatem</strong></span> <span class='ocrx_word' id='word_1_133' title='bbox 991 2343 1029 2401; x_wconf 90' lang='lat' dir='ltr'><strong>ot</strong></span> <span class='ocrx_word' id='word_1_134' title='bbox 1050 2325 1144 2402; x_wconf 89' lang='lat' dir='ltr'><strong>velle</strong></span> <span class='ocrx_word' id='word_1_135' title='bbox 1171 2354 1250 2402; x_wconf 89' lang='lat' dir='ltr'><strong>esse</strong></span> <span class='ocrx_word' id='word_1_136' title='bbox 1277 2352 1425 2402; x_wconf 87' lang='lat' dir='ltr'><strong>servum</strong></span> <span class='ocrx_word' id='word_1_137' title='bbox 1453 2323 1636 2400; x_wconf 88' lang='lat' dir='ltr'><strong>esclavum</strong></span> <span class='ocrx_word' id='word_1_138' title='bbox 1663 2352 1723 2402; x_wconf 91' lang='lat' dir='ltr'><strong>or-</strong></span> 
     </span>
     <span class='ocr_line' id='line_1_16' title="bbox 307 2453 1723 2561; baseline 0.003 -33"><span class='ocrx_word' id='word_1_139' title='bbox 307 2453 421 2538; x_wconf 87' lang='lat' dir='ltr'><strong>dinis,</strong></span> <span class='ocrx_word' id='word_1_140' title='bbox 452 2454 610 2558; x_wconf 86' lang='lat' dir='ltr'><strong>prescito</strong></span> <span class='ocrx_word' id='word_1_141' title='bbox 630 2481 701 2559; x_wconf 89' lang='lat' dir='ltr'><strong>per</strong></span> <span class='ocrx_word' id='word_1_142' title='bbox 712 2455 971 2561; x_wconf 84' lang='lat' dir='ltr'><strong>juramentum</strong></span> <span class='ocrx_word' id='word_1_143' title='bbox 996 2482 1107 2532; x_wconf 91' lang='lat' dir='ltr'><strong>suum</strong></span> <span class='ocrx_word' id='word_1_144' title='bbox 1134 2454 1240 2561; x_wconf 92' lang='lat' dir='ltr'><strong>quod</strong></span> <span class='ocrx_word' id='word_1_145' title='bbox 1269 2484 1344 2532; x_wconf 92' lang='lat' dir='ltr'><strong>non</strong></span> <span class='ocrx_word' id='word_1_146' title='bbox 1365 2471 1443 2532; x_wconf 88' lang='lat' dir='ltr'><strong>erat</strong></span> <span class='ocrx_word' id='word_1_147' title='bbox 1468 2453 1611 2532; x_wconf 87' lang='lat' dir='ltr'><strong>servilis</strong></span> <span class='ocrx_word' id='word_1_148' title='bbox 1634 2482 1723 2532; x_wconf 79' lang='lat' dir='ltr'><strong>con-</strong></span> 
     </span>
     <span class='ocr_line' id='line_1_17' title="bbox 307 2582 1720 2691; baseline 0.002 -32"><span class='ocrx_word' id='word_1_149' title='bbox 307 2582 480 2674; x_wconf 90' lang='lat' dir='ltr'><strong>dicionis,</strong></span> <span class='ocrx_word' id='word_1_150' title='bbox 502 2601 662 2660; x_wconf 87' lang='lat' dir='ltr'><strong>necerat</strong></span> <span class='ocrx_word' id='word_1_151' title='bbox 684 2583 791 2661; x_wconf 90' lang='lat' dir='ltr'><strong>alteri</strong></span> <span class='ocrx_word' id='word_1_152' title='bbox 813 2583 1004 2690; x_wconf 84' lang='lat' dir='ltr'><strong>religioni,</strong></span> <span class='ocrx_word' id='word_1_153' title='bbox 1022 2613 1091 2661; x_wconf 91' lang='lat' dir='ltr'><strong>uec</strong></span> <span class='ocrx_word' id='word_1_154' title='bbox 1112 2585 1370 2672; x_wconf 89' lang='lat' dir='ltr'><strong>matrimonio,</strong></span> <span class='ocrx_word' id='word_1_155' title='bbox 1398 2612 1466 2660; x_wconf 93' lang='lat' dir='ltr'><strong>nec</strong></span> <span class='ocrx_word' id='word_1_156' title='bbox 1494 2584 1720 2691; x_wconf 84' lang='lat' dir='ltr'><strong>debitisque</strong></span> 
     </span>
     <span class='ocr_line' id='line_1_18' title="bbox 307 2712 1719 2821; baseline 0.004 -34"><span class='ocrx_word' id='word_1_157' title='bbox 307 2740 382 2789; x_wconf 93' lang='lat' dir='ltr'><strong>non</strong></span> <span class='ocrx_word' id='word_1_158' title='bbox 408 2732 535 2818; x_wconf 89' lang='lat' dir='ltr'><strong>posset</strong></span> <span class='ocrx_word' id='word_1_159' title='bbox 557 2712 699 2790; x_wconf 84' lang='lat' dir='ltr'><strong>solvere</strong></span> <span class='ocrx_word' id='word_1_160' title='bbox 721 2712 926 2821; x_wconf 88' lang='lat' dir='ltr'><strong>obligatus,</strong></span> <span class='ocrx_word' id='word_1_161' title='bbox 950 2743 1019 2792; x_wconf 90' lang='lat' dir='ltr'><strong>nec</strong></span> <span class='ocrx_word' id='word_1_162' title='bbox 1047 2714 1228 2792; x_wconf 87' lang='lat' dir='ltr'><strong>latentem</strong></span> <span class='ocrx_word' id='word_1_163' title='bbox 1254 2715 1509 2790; x_wconf 84' lang='lat' dir='ltr'><strong>infirmitatem</strong></span> <span class='ocrx_word' id='word_1_164' title='bbox 1539 2713 1719 2804; x_wconf 86' lang='lat' dir='ltr'><strong>habebat,</strong></span> 
     </span>
     <span class='ocr_line' id='line_1_19' title="bbox 305 2840 1719 2952; baseline 0.001 -35"><span class='ocrx_word' id='word_1_165' title='bbox 305 2842 427 2921; x_wconf 88' lang='lat' dir='ltr'><strong>dietus</strong></span> <span class='ocrx_word' id='word_1_166' title='bbox 443 2861 612 2948; x_wconf 88' lang='lat' dir='ltr'><strong>receptor</strong></span> <span class='ocrx_word' id='word_1_167' title='bbox 626 2842 713 2921; x_wconf 87' lang='lat' dir='ltr'><strong>lecit</strong></span> <span class='ocrx_word' id='word_1_168' title='bbox 732 2872 821 2921; x_wconf 90' lang='lat' dir='ltr'><strong>eum</strong></span> <span class='ocrx_word' id='word_1_169' title='bbox 845 2870 978 2932; x_wconf 73' lang='lat' dir='ltr'><strong>vovere</strong></span> <span class='ocrx_word' id='word_1_170' title='bbox 996 2862 1034 2922; x_wconf 88' lang='lat' dir='ltr'><strong>et</strong></span> <span class='ocrx_word' id='word_1_171' title='bbox 1046 2845 1175 2952; x_wconf 88' lang='lat' dir='ltr'><strong>jurare</strong></span> <span class='ocrx_word' id='word_1_172' title='bbox 1189 2844 1412 2930; x_wconf 84' lang='lat' dir='ltr'><strong>castitatem,</strong></span> <span class='ocrx_word' id='word_1_173' title='bbox 1437 2840 1719 2934; x_wconf 78' lang='lat' dir='ltr'><strong>obedienciam,</strong></span> 
     </span>
     <span class='ocr_line' id='line_1_20' title="bbox 306 2969 1719 3081; baseline 0.003 -34"><span class='ocrx_word' id='word_1_174' title='bbox 306 2988 344 3047; x_wconf 90' lang='lat' dir='ltr'><strong>et</strong></span> <span class='ocrx_word' id='word_1_175' title='bbox 356 2973 474 3049; x_wconf 82' lang='lat' dir='ltr'><strong>vivere</strong></span> <span class='ocrx_word' id='word_1_176' title='bbox 491 2974 570 3049; x_wconf 86' lang='lat' dir='ltr'><strong>sine</strong></span> <span class='ocrx_word' id='word_1_177' title='bbox 595 2974 761 3081; x_wconf 89' lang='lat' dir='ltr'><strong>proprio.</strong></span> <span class='ocrx_word' id='word_1_178' title='bbox 777 2974 864 3067; x_wconf 87' lang='lat' dir='ltr'><strong>Quo</strong></span> <span class='ocrx_word' id='word_1_179' title='bbox 880 2973 976 3050; x_wconf 86' lang='lat' dir='ltr'><strong>lacto</strong></span> <span class='ocrx_word' id='word_1_180' title='bbox 995 2974 1176 3081; x_wconf 87' lang='lat' dir='ltr'><strong>imposuit</strong></span> <span class='ocrx_word' id='word_1_181' title='bbox 1190 2972 1260 3050; x_wconf 91' lang='lat' dir='ltr'><strong>sibi</strong></span> <span class='ocrx_word' id='word_1_182' title='bbox 1281 2969 1520 3061; x_wconf 87' lang='lat' dir='ltr'><strong>mantellum,</strong></span> <span class='ocrx_word' id='word_1_183' title='bbox 1536 2970 1719 3051; x_wconf 82' lang='lat' dir='ltr'><strong>dicendo:</strong></span> 
     </span>
     <span class='ocr_line' id='line_1_21' title="bbox 306 3101 1720 3210; baseline 0.001 -31"><span class='ocrx_word' id='word_1_184' title='bbox 306 3104 374 3179; x_wconf 75' lang='lat' dir='ltr'><strong>«lu</strong></span> <span class='ocrx_word' id='word_1_185' title='bbox 402 3104 554 3181; x_wconf 93' lang='lat' dir='ltr'><strong>nomine</strong></span> <span class='ocrx_word' id='word_1_186' title='bbox 582 3104 699 3180; x_wconf 88' lang='lat' dir='ltr'><strong>Patris</strong></span> <span class='ocrx_word' id='word_1_187' title='bbox 733 3120 770 3180; x_wconf 88' lang='lat' dir='ltr'><strong>et</strong></span> <span class='ocrx_word' id='word_1_188' title='bbox 802 3103 887 3181; x_wconf 85' lang='lat' dir='ltr'><strong>Filii</strong></span> <span class='ocrx_word' id='word_1_189' title='bbox 918 3120 956 3181; x_wconf 93' lang='lat' dir='ltr'><strong>et</strong></span> <span class='ocrx_word' id='word_1_190' title='bbox 986 3103 1148 3210; x_wconf 84' lang='lat' dir='ltr'><strong>Spiritus</strong></span> <span class='ocrx_word' id='word_1_191' title='bbox 1182 3102 1354 3193; x_wconf 76' lang='lat' dir='ltr'><strong>Sancti3·</strong></span> <span class='ocrx_word' id='word_1_192' title='bbox 1383 3101 1495 3179; x_wconf 83' lang='lat' dir='ltr'><strong>fratre</strong></span> <span class='ocrx_word' id='word_1_193' title='bbox 1529 3103 1720 3181; x_wconf 91' lang='lat' dir='ltr'><strong>Bernardo</strong></span> 
     </span>
     <span class='ocr_line' id='line_1_22' title="bbox 304 3230 1721 3340; baseline 0.001 -32"><span class='ocrx_word' id='word_1_194' title='bbox 304 3233 435 3310; x_wconf 89' lang='lat' dir='ltr'><strong>Borret</strong></span> <span class='ocrx_word' id='word_1_195' title='bbox 458 3231 682 3337; x_wconf 88' lang='lat' dir='ltr'><strong>presbitero,</strong></span> <span class='ocrx_word' id='word_1_196' title='bbox 704 3233 769 3338; x_wconf 89' lang='lat' dir='ltr'><strong>qui</strong></span> <span class='ocrx_word' id='word_1_197' title='bbox 790 3230 906 3310; x_wconf 87' lang='lat' dir='ltr'><strong>eciam</strong></span> <span class='ocrx_word' id='word_1_198' title='bbox 929 3233 1025 3311; x_wconf 89' lang='lat' dir='ltr'><strong>dicte</strong></span> <span class='ocrx_word' id='word_1_199' title='bbox 1055 3233 1263 3340; x_wconf 91' lang='lat' dir='ltr'><strong>recepcioni</strong></span> <span class='ocrx_word' id='word_1_200' title='bbox 1292 3231 1427 3320; x_wconf 85' lang='lat' dir='ltr'><strong>adluit,</strong></span> <span class='ocrx_word' id='word_1_201' title='bbox 1455 3231 1603 3308; x_wconf 91' lang='lat' dir='ltr'><strong>dicente</strong></span> <span class='ocrx_word' id='word_1_202' title='bbox 1624 3231 1721 3336; x_wconf 80' lang='lat' dir='ltr'><strong>psal-</strong></span> 
     </span>
     <span class='ocr_line' id='line_1_23' title="bbox 305 3361 1722 3472; baseline 0 -34"><span class='ocrx_word' id='word_1_203' title='bbox 305 3387 409 3439; x_wconf 92' lang='lat' dir='ltr'><strong>mum</strong></span> <span class='ocrx_word' id='word_1_204' title='bbox 438 3363 536 3440; x_wconf 85' lang='lat' dir='ltr'><strong>Ecce</strong></span> <span class='ocrx_word' id='word_1_205' title='bbox 563 3391 666 3465; x_wconf 83' lang='lat' dir='ltr'><strong>quom</strong></span> <span class='ocrx_word' id='word_1_206' title='bbox 698 3365 835 3450; x_wconf 85' lang='lat' dir='ltr'><strong>bonum,</strong></span> <span class='ocrx_word' id='word_1_207' title='bbox 870 3381 907 3440; x_wconf 91' lang='lat' dir='ltr'><strong>et</strong></span> <span class='ocrx_word' id='word_1_208' title='bbox 936 3381 1155 3472; x_wconf 87' lang='lat' dir='ltr'><strong>aspergente</strong></span> <span class='ocrx_word' id='word_1_209' title='bbox 1181 3391 1314 3469; x_wconf 86' lang='lat' dir='ltr'><strong>aquam</strong></span> <span class='ocrx_word' id='word_1_210' title='bbox 1344 3361 1581 3443; x_wconf 86' lang='lat' dir='ltr'><strong>benedictam</strong></span> <span class='ocrx_word' id='word_1_211' title='bbox 1608 3390 1722 3468; x_wconf 89' lang='lat' dir='ltr'><strong>super</strong></span> 
     </span>
     <span class='ocr_line' id='line_1_24' title="bbox 304 3491 1720 3599; baseline 0 -31"><span class='ocrx_word' id='word_1_212' title='bbox 304 3519 411 3579; x_wconf 88' lang='lat' dir='ltr'><strong>eum,</strong></span> <span class='ocrx_word' id='word_1_213' title='bbox 434 3510 471 3569; x_wconf 90' lang='lat' dir='ltr'><strong>et</strong></span> <span class='ocrx_word' id='word_1_214' title='bbox 485 3510 656 3599; x_wconf 87' lang='lat' dir='ltr'><strong>receptor</strong></span> <span class='ocrx_word' id='word_1_215' title='bbox 670 3512 708 3571; x_wconf 90' lang='lat' dir='ltr'><strong>et</strong></span> <span class='ocrx_word' id='word_1_216' title='bbox 727 3495 790 3570; x_wconf 89' lang='lat' dir='ltr'><strong>alii</strong></span> <span class='ocrx_word' id='word_1_217' title='bbox 804 3492 959 3571; x_wconf 71' lang='lat' dir='ltr'><strong>fuerumt</strong></span> <span class='ocrx_word' id='word_1_218' title='bbox 974 3522 1062 3571; x_wconf 91' lang='lat' dir='ltr'><strong>eum</strong></span> <span class='ocrx_word' id='word_1_219' title='bbox 1083 3492 1239 3571; x_wconf 90' lang='lat' dir='ltr'><strong>osculati</strong></span> <span class='ocrx_word' id='word_1_220' title='bbox 1261 3493 1299 3570; x_wconf 90' lang='lat' dir='ltr'><strong>in</strong></span> <span class='ocrx_word' id='word_1_221' title='bbox 1315 3521 1393 3571; x_wconf 90' lang='lat' dir='ltr'><strong>ore.</strong></span> <span class='ocrx_word' id='word_1_222' title='bbox 1414 3491 1561 3569; x_wconf 86' lang='lat' dir='ltr'><strong>Deinde</strong></span> <span class='ocrx_word' id='word_1_223' title='bbox 1575 3509 1720 3568; x_wconf 88' lang='lat' dir='ltr'><strong>ostensa</strong></span> 
     </span>
     <span class='ocr_line' id='line_1_25' title="bbox 304 3620 1721 3729; baseline 0.001 -33"><span class='ocrx_word' id='word_1_224' title='bbox 304 3622 374 3699; x_wconf 89' lang='lat' dir='ltr'><strong>sibi</strong></span> <span class='ocrx_word' id='word_1_225' title='bbox 398 3623 559 3728; x_wconf 90' lang='lat' dir='ltr'><strong>quadam</strong></span> <span class='ocrx_word' id='word_1_226' title='bbox 592 3650 700 3700; x_wconf 88' lang='lat' dir='ltr'><strong>cruce</strong></span> <span class='ocrx_word' id='word_1_227' title='bbox 735 3624 782 3699; x_wconf 92' lang='lat' dir='ltr'><strong>ad</strong></span> <span class='ocrx_word' id='word_1_228' title='bbox 804 3641 943 3700; x_wconf 89' lang='lat' dir='ltr'><strong>terram</strong></span> <span class='ocrx_word' id='word_1_229' title='bbox 969 3649 1079 3728; x_wconf 84' lang='lat' dir='ltr'><strong>supra</strong></span> <span class='ocrx_word' id='word_1_230' title='bbox 1098 3620 1291 3729; x_wconf 90' lang='lat' dir='ltr'><strong>quoddam</strong></span> <span class='ocrx_word' id='word_1_231' title='bbox 1312 3638 1481 3728; x_wconf 89' lang='lat' dir='ltr'><strong>tapetum</strong></span> <span class='ocrx_word' id='word_1_232' title='bbox 1503 3622 1638 3726; x_wconf 86' lang='lat' dir='ltr'><strong>posita,</strong></span> <span class='ocrx_word' id='word_1_233' title='bbox 1661 3648 1721 3697; x_wconf 89' lang='lat' dir='ltr'><strong>ne·</strong></span> 
     </span>
     <span class='ocr_line' id='line_1_26' title="bbox 304 3750 1717 3858; baseline -0.001 -32"><span class='ocrx_word' id='word_1_234' title='bbox 304 3751 371 3828; x_wconf 91' lang='lat' dir='ltr'><strong>scit</strong></span> <span class='ocrx_word' id='word_1_235' title='bbox 400 3779 466 3858; x_wconf 89' lang='lat' dir='ltr'><strong>per</strong></span> <span class='ocrx_word' id='word_1_236' title='bbox 492 3779 607 3857; x_wconf 91' lang='lat' dir='ltr'><strong>quem</strong></span> <span class='ocrx_word' id='word_1_237' title='bbox 633 3751 758 3843; x_wconf 89' lang='lat' dir='ltr'><strong>allata,</strong></span> <span class='ocrx_word' id='word_1_238' title='bbox 781 3781 850 3830; x_wconf 89' lang='lat' dir='ltr'><strong>nec</strong></span> <span class='ocrx_word' id='word_1_239' title='bbox 875 3753 1093 3831; x_wconf 85' lang='lat' dir='ltr'><strong>recordatur</strong></span> <span class='ocrx_word' id='word_1_240' title='bbox 1121 3753 1151 3829; x_wconf 92' lang='lat' dir='ltr'><strong>si</strong></span> <span class='ocrx_word' id='word_1_241' title='bbox 1177 3768 1257 3829; x_wconf 89' lang='lat' dir='ltr'><strong>erat</strong></span> <span class='ocrx_word' id='word_1_242' title='bbox 1283 3751 1320 3827; x_wconf 95' lang='lat' dir='ltr'><strong>in</strong></span> <span class='ocrx_word' id='word_1_243' title='bbox 1357 3779 1398 3826; x_wconf 89' lang='lat' dir='ltr'><strong>ea</strong></span> <span class='ocrx_word' id='word_1_244' title='bbox 1424 3750 1547 3856; x_wconf 89' lang='lat' dir='ltr'><strong>aliqua</strong></span> <span class='ocrx_word' id='word_1_245' title='bbox 1567 3775 1717 3856; x_wconf 82' lang='lat' dir='ltr'><strong>ymago,</strong></span> 
     </span>
     <span class='ocr_line' id='line_1_27' title="bbox 304 3880 1721 3990; baseline 0 -36"><span class='ocrx_word' id='word_1_246' title='bbox 304 3880 406 3958; x_wconf 89' lang='lat' dir='ltr'><strong>idem</strong></span> <span class='ocrx_word' id='word_1_247' title='bbox 423 3898 594 3985; x_wconf 88' lang='lat' dir='ltr'><strong>receptor</strong></span> <span class='ocrx_word' id='word_1_248' title='bbox 627 3882 793 3986; x_wconf 88' lang='lat' dir='ltr'><strong>precepit</strong></span> <span class='ocrx_word' id='word_1_249' title='bbox 820 3882 854 3959; x_wconf 92' lang='lat' dir='ltr'><strong>ei</strong></span> <span class='ocrx_word' id='word_1_250' title='bbox 883 3883 987 3990; x_wconf 89' lang='lat' dir='ltr'><strong>quod</strong></span> <span class='ocrx_word' id='word_1_251' title='bbox 1007 3901 1158 3988; x_wconf 87' lang='lat' dir='ltr'><strong>spueret</strong></span> <span class='ocrx_word' id='word_1_252' title='bbox 1182 3909 1296 3987; x_wconf 91' lang='lat' dir='ltr'><strong>super</strong></span> <span class='ocrx_word' id='word_1_253' title='bbox 1323 3881 1459 3956; x_wconf 92' lang='lat' dir='ltr'><strong>dictam</strong></span> <span class='ocrx_word' id='word_1_254' title='bbox 1490 3905 1657 3967; x_wconf 89' lang='lat' dir='ltr'><strong>crucem,</strong></span> <span class='ocrx_word' id='word_1_255' title='bbox 1682 3894 1721 3954; x_wconf 91' lang='lat' dir='ltr'><strong>et</strong></span> 
     </span>
     <span class='ocr_line' id='line_1_28' title="bbox 302 4009 1717 4120; baseline -0.001 -35"><span class='ocrx_word' id='word_1_256' title='bbox 302 4009 383 4116; x_wconf 89' lang='lat' dir='ltr'><strong>ipse</strong></span> <span class='ocrx_word' id='word_1_257' title='bbox 403 4011 528 4098; x_wconf 86' lang='lat' dir='ltr'><strong>testis,</strong></span> <span class='ocrx_word' id='word_1_258' title='bbox 556 4012 783 4117; x_wconf 79' lang='lat' dir='ltr'><strong>stupefactus</strong></span> <span class='ocrx_word' id='word_1_259' title='bbox 810 4029 849 4088; x_wconf 87' lang='lat' dir='ltr'><strong>et</strong></span> <span class='ocrx_word' id='word_1_260' title='bbox 869 4013 1105 4120; x_wconf 86' lang='lat' dir='ltr'><strong>perterritus,</strong></span> <span class='ocrx_word' id='word_1_261' title='bbox 1133 4012 1235 4117; x_wconf 89' lang='lat' dir='ltr'><strong>spuit</strong></span> <span class='ocrx_word' id='word_1_262' title='bbox 1253 4039 1365 4116; x_wconf 88' lang='lat' dir='ltr'><strong>supra</strong></span> <span class='ocrx_word' id='word_1_263' title='bbox 1390 4009 1528 4085; x_wconf 89' lang='lat' dir='ltr'><strong>dictam</strong></span> <span class='ocrx_word' id='word_1_264' title='bbox 1548 4033 1717 4093; x_wconf 90' lang='lat' dir='ltr'><strong>crucem,</strong></span> 
     </span>
     <span class='ocr_line' id='line_1_29' title="bbox 303 4136 1719 4244; baseline 0.002 -32"><span class='ocrx_word' id='word_1_265' title='bbox 303 4138 538 4216; x_wconf 89' lang='lat' dir='ltr'><strong>cumdolore</strong></span> <span class='ocrx_word' id='word_1_266' title='bbox 562 4157 687 4217; x_wconf 71' lang='lat' dir='ltr'><strong>umen</strong></span> <span class='ocrx_word' id='word_1_267' title='bbox 714 4142 849 4219; x_wconf 90' lang='lat' dir='ltr'><strong>cordis.</strong></span> <span class='ocrx_word' id='word_1_268' title='bbox 881 4141 1129 4220; x_wconf 85' lang='lat' dir='ltr'><strong>Postmodum</strong></span> <span class='ocrx_word' id='word_1_269' title='bbox 1154 4139 1321 4244; x_wconf 87' lang='lat' dir='ltr'><strong>precepit</strong></span> <span class='ocrx_word' id='word_1_270' title='bbox 1345 4139 1379 4214; x_wconf 90' lang='lat' dir='ltr'><strong>ei</strong></span> <span class='ocrx_word' id='word_1_271' title='bbox 1403 4137 1507 4243; x_wconf 91' lang='lat' dir='ltr'><strong>quod</strong></span> <span class='ocrx_word' id='word_1_272' title='bbox 1532 4136 1719 4215; x_wconf 87' lang='lat' dir='ltr'><strong>osculare·</strong></span> 
     </span>
     <span class='ocr_line' id='line_1_30' title="bbox 303 4253 1720 4379; baseline 0.001 -37"><span class='ocrx_word' id='word_1_273' title='bbox 303 4285 366 4344; x_wconf 89' lang='lat' dir='ltr'><strong>tur</strong></span> <span class='ocrx_word' id='word_1_274' title='bbox 397 4253 489 4344; x_wconf 87' lang='lat' dir='ltr'><strong>eum</strong></span> <span class='ocrx_word' id='word_1_275' title='bbox 513 4269 550 4344; x_wconf 92' lang='lat' dir='ltr'><strong>in</strong></span> <span class='ocrx_word' id='word_1_276' title='bbox 588 4270 788 4356; x_wconf 89' lang='lat' dir='ltr'><strong>umbilico,</strong></span> <span class='ocrx_word' id='word_1_277' title='bbox 828 4288 866 4348; x_wconf 89' lang='lat' dir='ltr'><strong>et</strong></span> <span class='ocrx_word' id='word_1_278' title='bbox 897 4273 975 4379; x_wconf 87' lang='lat' dir='ltr'><strong>ipsc</strong></span> <span class='ocrx_word' id='word_1_279' title='bbox 1005 4269 1110 4346; x_wconf 89' lang='lat' dir='ltr'><strong>testis</strong></span> <span class='ocrx_word' id='word_1_280' title='bbox 1139 4267 1328 4344; x_wconf 88' lang='lat' dir='ltr'><strong>osculatus</strong></span> <span class='ocrx_word' id='word_1_281' title='bbox 1362 4268 1433 4344; x_wconf 84' lang='lat' dir='ltr'><strong>luit</strong></span> <span class='ocrx_word' id='word_1_282' title='bbox 1469 4294 1557 4344; x_wconf 89' lang='lat' dir='ltr'><strong>eum</strong></span> <span class='ocrx_word' id='word_1_283' title='bbox 1583 4267 1635 4344; x_wconf 89' lang='lat' dir='ltr'><strong>ibi</strong></span> <span class='ocrx_word' id='word_1_284' title='bbox 1662 4266 1720 4346; x_wconf 86' lang='lat' dir='ltr'><strong>vel</strong></span> 
     </span>
     <span class='ocr_line' id='line_1_31' title="bbox 303 4396 1719 4505; baseline 0 -32"><span class='ocrx_word' id='word_1_285' title='bbox 303 4396 417 4483; x_wconf 86' lang='lat' dir='ltr'><strong>circa,</strong></span> <span class='ocrx_word' id='word_1_286' title='bbox 439 4398 477 4472; x_wconf 89' lang='lat' dir='ltr'><strong>in</strong></span> <span class='ocrx_word' id='word_1_287' title='bbox 500 4426 608 4473; x_wconf 91' lang='lat' dir='ltr'><strong>carne</strong></span> <span class='ocrx_word' id='word_1_288' title='bbox 632 4399 743 4474; x_wconf 87' lang='lat' dir='ltr'><strong>nuda.</strong></span> <span class='ocrx_word' id='word_1_289' title='bbox 768 4399 915 4475; x_wconf 84' lang='lat' dir='ltr'><strong>Deinde</strong></span> <span class='ocrx_word' id='word_1_290' title='bbox 934 4398 1101 4505; x_wconf 85' lang='lat' dir='ltr'><strong>precepit</strong></span> <span class='ocrx_word' id='word_1_291' title='bbox 1126 4398 1158 4475; x_wconf 87' lang='lat' dir='ltr'><strong>ei</strong></span> <span class='ocrx_word' id='word_1_292' title='bbox 1184 4396 1288 4504; x_wconf 93' lang='lat' dir='ltr'><strong>quod</strong></span> <span class='ocrx_word' id='word_1_293' title='bbox 1316 4397 1546 4474; x_wconf 89' lang='lat' dir='ltr'><strong>oscularetur</strong></span> <span class='ocrx_word' id='word_1_294' title='bbox 1566 4425 1654 4473; x_wconf 93' lang='lat' dir='ltr'><strong>eum</strong></span> <span class='ocrx_word' id='word_1_295' title='bbox 1680 4397 1719 4473; x_wconf 93' lang='lat' dir='ltr'><strong>in</strong></span> 
     </span>
    </p>
   </div>
   <div class='ocr_carea' id='block_1_3' title="bbox 301 4525 1721 4897">
    <p class='ocr_par' dir='ltr' id='par_1_3' title="bbox 301 4525 1721 4897">
     <span class='ocr_line' id='line_1_32' title="bbox 302 4525 1716 4639; baseline 0.001 -36"><span class='ocrx_word' id='word_1_296' title='bbox 302 4526 433 4614; x_wconf 90' lang='lat' dir='ltr'><strong>dorso,</strong></span> <span class='ocrx_word' id='word_1_297' title='bbox 457 4527 592 4632; x_wconf 85' lang='lat' dir='ltr'><strong>etipse</strong></span> <span class='ocrx_word' id='word_1_298' title='bbox 617 4527 690 4604; x_wconf 85' lang='lat' dir='ltr'><strong>luit</strong></span> <span class='ocrx_word' id='word_1_299' title='bbox 707 4555 794 4605; x_wconf 92' lang='lat' dir='ltr'><strong>eum</strong></span> <span class='ocrx_word' id='word_1_300' title='bbox 810 4528 998 4639; x_wconf 81' lang='lat' dir='ltr'><strong>osculatus</strong></span> <span class='ocrx_word' id='word_1_301' title='bbox 1023 4556 1136 4633; x_wconf 91' lang='lat' dir='ltr'><strong>super</strong></span> <span class='ocrx_word' id='word_1_302' title='bbox 1155 4555 1302 4615; x_wconf 86' lang='lat' dir='ltr'><strong>zonam,</strong></span> <span class='ocrx_word' id='word_1_303' title='bbox 1323 4556 1399 4606; x_wconf 93' lang='lat' dir='ltr'><strong>non</strong></span> <span class='ocrx_word' id='word_1_304' title='bbox 1424 4529 1462 4604; x_wconf 94' lang='lat' dir='ltr'><strong>in</strong></span> <span class='ocrx_word' id='word_1_305' title='bbox 1478 4554 1588 4604; x_wconf 88' lang='lat' dir='ltr'><strong>carne</strong></span> <span class='ocrx_word' id='word_1_306' title='bbox 1604 4525 1716 4604; x_wconf 85' lang='lat' dir='ltr'><strong>nuda.</strong></span> 
     </span>
     <span class='ocr_line' id='line_1_33' title="bbox 301 4641 1719 4766; baseline 0 -30"><span class='ocrx_word' id='word_1_307' title='bbox 301 4660 515 4766; x_wconf 85' lang='lat' dir='ltr'><strong>Requisitus</strong></span> <span class='ocrx_word' id='word_1_308' title='bbox 543 4660 572 4734; x_wconf 88' lang='lat' dir='ltr'><strong>si</strong></span> <span class='ocrx_word' id='word_1_309' title='bbox 596 4660 666 4737; x_wconf 91' lang='lat' dir='ltr'><strong>alia</strong></span> <span class='ocrx_word' id='word_1_310' title='bbox 687 4641 884 4738; x_wconf 80' lang='lat' dir='ltr'><strong>inhonesta</strong></span> <span class='ocrx_word' id='word_1_311' title='bbox 908 4660 1191 4738; x_wconf 84' lang='lat' dir='ltr'><strong>intervenerunt</strong></span> <span class='ocrx_word' id='word_1_312' title='bbox 1210 4659 1249 4736; x_wconf 91' lang='lat' dir='ltr'><strong>in</strong></span> <span class='ocrx_word' id='word_1_313' title='bbox 1283 4660 1380 4736; x_wconf 90' lang='lat' dir='ltr'><strong>dicta</strong></span> <span class='ocrx_word' id='word_1_314' title='bbox 1405 4687 1471 4736; x_wconf 90' lang='lat' dir='ltr'><strong>sua</strong></span> <span class='ocrx_word' id='word_1_315' title='bbox 1500 4659 1719 4764; x_wconf 84' lang='lat' dir='ltr'><strong>recepciono</strong></span> 
     </span>
     <span class='ocr_line' id='line_1_34' title="bbox 303 4789 1721 4897; baseline 0.001 -32"><span class='ocrx_word' id='word_1_316' title='bbox 303 4790 358 4866; x_wconf 87' lang='lat' dir='ltr'><strong>vel</strong></span> <span class='ocrx_word' id='word_1_317' title='bbox 388 4808 489 4897; x_wconf 88' lang='lat' dir='ltr'><strong>post,</strong></span> <span class='ocrx_word' id='word_1_318' title='bbox 514 4790 707 4895; x_wconf 88' lang='lat' dir='ltr'><strong>respondit</strong></span> <span class='ocrx_word' id='word_1_319' title='bbox 734 4790 839 4896; x_wconf 90' lang='lat' dir='ltr'><strong>quod</strong></span> <span class='ocrx_word' id='word_1_320' title='bbox 866 4818 953 4867; x_wconf 91' lang='lat' dir='ltr'><strong>non.</strong></span> <span class='ocrx_word' id='word_1_321' title='bbox 984 4790 1198 4896; x_wconf 84' lang='lat' dir='ltr'><strong>Requisitus</strong></span> <span class='ocrx_word' id='word_1_322' title='bbox 1223 4790 1252 4867; x_wconf 89' lang='lat' dir='ltr'><strong>si</strong></span> <span class='ocrx_word' id='word_1_323' title='bbox 1282 4790 1401 4866; x_wconf 89' lang='lat' dir='ltr'><strong>credit</strong></span> <span class='ocrx_word' id='word_1_324' title='bbox 1424 4791 1529 4896; x_wconf 90' lang='lat' dir='ltr'><strong>quod</strong></span> <span class='ocrx_word' id='word_1_325' title='bbox 1553 4789 1721 4896; x_wconf 77' lang='lat' dir='ltr'><strong>predicta</strong></span> 
     </span>
    </p>
   </div>
   <div class='ocr_carea' id='block_1_4' title="bbox 1564 4947 1613 4986">
    <p class='ocr_par' dir='ltr' id='par_1_4' title="bbox 1564 4947 1613 4986">
     <span class='ocr_line' id='line_1_35' title="bbox 1564 4947 1613 4986; baseline -0.02 0"><span class='ocrx_word' id='word_1_326' title='bbox 1564 4947 1613 4986; x_wconf 78' lang='lat'><strong>21.</strong></span> 
     </span>
    </p>
   </div>
   <div class='ocr_carea' id='block_1_5' title="bbox 0 0 2120 5956">
    <p class='ocr_par' dir='ltr' id='par_1_5' title="bbox 0 0 2120 5956">
     <span class='ocr_line' id='line_1_36' title="bbox 0 0 2120 5956; baseline 0 0"><span class='ocrx_word' id='word_1_327' title='bbox 0 0 2120 5956; x_wconf 95' lang='lat' dir='ltr'><strong> </strong></span> 
     </span>
    </p>
   </div>
  </div>
 </body>
</html>
