4230 5956
439 450 513 522 sao
820 424 1014 519 raocts
1044 440 1142 515 ons
1172 441 1479 517 nausimus.

438 582 843 688 comedendum,.quia
867 609 944 661 non
968 599 1047 670 erat
1072 583 1264 686 inceptum
1287 581 1327 657 in
1355 609 1422 672 eo,
1449 597 1488 659 st
1505 581 1785 692 intelligebatur
1809 589 1857 668 de

436 719 600 829 quodam
621 714 819 822 propheta,
841 713 945 819 quod
963 714 1120 821 longum
1146 728 1243 789 esset
1270 738 1466 802 ennararea
1488 713 1621 820 etipse
1638 717 1744 795 testis
1762 719 1858 798 dixit

377 878 383 891 ·
435 851 540 956 quod
575 846 729 956 quidam
764 861 845 920 erat
871 843 1053 949 propheta
1085 842 1158 949 qui<
1175 840 1375 951 vocabatur
1400 844 1539 930 lesus,
1553 843 1734 950 adjiciens
1751 849 1856 955 quod

435 978 544 1059 nullo
563 977 678 1055 modo
703 1001 814 1051 ausus
833 990 931 1052 esset
944 990 1073 1079 petere
1088 973 1135 1065 de
1154 971 1337 1078 predictis
1358 1002 1379 1048 a
1403 973 1661 1078 superioribus
1678 977 1765 1055 suis.
1783 981 1856 1057 Re-

436 1110 596 1217 qnisitus
629 1106 659 1182 si
686 1103 851 1210 predicta
888 1100 1015 1180 illicita
1042 1102 1299 1179 'communiter
1331 1121 1369 1181 et
1390 1102 1535 1210 ubique
1558 1103 1858 1186 interveniebant

435 1241 475 1316 in
495 1234 777 1343 recepcionibus
803 1233 964 1310 aliorum
984 1231 1141 1310 fratrum
1163 1231 1307 1310 ordinis
1320 1232 1378 1311 vel
1398 1250 1498 1338 post,
1516 1234 1715 1340 respondit
1730 1266 1770 1315 se
1785 1267 1860 1316 cre·

437 1371 526 1449 dere
544 1368 648 1475 quod
668 1366 737 1456 sic,
754 1363 822 1441 sed
841 1366 915 1441 hoc
933 1363 1043 1441 aliter
1056 1360 1263 1452 nesciebat,
1281 1362 1369 1469 quia
1392 1391 1470 1442 non
1489 1363 1633 1444 viderat
1645 1366 1747 1457 fieri,
1770 1367 1858 1446 licet

435 1497 569 1577 viderit
597 1496 743 1601 aliquos
768 1494 883 1601 recipi
909 1495 947 1571 in
976 1493 1110 1570 ordine
1141 1493 1371 1598 supradicto,
1401 1511 1439 1573 et
1464 1494 1675 1601 specialiter
1702 1497 1853 1575 fratrem

434 1629 683 1708 bertrandum
715 1625 763 1703 dc
779 1625 982 1703 Villaribus
1010 1640 1269 1730 preceptorem
1297 1623 1345 1703 de
1372 1627 1478 1732 Rupe
1501 1627 1627 1704 Sancti
1651 1627 1773 1720 Pauli,
1800 1647 1854 1707 te-

435 1777 531 1837 stem
548 1786 659 1864 supra
672 1758 938 1844 examinatum,
957 1756 997 1833 in
1009 1754 1174 1863 predicta
1191 1752 1331 1860 capella
1345 1755 1393 1833 de
1406 1755 1609 1849 Paulhaco,
1626 1785 1695 1862 per
1711 1758 1853 1836 dictum

440 1890 592 1967 lintrem
611 1890 820 1966 lohannem
842 1887 897 1963 las
912 1884 1142 1973 Cbausadas‚
1158 1903 1246 1962 sunt
1265 1885 1413 1966 circiter
1430 1912 1477 1964 xx
1493 1887 1599 1978 anni,
1617 1889 1854 1993 presentibus

434 2019 610 2098 fratribus
630 2019 804 2096 Dionisio
828 2017 1017 2122 predicto,
1046 2019 1157 2093 Petro
1182 2016 1374 2122 Raynsudi
1396 2033 1436 2093 et
1458 2016 1626 2096 Gerardo
1652 2018 1700 2094 de
1721 2019 1855 2096 Sancto

434 2151 649 2237 Martineto,
682 2150 719 2225 in
747 2149 844 2227 dicta
865 2148 979 2225 domo
1005 2145 1275 2235 residentibus,
1309 2146 1529 2237 deffunctis3
1555 2163 1593 2224 et
1611 2146 1765 2233 fratrem
1783 2149 1856 2257 Ay-

435 2279 616 2354 mericum
638 2279 684 2353 de
705 2277 903 2354 Masualier
911 2278 1105 2386 juniorem
1125 2277 1365 2366 servientem,
1387 2278 1665 2356 Lemovicensis
1678 2279 1852 2367 diocesis,

435 2432 548 2513 quem
580 2424 772 2512 receperat
803 2406 916 2484 srater
944 2408 1162 2515 lymericus
1188 2408 1236 2486 de
1262 2407 1464 2489 Masualier
1487 2410 1624 2500 senior,
1651 2411 1856 2488 avunculus

435 2537 531 2615 dicti*
551 2538 755 2645 Aymerici,
784 2554 982 2643 preceptor
1009 2555 1101 2616 tunc
1130 2537 1268 2615 domus
1290 2538 1440 2643 Templi
1467 2538 1588 2616 blansi
1618 2540 1689 2618 Dei
1715 2540 1763 2618 de
1783 2540 1855 2617 Lo.-

433 2670 537 2755 bertz
559 2669 833 2747 Lemovicensis
854 2670 1032 2762 diocesis,
1058 2669 1098 2746 in
1126 2667 1269 2775 capella
1288 2669 1387 2747 dicte
1408 2667 1565 2757 domus,
1595 2687 1686 2748 sunt
1711 2670 1857 2748 circiter

434 2826 478 2879 xv
495 2802 598 2893 anni,
621 2799 857 2907 presentibus
883 2799 1061 2879 iratribus
1088 2798 1296 2879 Guillelmo
1324 2797 1510 2907 Aymerici
1540 2818 1759 2906 preceptore
1788 2802 1856 2880 do-

434 2960 519 3010 mus
534 2933 683 3038 Templi
705 2933 752 3009 de
769 2932 983 3038 Champens
1002 2929 1279 3010 Lemovicensis
1294 2931 1472 3023 diocesis,
1490 2930 1642 3010 detento
1658 2932 1699 3006 in
1719 2933 1855 3009 umo-

433 3061 583 3149 vicinio,
605 3077 642 3138 et
667 3061 845 3140 Amaudo
867 3063 914 3138 da
932 3062 1059 3140 Brolio
1086 3060 1277 3170 quondam
1303 3060 1351 3138 de
1376 3060 1535 3138 Pictavia
1561 3059 1761 3151 serviente;
1786 3063 1855 3139 sed

433 3207 518 3267 voto
541 3191 678 3268 emisso
704 3221 772 3296 per
797 3191 985 3297 predictos
1010 3209 1048 3270 et
1065 3192 1243 3298 imposito
1272 3192 1326 3268 eis
1343 3191 1543 3282 mantello,
1572 3191 1653 3297 ipse
1670 3191 1777 3270 testis
1795 3220 1855 3269 re-

433 3323 557 3410 cessit,
579 3323 668 3427 quia
690 3340 902 3429 receptores
929 3323 1103 3402 dicebant
1127 3326 1233 3432 quod
1259 3325 1480 3402 recederent
1507 3325 1573 3431 qui
1593 3327 1771 3404 recedere
1793 3354 1856 3404 vo-

433 3452 563 3530 lebant
578 3469 616 3530 et
636 3453 756 3530 officia
773 3455 966 3562 gerebant3
990 3472 1027 3531 et
1054 3456 1140 3533 ideo
1163 3456 1283 3533 nescit
1303 3456 1410 3561 quod
1434 3472 1570 3534 extunc
1589 3457 1765 3563 agebant,
1787 3457 1854 3534 sed

435 3583 553 3661 credit
572 3584 678 3690 quod
700 3584 991 3691 abnegacionem
1014 3603 1052 3662 et
1071 3586 1304 3691 spuicionem
1330 3585 1495 3663 lacerent
1513 3587 1754 3694 supradictas.
1775 3586 1856 3664 Plu·

433 3719 532 3793 rium
565 3716 850 3824 recepcionibns
878 3745 917 3793 se
949 3746 1024 3793 non
1057 3717 1189 3795 recolit
1216 3716 1391 3795 adfuisse.
1425 3718 1537 3803 Item,
1565 3717 1658 3794 dixit
1682 3716 1786 3822 quod
1814 3717 1853 3793 in

435 3846 495 3923 die
511 3849 667 3926 Veneris
687 3865 811 3925 sancta
832 3848 964 3924 devote
984 3865 1021 3924 et
1041 3864 1253 3926 reverenter
1267 3847 1475 3925 adorabant
1496 3874 1663 3932 crucem,
1685 3863 1724 3922 et
1745 3845 1851 3950 quod

434 3979 710 4056 confitebantur
734 3978 990 4056 sacerdotibus
1017 3979 1160 4056 ordinis
1180 3994 1219 4056 et
1237 3974 1565 4055 communicabant
1591 3993 1650 4054 ter
1670 3977 1710 4051 in
1730 4003 1852 4063 anno;

435 4123 472 4181 et
492 4107 610 4183 credit
627 4110 731 4213 quod
743 4108 840 4186 benc
861 4109 1057 4189 crederent
1077 4108 1333 4187 ecclesiasticis
1352 4107 1609 4194 sacramentis,
1622 4104 1760 4212 quibus
1775 4105 1854 4212 ipse

433 4239 532 4316 bene
548 4241 738 4330 credebat,
760 4258 800 4319 et
814 4243 918 4350 quod
943 4272 1074 4321 eorum
1095 4241 1306 4320 sacerdotes
1326 4240 1455 4318 debite
1475 4238 1721 4317 celebrarent.
1744 4236 1855 4315 Clan-

435 4371 580 4449 destine
606 4372 892 4478 recipiebantur,
920 4375 1035 4452 nullis
1059 4373 1298 4480 presentibus
1324 4370 1597 4478 nisi-fratribus
1625 4367 1784 4457 ordinis,
1811 4395 1855 4445 ex

434 4530 511 4605 quo
536 4503 646 4579 multi
671 4502 957 4578 murmurabant
975 4518 1103 4581 contra
1124 4531 1207 4591 eos;
1234 4501 1372 4608 etipse
1394 4500 1500 4578 testis
1519 4498 1740 4606 frequenter
1762 4497 1855 4575 dixit

436 4629 611 4708 fratribus
638 4633 782 4709 ordinis
813 4631 918 4738 quod
948 4632 1112 4708 multum
1142 4634 1274 4711 fuisset
1294 4631 1498 4739 expediens
1516 4629 1643 4708 ordini
1664 4628 1769 4737 quod
1789 4654 1854 4705 eo-

435 4774 517 4835 rum
550 4764 788 4865 recepciones
820 4762 955 4839 fierent
980 4761 1145 4867 publice,
1178 4765 1217 4839 in
1241 4763 1416 4869 capitulis
1444 4761 1688 4868 generalibus
1704 4785 1852 4835 eorum·
