4230 5956
456 450 531 522 ais
843 423 1038 519 moces
1064 442 1159 514 ons
1185 441 1485 513 ienensis

456 606 558 665 tutus
576 586 687 663 irater
706 582 892 663 lohannes
912 585 960 661 de
979 586 1094 662 Ponte
1115 582 1306 688 Episcopi,
1333 582 1441 658 etatis
1467 596 1592 660 numur
1612 606 1794 664 annorum
1816 591 1871 666 vel

456 719 567 807 circa,
586 716 808 794 senescallus
827 718 867 791 in
888 716 1002 793 domo
1015 714 1062 791 de
1077 713 1308 792 Montecuria
1322 713 1362 788 in
1377 713 1633 806 Viromandis,
1649 717 1793 796 ordinis
1809 721 1874 794 mi-

455 848 539 925 licie
567 846 732 951 Templi,
748 847 895 952 juratus
919 845 967 921 ad
992 861 1113 928 sancta
1139 842 1209 920 Dei
1231 841 1429 948 Evangelia
1447 859 1543 920 tacta
1562 847 1805 950 corporaliter
1826 851 1872 925 ab

409 1008 414 1018 ·
456 978 611 1064 eodem,
634 994 670 1052 et
688 976 888 1081 requisitus
905 975 953 1050 de
968 1000 1006 1082 se
1028 992 1066 1051 et
1084 973 1164 1049 aliis
1183 973 1271 1049 dicti
1292 972 1437 1049 ordinis
1456 1000 1570 1078 super
1594 974 1695 1052 dicto
1718 978 1871 1055 crimine

457 1107 587 1184 delatis
605 1105 729 1182 dicere
750 1104 788 1179 in
807 1132 915 1181 causa
939 1103 1028 1181 fidei
1047 1103 1254 1191 veritatem,
1283 1101 1377 1178 dixit
1402 1129 1470 1207 per
1487 1103 1745 1208 juramentum
1765 1135 1872 1184 suum

456 1236 561 1342 quod
575 1235 671 1312 bene
690 1251 779 1310 sunt
792 1263 854 1310 sex
874 1232 958 1309 anni
973 1233 1032 1309 vel
1044 1232 1138 1308 circa
1157 1230 1271 1337 elapsi
1286 1231 1393 1339 quod
1415 1230 1487 1308 fuit
1505 1250 1679 1339 receptus
1700 1237 1741 1311 in
1759 1234 1873 1312 domo

457 1365 505 1442 da
520 1365 626 1444 Sanci
646 1391 762 1469 prope
781 1365 938 1451 Trecas,
952 1392 1019 1469 per
1041 1363 1192 1440 fratrem
1211 1361 1451 1466 Radulphum
1472 1362 1520 1438 de
1541 1360 1622 1442 Gisi
1640 1383 1874 1472 receptorem

457 1494 656 1600 Campania
681 1494 885 1600 quondam,
910 1494 957 1569 de
978 1493 1153 1570 mandato
1173 1491 1294 1569 fratris
1312 1491 1480 1597 Hugonis
1496 1491 1544 1570 de
1565 1495 1733 1571 Parando
1752 1495 1874 1572 visita—

456 1625 547 1702 toris
565 1625 730 1701 Francia.

498 1757 606 1833 ,ltem
621 1755 713 1831 dixit
726 1781 794 1860 per
808 1755 1063 1861 juramentum
1077 1781 1187 1831 suum
1203 1753 1322 1858 quod,
1346 1781 1392 1829 eo
1412 1771 1577 1859 recepto,
1595 1755 1806 1862 juramento
1824 1757 1870 1832 ab

458 1914 504 1963 eo
522 1887 678 1993 prestito
699 1884 746 1962 de
766 1886 912 1963 statutis
932 1902 970 1961 et
989 1876 1139 1962 secretis
1159 1883 1301 1960 ordinis
1317 1882 1569 1973 observandis,
1582 1898 1621 1960 et
1634 1885 1811 1962 mantello
1826 1885 1872 1960 ad

458 2016 594 2094 collum
607 2017 745 2122 posito,
763 2015 998 2120 presentibus
1017 2013 1190 2090 fratribus
1207 2012 1375 2093 Jobanne
1388 2013 1608 2120 Leujambe,
1629 2012 1812 2092 Gaulrido
1828 2016 1873 2091 de

457 2146 601 2223 Trachc
621 2162 658 2221 et
671 2145 895 2251 quibusdam
913 2144 996 2221 aliis
1016 2145 1062 2220 de
1082 2170 1244 2250 quorum
1258 2141 1476 2221 nominibus
1495 2169 1571 2220 non
1590 2143 1737 2231 recolit,
1753 2144 1878 2220 dictus-

457 2273 567 2351 frater
585 2273 804 2379 Radulphus
822 2273 986 2350 ostendit
1005 2274 1076 2348 sibi
1088 2273 1136 2349 ad
1148 2290 1293 2377 partem
1303 2272 1503 2379 quamdam
1519 2300 1669 2350 crucem
1681 2294 1767 2349 cum
1780 2301 1874 2380 yma-

391 2471 393 2475 ,
457 2405 543 2511 gine
562 2403 678 2499 Jhesu
696 2403 833 2480 Christi
857 2400 1036 2489 crucifixi,
1058 2419 1096 2478 et
1121 2401 1212 2477 dixit
1228 2402 1297 2479 sibi
1324 2402 1430 2509 quod
1450 2404 1646 2507 oportebat
1663 2403 1766 2509 quod
1787 2432 1872 2479 eum
1924 2446 1931 2457 =

457 2532 654 2638 abnegaret
668 2533 774 2639 cujus
788 2559 918 2639 ymago
938 2528 1103 2637 predicta
1119 2548 1197 2607 erat
1216 2531 1269 2608 ibi
1286 2549 1355 2620 ter,
1368 2532 1578 2638 precipiens
1592 2532 1663 2610 sibi
1682 2534 1788 2639 quod
1804 2534 1874 2610 hoc

458 2662 609 2751 laceret,
633 2679 671 2739 et
683 2680 742 2738 ter
756 2677 906 2767 spueret
924 2689 1035 2766 supra
1055 2689 1212 2737 crucem.
1230 2662 1278 2736 Et
1296 2662 1374 2767 ipse
1394 2662 1572 2738 recusavit
1586 2661 1659 2739 hoc
1676 2660 1795 2740 facere
1811 2663 1875 2740 ali-

458 2793 696 2898 quantulum,
719 2809 756 2868 ct
778 2789 937 2866 finaliter
955 2791 1034 2895 ipse
1059 2790 1252 2898 abnegavit
1277 2817 1443 2905 crucem,
1456 2792 1530 2868 sed
1544 2816 1623 2868 non
1638 2793 1873 2898 crucifixum,

457 2949 528 3029 neo
540 2923 651 3000 illum
671 2922 776 3028 cujus
796 2939 874 3020 erat
891 2949 1022 3026 ymago
1040 2921 1223 3026 predicta,
1248 2937 1286 2996 et
1304 2921 1411 2996 finxit
1427 2946 1467 2996 se
1484 2908 1748 3026 spuere‘semel
1763 2951 1875 3029 snper

458 3079 625 3138 crucem,
648 3069 686 3127 et
698 3050 798 3154 spuit
816 3049 921 3136 alibi,
937 3050 1024 3154 quia
1039 3050 1206 3154 predicta
1219 3077 1297 3127 non
1315 3048 1474 3128 faciebat
1484 3078 1528 3127 ex
1538 3048 1650 3127 corde
1660 3084 1673 3138 ,·
1691 3049 1779 3128 licet
1795 3080 1870 3128 ore.

458 3180 504 3255 Et
522 3179 705 3283 predictas
724 3179 1013 3282 abnegationem
1029 3195 1067 3255 et
1082 3179 1311 3284 spuicionem
1331 3178 1421 3256 fecit
1438 3208 1506 3285 pro
1520 3207 1585 3271 eo,
1605 3195 1649 3256 ut
1661 3180 1770 3269 dixit,
1786 3183 1872 3284 quia

459 3306 520 3383 alii
538 3306 668 3382 fratres
687 3307 775 3383 dicti
797 3307 939 3383 ordinis
957 3325 1147 3411 presentes
1166 3308 1337 3385 dicebant
1353 3310 1424 3387 sibi
1440 3311 1545 3415 quod
1560 3311 1754 3417 oportebat
1769 3313 1873 3417 quod

459 3437 530 3512 hoc
558 3437 704 3512 laceret.
730 3436 830 3513 Dixit
850 3437 965 3512 eciam
997 3438 1101 3542 quod
1125 3438 1248 3514 dictus
1272 3439 1457 3542 recipiens
1483 3441 1650 3546 precepit
1674 3441 1744 3518 sibi
1771 3443 1874 3545 quod

459 3568 687 3643 oscularetur
705 3595 791 3643 eum
816 3568 853 3640 in
869 3566 1065 3654 umbilico,
1090 3567 1220 3644 nolens
1235 3596 1273 3644 se
1293 3587 1445 3673 propter
1465 3570 1537 3645 hoc
1552 3569 1819 3676 discooperire;
1837 3590 1874 3646 et

458 3696 536 3803 ipse
554 3713 724 3801 receptus
745 3695 837 3773 dixit
852 3695 954 3800 quod
972 3724 1048 3772 non
1068 3696 1214 3774 faceret.
1232 3700 1279 3775 Et
1295 3714 1384 3775 tunc
1400 3697 1521 3774 dictus
1533 3700 1716 3804 recipiens
1733 3700 1873 3775 dimisit

459 3855 563 3914 eum,
579 3827 665 3932 quia
679 3825 873 3902 festinabat
892 3854 931 3901 se
946 3843 983 3901 et
1001 3826 1148 3904 volebat
1168 3829 1222 3904 ire
1237 3827 1284 3904 ad
1300 3828 1382 3903 dies
1401 3830 1620 3918 Treccnses,
1648 3846 1685 3905 et
1707 3829 1873 3932 precepit

459 3954 540 4030 aliis
548 3956 723 4031 fratribus
732 3955 835 4059 quod
848 3956 1085 4032 ostenderent
1097 3957 1166 4032 sibi
1176 4017 1184 4045 ,
1196 3974 1232 4032 et
1243 3957 1469 4033 instruerent
1477 3986 1563 4033 eum
1573 3975 1708 4063 puncta
1718 3958 1871 4034 ordinis.

514 4085 604 4158 Item
626 4084 718 4162 dixit
727 4114 794 4190 per
804 4087 1059 4191 juramentum
1074 4115 1182 4163 suum
1198 4087 1301 4191 quod
1317 4087 1396 4191 ipse
1416 4087 1604 4164 confessus
1624 4088 1695 4165 fuit
1709 4090 1873 4193 predicta
1991 4142 1993 4146 ψ

458 4210 552 4289 infra
572 4242 712 4290 annum
733 4217 960 4321 recepcionis
982 4245 1047 4294 sue
1067 4218 1214 4293 cuidam
1234 4215 1333 4294 fratri
1354 4217 1497 4295 ordinis
1516 4218 1704 4295 Minorum
1719 4218 1766 4293 de
1783 4220 1874 4294 Tre·

458 4345 525 4434 cis,
544 4345 609 4451 qui
629 4347 786 4452 injunxit
799 4348 867 4425 sibi
888 4376 957 4455 pro
971 4349 1176 4454 penitencie
1194 4349 1299 4454 quod
1313 4349 1499 4456 jejunaret
1518 4351 1619 4426 omni
1641 4349 1702 4425 die
1721 4350 1874 4427 Veneris

459 4502 577 4582 usque
595 4476 642 4552 ad
662 4505 801 4553 annum
818 4479 898 4554 sine
916 4479 1074 4556 camisia.

512 4607 604 4682 Item
619 4609 820 4712 requisitus
839 4626 964 4684 utrum
985 4609 1035 4695 vi,
1061 4608 1120 4684 vel
1142 4627 1245 4685 metu
1268 4610 1425 4685 carceris
1448 4628 1512 4686 aut
1527 4610 1718 4697 tormenti,
1743 4609 1877 4684 dixerit

460 4733 499 4807 in
508 4738 697 4837 premissis
707 4736 766 4814 vel
776 4739 1018 4814 immiscuerit
1031 4738 1192 4844 aliquam
1200 4738 1410 4828 falsitatem,
1420 4741 1479 4817 vel
1485 4739 1704 4818 subticuerit
1713 4738 1872 4843 aliquam
