4230 5956
439 475 509 541 170
821 444 1016 535 procis
1043 462 1137 532 ons
1163 460 1463 535 TEMPLtEttS.

435 609 611 686 mandato
641 607 773 713 ipsius,
800 603 872 681 luit
895 602 1085 682 osculatus
1109 603 1149 677 in
1174 601 1356 680 umbilico
1379 633 1494 712 super
1512 634 1661 685 earnem
1691 615 1847 693 nudam.

434 737 531 814 Cum
552 737 697 815 fecisset
717 763 803 813 eum
824 734 946 839 primo
968 760 1099 809 vovere
1119 748 1156 809 et
1172 734 1301 840 jurare
1321 734 1543 828 castitatem,
1567 737 1848 836 obedienciam,

435 885 472 942 et
487 871 609 944 vivere
634 870 713 945 sine
734 866 905 972 proprio,
933 892 1075 940 servare
1097 861 1218 941 bonos
1241 891 1332 940 usus
1354 881 1392 940 et
1420 864 1538 943 bonas
1557 875 1850 954 consuetudines

435 998 594 1090 ordinis,
608 1017 645 1074 et
663 995 903 1103 imposuisset
916 995 950 1071 ei
966 991 1207 1082 mantellum,
1225 1011 1264 1071 et
1277 993 1409 1073 luisset
1421 1025 1510 1073 eum
1525 997 1715 1084 osculatus
1733 1004 1773 1080 in
1784 1032 1849 1084 ore

435 1156 509 1203 una
531 1157 616 1204 cum
641 1127 861 1216 astantibus,
885 1124 977 1200 dixit
996 1123 1030 1199 ei
1052 1124 1205 1229 insuper
1223 1125 1326 1228 quod
1346 1123 1523 1204 fratribus
1542 1128 1686 1207 ordinis
1707 1152 1852 1238 poterat

435 1258 631 1334 carnaliter
658 1256 892 1334 commisceri
920 1272 958 1330 et
984 1254 1053 1360 ipsi
1082 1282 1167 1329 cum
1198 1279 1263 1339 eo;
1292 1254 1363 1331 hoc
1391 1271 1520 1333 mmen
1550 1286 1627 1337 non
1653 1259 1756 1354 lecit,
1783 1290 1852 1343 nec

435 1387 579 1463 audivit
593 1388 665 1464 dici
681 1387 784 1493 quod
799 1386 898 1462 dicta
913 1382 1043 1461 illicita
1061 1383 1119 1459 vel
1137 1382 1208 1459 alia
1227 1384 1498 1464 intervenirent
1512 1388 1551 1463 in
1566 1392 1850 1499 reeepcionibus
1889 1384 1893 1391 ¹

434 1516 594 1593 aliorum
616 1516 772 1592 fratrum
797 1514 853 1590 vel
877 1531 981 1620 post;
1017 1541 1087 1589 nec
1112 1513 1180 1588 scit
1204 1513 1309 1619 quod
1329 1515 1457 1592 credat
1483 1546 1598 1624 super
1620 1520 1709 1606 hoc,
1738 1542 1851 1628 pmut

433 1648 627 1751 respondit
647 1646 865 1751 requisitus,
883 1644 1062 1750 adjiciens
1082 1671 1120 1719 se
1142 1671 1219 1719 non
1234 1640 1389 1721 credere
1404 1646 1509 1752 quod
1527 1677 1612 1726 vera
1633 1651 1708 1728 sint
1727 1653 1849 1760 aliqua

434 1777 482 1852 de
505 1777 690 1856 contentis
713 1775 881 1851 indictis
906 1772 1085 1863 articulis,
1106 1773 1176 1850 nisi
1203 1801 1245 1849 ea
1266 1801 1342 1878 que
1362 1803 1478 1881 super
1497 1777 1688 1885 deposuit,
1712 1800 1751 1861 et
1773 1812 1847 1890 que

433 1925 654 2013 sequuntur.
675 1907 777 1983 Dixit
796 1907 898 1981 enim
918 1903 1022 2010 quod
1044 1905 1122 2008 ipse
1141 1903 1238 1979 bene
1259 1904 1435 1984 credebat
1454 1907 1711 1990 ecclesiasticis
1727 1941 1848 1990 sacra-

435 2039 586 2125 mentis,
611 2055 649 2113 et
668 2037 787 2111 credit
807 2034 910 2140 quod
934 2033 994 2108 alii
1018 2033 1150 2108 fratres
1173 2032 1316 2111 ordinis
1336 2036 1475 2113 eodem
1494 2039 1612 2117 modo
1630 2041 1846 2130 crederent,

435 2183 472 2241 et
491 2166 596 2270 quod
616 2192 747 2241 eorum
771 2163 982 2241 sacerdotes
999 2162 1127 2239 debite
1143 2161 1388 2241 celebrarent.
1412 2165 1568 2243 Dictum
1582 2167 1709 2248 fuitei
1730 2173 1769 2247 in
1792 2203 1849 2249 re-

435 2297 611 2399 cepcione
624 2323 687 2371 sua
704 2295 808 2398 qnod
825 2294 947 2368 statim
959 2320 1029 2398 pro
1044 2291 1219 2397 professis
1235 2292 1484 2383 habebantur,
1500 2312 1540 2372 et
1557 2300 1662 2403 quod
1675 2301 1847 2379 ordinem

435 2425 533 2502 exire
549 2452 627 2500 non
640 2440 823 2528 poterant.
842 2422 1082 2501 Clandestine
1095 2421 1382 2527 recipiebantur,
1397 2423 1518 2503 nullis
1526 2428 1763 2532 presentibus
1776 2431 1846 2507 nisi

435 2554 612 2634 tratribus
629 2553 789 2639 ordinis,
811 2580 853 2627 ex
868 2579 945 2658 quo
965 2551 1084 2629 credit
1102 2553 1207 2656 quod
1226 2571 1324 2631 esset
1339 2555 1502 2660 suspicio
1518 2574 1646 2634 contra
1663 2585 1738 2636 eos.
1758 2560 1849 2637 Cor-

436 2684 536 2760 dulis
550 2684 652 2760 unde
672 2681 845 2758 volebant
862 2681 1059 2785 assumptis
1079 2681 1329 2786 accingebant
1343 2711 1456 2789 super
1474 2685 1643 2763 camisias
1658 2716 1742 2764 cum
1764 2691 1847 2793 qui-

435 2817 508 2893 bus
524 2814 708 2922 jacebant.
740 2809 1010 2888 Promittebant
1036 2838 1113 2887 non
1136 2810 1300 2887 revelare
1324 2830 1463 2890 secreta
1491 2814 1758 2921 capituliorum
1780 2846 1848 2895 nec

435 2947 592 3022 modum
631 2971 698 3020 sue
729 2941 978 3046 receptionis,
1012 2959 1049 3016 et
1082 2940 1277 3018 dicebatur
1309 2942 1364 3019 eis
1392 2943 1519 3049 quod,
1558 2944 1587 3021 si
1622 2945 1845 3036 revelarent,

436 3076 607 3151 habitum
634 3072 848 3178 perderent.
883 3069 1151 3177 lnjungebatur
1177 3071 1231 3147 eia
1257 3071 1362 3177 quod
1389 3073 1573 3178 qtumdiu
1600 3093 1751 3181 possent
1783 3077 1848 3152 ha·

435 3206 525 3282 bere
560 3201 690 3277 fratres
717 3200 877 3286 ordinis,
908 3228 985 3275 non
1013 3200 1282 3277 confiterentur
1310 3199 1404 3278 aliis.
1433 3202 1562 3309 siqui
1585 3222 1693 3281 crant
1717 3202 1848 3281 iratres

435 3333 594 3408 scientes
621 3329 748 3406 illicita
773 3327 976 3405 conlassata
997 3356 1189 3432 pereum,
1209 3330 1366 3407 fuerunt
1385 3331 1639 3441 negligentes,
1660 3333 1750 3438 quia
1771 3361 1846 3410 non

437 3476 677 3537 correxerunt
706 3485 864 3535 cosnec
888 3458 1208 3534 denunciaverunt
1237 3459 1413 3536 Ecclesie.
1437 3463 1482 3537 lu
1505 3462 1684 3540 domibus
1704 3465 1848 3540 ordinis

436 3591 627 3696 inquibus
642 3589 762 3665 extitit
774 3605 1043 3674 commoratus,
1056 3588 1147 3664 vidit
1160 3605 1198 3665 et
1211 3588 1352 3665 audivit
1372 3589 1596 3668 elemosinas
1608 3608 1647 3667 et
1658 3590 1849 3698 hospitali-

434 3738 549 3797 tatem
570 3719 834 3795 eonvenienter
857 3715 939 3792 lieri
963 3732 1000 3792 et
1023 3720 1173 3808 servari,
1195 3737 1233 3797 et
1249 3718 1416 3794 deffendi
1442 3746 1490 3795 ne
1515 3747 1559 3795 ex
1578 3720 1848 3796 certasciencia

436 3851 602 3927 indebite
620 3848 854 3953 acquirerent
869 3847 1013 3935 ordini3
1035 3865 1073 3923 et
1092 3847 1265 3952 capitulia
1283 3847 1379 3924 clam
1392 3849 1532 3940 teneri,
1556 3847 1671 3926 nullis
1697 3876 1848 3954 prasen-

435 3981 536 4057 tibus
550 3981 620 4056 nisi
636 3977 811 4055 fratribus
831 3976 991 4065 ordinis,
1012 3977 1077 4082 qui
1094 3995 1272 4055 servasset
1291 3977 1394 4084 quod
1413 3977 1462 4054 de
1474 3977 1630 4055 consilio
1643 3994 1847 4054 conventus

436 4110 624 4185 statuisset
658 4109 834 4215 Magister
858 4107 1023 4192 ordinis,
1052 4124 1320 4213 contraquam
1354 4134 1457 4183 nunc
1479 4106 1632 4213 grandia
1659 4104 1846 4193 scandala,

436 4239 596 4342 suspicio
613 4256 650 4313 et
667 4237 817 4314 infamia
833 4255 922 4316 sunt
936 4255 1073 4314 exorta.
1093 4240 1139 4313 Et
1156 4237 1297 4313 audivit
1319 4235 1393 4312 dici
1412 4236 1555 4313 dictum
1572 4236 1791 4342 Magistrum
1812 4254 1849 4312 et

435 4368 528 4446 alios
542 4368 665 4473 aliqua
680 4365 793 4444 fuisse
806 4368 993 4444 confessos
1009 4384 1135 4443 contra
1151 4366 1293 4442 dictum
1311 4366 1501 4455 ordinem,
1522 4364 1570 4440 ad
1583 4365 1692 4470 cujus
1705 4365 1848 4443 dellen-

436 4500 579 4577 sionem
597 4528 636 4575 se
658 4525 736 4574 non
754 4495 953 4573 obtulerat.

493 4627 707 4731 ltequisitus
719 4624 750 4701 si
767 4624 818 4700 sic
830 4622 1054 4726 deposuerat
1070 4650 1196 4726 prece,
1213 4639 1401 4728 precepto,
1415 4624 1568 4711 timore,
1585 4650 1725 4713 amore,
1742 4622 1842 4706 odio,

435 4757 494 4829 vel
509 4755 705 4858 temporali
721 4751 881 4829 comodo
903 4750 1029 4827 habito
1053 4750 1109 4827 vel
1127 4753 1319 4838 habendo,
1335 4751 1529 4856 respondit
1542 4751 1648 4857 quod
1658 4774 1755 4839 non,
1776 4748 1843 4826 sed
