4230 5956
478 466 552 541 ssu
856 452 1052 542 ruccas
1084 467 1181 539 nas
1212 467 1514 543 rsurumas.

477 627 584 714 ptum
593 635 662 716 per
672 608 825 685 lratrem
836 606 1054 687 Guidonem
1066 607 1246 714 Delphini
1260 607 1433 699 militem,
1448 627 1583 689 testem
1592 617 1896 721 supraexamina-

475 758 575 829 tum,
600 740 640 817 in
659 737 801 843 capella
825 737 961 815 domus
980 737 1130 843 Templi
1160 738 1208 815 de
1227 738 1323 815 lassi
1342 738 1586 819 Bituricensis
1606 742 1783 853 docens,
1807 765 1894 825 sunt

340 966 344 973 ἱ
476 871 621 948 circiter
638 897 672 946 u
686 867 792 959 anni,
809 866 1048 972 presentibus
1072 865 1248 945 iratribus
1262 868 1434 948 Johanne
1455 870 1503 948 de
1527 871 1656 950 Monet
1671 874 1891 978 presbitero,

476 1004 630 1080 detento
650 1000 752 1106 apud
771 999 948 1077 Riomum
966 999 1007 1074 in
1028 997 1222 1090 Arvernia,
1241 1000 1351 1076 Petro
1364 1001 1545 1089 Maurini,
1566 1019 1663 1080 teste
1682 1032 1793 1110 supra
1812 1036 1893 1085 exa-

474 1136 628 1223 minato,
648 1149 686 1210 et
703 1131 925 1238 Raymundo
939 1130 1051 1209 Vinet
1069 1130 1269 1220 serviente,
1291 1131 1496 1211 deffuncto.
1517 1132 1689 1212 Plurium
1707 1139 1894 1243 recepcio-

426 1368 429 1375 ¹
475 1266 586 1343 nibus
613 1292 691 1342 non
721 1261 853 1340 recolit
880 1289 920 1339 se
942 1260 1103 1339 affuisse.
1124 1263 1235 1353 Item,
1263 1262 1357 1340 dixit
1381 1264 1487 1370 quod
1507 1265 1587 1371 ipse
1608 1265 1706 1344 bene
1719 1268 1895 1346 credebat

475 1395 731 1474 aeclesiasticis
755 1393 1011 1485 sacramentis,
1038 1393 1196 1470 credens
1222 1391 1326 1496 quod
1352 1393 1414 1471 alii
1438 1394 1570 1474 fratrm
1589 1396 1734 1475 ordinis
1756 1399 1891 1475 eodem

475 1527 590 1604 modo
605 1525 818 1610 crederent,
835 1523 995 1628 et-quod
1006 1550 1140 1600 eorum
1153 1522 1363 1600 sacerdotes
1378 1523 1507 1603 debite
1520 1524 1764 1605 celebrarent.
1782 1528 1892 1605 Clan-

476 1656 621 1733 destine
644 1652 932 1760 recipiebantur,
961 1652 1074 1730 nullis
1099 1653 1337 1759 presentibus
1364 1653 1436 1732 nisi
1458 1653 1637 1735 fratribus
1660 1656 1819 1746 ordinis,
1847 1687 1890 1734 ex

475 1814 552 1892 quo
573 1784 691 1863 credit
714 1783 819 1890 quod
843 1799 940 1860 esset
961 1782 1121 1887 suspicio
1144 1799 1274 1859 contra
1299 1811 1375 1860 eos.
1401 1784 1576 1864 Cordulis
1594 1786 1697 1864 unde
1715 1785 1892 1865 volebant

475 1915 672 2021 assumptis
689 1913 934 2020 cingebantur
952 1940 1066 2018 super
1078 1911 1246 1989 camisias
1263 1940 1349 1989 cum
1365 1913 1504 2019 quibus
1516 1913 1702 2020 jacebant.
1724 1915 1889 2022 injunge·

475 2045 586 2121 batur
607 2044 661 2121 eis
679 2042 785 2148 quod
805 2069 883 2118 non
900 2038 1171 2117 confiterentur
1195 2040 1267 2118 nisi
1293 2041 1471 2119 fratribus
1489 2043 1705 2147 presbiteris
1730 2044 1890 2131 ordinis,

474 2175 542 2251 sed
559 2176 633 2252 hoc
654 2199 730 2249 non
756 2170 982 2250 servabatur.
1007 2172 1154 2247 Fratres
1173 2170 1318 2248 ordinis
1340 2200 1437 2277 quos
1455 2171 1578 2249 credit
1595 2173 1743 2251 scivisse
1762 2173 1891 2251 illicita

475 2303 678 2381 conlessata
696 2328 761 2407 per
782 2327 869 2377 eum
883 2298 1035 2377 luerunt
1051 2298 1299 2407 negligentes,
1312 2302 1401 2407 quia
1414 2328 1494 2379 non
1512 2320 1753 2380 correxerunt
1768 2333 1811 2382 ea
1823 2333 1891 2383 nec

475 2432 794 2510 denunciaverunt
811 2428 988 2506 Ecclesie.
1005 2427 1262 2507 Elemosinam
1281 2447 1320 2509 et
1338 2431 1631 2536 hospitalitatem
1648 2434 1744 2512 vidit-
1756 2463 1889 2512 conve·

474 2565 624 2641 nienter
643 2560 725 2637 fieri
745 2578 783 2638 et
801 2559 935 2637 servari
952 2559 992 2636 in
1005 2558 1182 2637 domibus
1199 2560 1343 2637 ordinis
1356 2561 1396 2638 in
1413 2562 1553 2667 quibus
1569 2564 1708 2641 exstitit
1725 2592 1889 2643 commo-

474 2712 587 2779 ratus,
623 2710 662 2769 et
686 2690 974 2770 deffendebatur
996 2689 1050 2767 eis
1075 2718 1124 2765 ne
1150 2689 1289 2795 injuste
1314 2691 1552 2798 acquirerent
1580 2694 1719 2772 ordini.
1740 2694 1891 2773 Audivit

474 2824 547 2903 dici
560 2824 665 2929 quod
677 2850 810 2901 eorum
831 2820 1003 2926 capitolia
1017 2819 1113 2897 clam
1131 2819 1369 2899 tenebantur.
1390 2821 1572 2901 Ordinata
1585 2851 1653 2928 per
1671 2824 1890 2931 Magistrum

473 2983 559 3033 cum
579 2969 765 3031 conventu
786 2967 966 3029 servasset
981 2966 1085 3027 totus
1106 2950 1213 3038 ordo,
1237 2968 1366 3029 contm
1382 2978 1496 3057 quem
1517 2979 1617 3029 nunc
1635 2969 1790 3059 propter
1806 2983 1890 3059 pre-

474 3084 571 3161 dicta
590 3082 744 3187 grandia
759 3080 947 3168 scandala,
969 3079 1130 3184 suspicio
1149 3095 1189 3156 et
1206 3078 1358 3159 infamia
1376 3097 1467 3158 sunt
1485 3098 1622 3161 exorta.
1642 3081 1794 3161 Audiuit
1814 3083 1887 3160 dici

473 3213 693 3317 Magistrum
712 3226 750 3287 et
767 3209 860 3286 alios
877 3209 997 3315 aliqua
1018 3208 1131 3286 luisse
1152 3208 1342 3289 confessos
1358 3226 1486 3289 contra
1504 3211 1694 3300 ordinem,
1714 3214 1762 3289 ad
1782 3215 1888 3321 cujus

474 3340 743 3418 deffensionem
765 3367 804 3414 se
826 3366 902 3415 non
923 3338 1127 3427 obtulerat,
1149 3367 1220 3414 nac
1238 3337 1358 3416 fuerat
1378 3339 1477 3417 ultra
1493 3368 1608 3417 mare.

529 3470 742 3575 Requisitus
756 3470 786 3546 si
800 3470 852 3546 sic
861 3468 1088 3574 deposuerat
1102 3496 1230 3574 prece,
1244 3485 1439 3574 precepto,
1451 3469 1604 3558 timore,
1621 3498 1765 3562 amore,
1780 3473 1884 3559 odio,

471 3601 529 3679 vel
549 3600 747 3706 temporali
763 3601 925 3678 comodo
942 3598 1071 3677 habito
1087 3598 1146 3677 vel
1166 3597 1359 3688 habendo,
1377 3599 1572 3704 respondit
1586 3600 1692 3705 quod
1710 3629 1805 3689 non,
1821 3603 1888 3678 sed

472 3761 539 3836 pro
559 3733 712 3811 veritate
733 3731 909 3821 dicenda;
936 3731 995 3807 cui
1016 3729 1087 3807 luit
1115 3731 1327 3837 injunctum
1353 3730 1460 3833 quod
1476 3756 1554 3806 non
1582 3729 1764 3808 revelaret
1791 3731 1887 3806 banc

471 3891 576 3939 suam
592 3861 889 3969 deposicionem,
907 3888 1103 3966 quousque
1123 3858 1381 3937 atteslaciones
1400 3858 1541 3936 luerint
1560 3858 1758 3963 publicata.

525 4125 654 4199 Frater
681 4123 891 4229 Stephanus
917 4122 964 4197 de
993 4120 1168 4200 Glotonis
1191 4119 1378 4207 serviens,
1403 4117 1679 4196 Lemovicensis
1704 4117 1885 4209 diocesis,

469 4281 580 4360 supra
596 4252 760 4359 juratus,
785 4251 1098 4359 quadragenarius
1120 4249 1178 4326 vel
1201 4249 1314 4339 circa,
1342 4249 1407 4353 qui
1431 4248 1644 4325 voluntarie
1664 4247 1886 4326 mantellum

470 4385 662 4462 dimiserat
687 4400 723 4461 et
749 4384 830 4462 radi
853 4386 992 4460 lecerat
1017 4382 1088 4459 sibi
1108 4380 1283 4469 barbam,
1306 4408 1393 4457 cum
1412 4407 1488 4484 quo
1506 4379 1730 4484 inquisitum
1749 4377 1884 4469 suerat,

468 4515 662 4593 absolutus
674 4531 713 4591 et
725 4513 983 4591 reconciliatus
993 4541 1061 4617 per
1073 4512 1270 4588 dominum
1287 4509 1505 4615 episcopum
1518 4509 1883 4593 Claromontensem,

468 4644 574 4722 lectis
586 4661 624 4721 et
639 4643 840 4751 diligenter
854 4642 1028 4746 expositis
1044 4640 1115 4717 sibi
1129 4640 1305 4717 omnibus
1318 4656 1356 4717 et
1367 4639 1525 4747 singubs
1535 4637 1716 4729 articulis,
1731 4664 1885 4742 ‚respon-

469 4772 525 4848 dit
544 4801 581 4847 se
603 4775 765 4864 nescire,
787 4802 857 4859 nec
876 4771 1048 4861 credere,
1070 4798 1140 4849 nec
1170 4770 1354 4849 audivisse
1381 4770 1454 4848 dici
1478 4768 1526 4847 de
1554 4767 1742 4847 contentis
1768 4767 1807 4843 in
1830 4765 1884 4842 eis
