4230 5956
464 469 534 543 tlt
843 455 1036 545 esoces
1064 469 1157 540 uss
1183 466 1486 540 TEMPLIERS.

457 625 585 687 contra
614 634 729 724 quem
759 608 903 689 audivit
928 637 1107 717 magnum
1133 605 1352 713 Magistrum
1376 623 1417 684 et
1441 605 1540 685 alios.
1562 602 1710 711 aliquos
1733 633 1880 685 errores

458 736 572 817 luisse
592 735 790 819 confessos.
806 736 865 816 Ad
884 739 1028 819 ordinis
1049 735 1320 815 deffensionem
1338 763 1379 813 se
1403 762 1481 814 non
1502 733 1700 814 obtulerat.

514 868 730 976 Requisitus
745 869 775 947 si
788 870 842 949 sic
861 871 1085 976 deposuerat
1098 882 1422 977 prece,precepto,
1433 866 1593 952 timore,
1603 892 1752 959 amore,
1768 867 1877 958 odio,

455 998 513 1077 vel
534 998 732 1105 temporali
747 1001 908 1079 comodo
922 1000 1051 1080 habito
1063 998 1122 1077 vel
1143 997 1339 1089 habendo,
1368 995 1688 1104 respondit-quod
1700 1023 1794 1086 non,
1809 1001 1878 1078 sed

455 1157 524 1234 pro
544 1130 697 1209 veritate
717 1130 894 1216 dicenda;
927 1130 989 1209 cui
1017 1129 1091 1208 suit
1114 1129 1326 1236 injunctum
1345 1127 1451 1235 qued
1477 1155 1555 1210 uon
1584 1124 1766 1204 revelaret
1782 1129 1880 1207 hanc

456 1287 560 1338 suam
584 1259 881 1366 deposicionem,
902 1288 1100 1365 quousque
1120 1258 1380 1336 attestaciones
1397 1255 1541 1335 fuerint
1560 1253 1762 1362 publicate.

511 1520 639 1596 Frater
658 1518 786 1598 Guido
807 1519 854 1597 de
883 1517 986 1597 Bella
1005 1515 1103 1597 Villa
1130 1518 1311 1607 serviens,
1341 1515 1547 1595 Meldeusis
1571 1515 1750 1606 diocesis,
1771 1517 1877 1596 testis

455 1676 566 1754 supra
573 1650 737 1757 juratus,
753 1663 1073 1729 m1u“anuorum
1093 1644 1153 1725 vel
1172 1646 1266 1723 circa
1277 1708 1286 1737 ‚
1298 1647 1366 1752 qui
1382 1643 1610 1723 mantellum
1624 1644 1822 1724 dimiserat
1835 1647 1878 1725 in

455 1777 615 1857 concilio
639 1778 830 1865 Remeusi,
859 1805 946 1855 cnm
964 1804 1040 1882 quo
1061 1775 1283 1882 inquisitum
1309 1773 1446 1863 ficerat,
1467 1773 1663 1853 absolutus
1686 1791 1726 1852 et
1743 1803 1877 1854 recon-

455 1906 601 1988 ciliatus
615 1937 682 2015 per
690 1908 889 1988 dominum
905 1907 1123 2013 episcopum
1139 1903 1468 1993 suessionensem,
1488 1902 1596 1983 lectis
1615 1921 1655 1982 et
1673 1903 1875 2012 diligenter

455 2039 631 2144 expositis
648 2038 721 2117 sibi
745 2037 922 2117 omnibus
941 2053 979 2114 et
997 2035 1155 2144 singulis
1179 2034 1361 2127 articulis,
1384 2033 1583 2140 respondit
1597 2034 1704 2140 quod
1723 2033 1873 2115 nullum

455 2166 571 2243 alium
601 2167 743 2246 viderat
776 2169 814 2245 in
845 2167 979 2246 ordine
1006 2167 1142 2272 recipi,
1175 2192 1245 2244 nec
1268 2162 1488 2244 interfuerat
1519 2162 1691 2270 capitulis
1719 2191 1872 2252 eornm,

455 2295 557 2371 unde
581 2293 787 2383 nesciebat,
820 2322 890 2371 nec
914 2294 1106 2373 audiverat
1136 2294 1226 2382 dici,
1249 2321 1321 2372 nec
1343 2293 1521 2373 credebat
1546 2293 1594 2371 de
1619 2294 1806 2371 contentis
1834 2294 1873 2372 in

455 2421 564 2499 dictis
583 2421 749 2501 articulis
768 2422 839 2500 nisi
859 2423 963 2529 quod
981 2423 1162 2529 sequitur.
1183 2422 1286 2501 Dixit
1303 2449 1441 2529 nempe
1463 2449 1503 2500 se
1522 2419 1637 2500 fuisse
1660 2439 1869 2528 receptum,

454 2552 493 2629 in
513 2551 582 2629 bac
601 2551 727 2632 media
753 2552 1055 2659 quadragessima
1073 2550 1229 2631 fuerunt
1245 2553 1415 2660 quinque
1443 2552 1553 2642 anni,
1580 2552 1620 2631 in
1643 2550 1784 2659 capella
1803 2554 1872 2632 do-

454 2709 540 2760 mus
558 2681 709 2788 Templi
735 2684 782 2763 de
815 2682 1031 2762 lutinihaco
1062 2681 1168 2760 Sicco
1188 2680 1393 2761 Meldensis
1423 2681 1600 2770 diocesis,
1627 2685 1696 2788 p'er
1720 2679 1872 2761 fratrem

454 2812 697 2920 Radulpbum
718 2813 766 2891 de
794 2812 1022 2892 Taverniaco
1049 2827 1309 2919 preceptorem
1334 2811 1434 2892 dicte
1458 2811 1613 2902 domus,
1640 2826 1780 2891 testem
1809 2841 1873 2889 su·

452 2970 519 3048 pra
541 2943 809 3032 examinatum,
831 2941 1069 3048 presentibus
1087 2940 1264 3021 fratribus
1280 2940 1490 3021 Guillelmo
1502 2938 1701 3020 d’Ormont
1716 2939 1873 3046 presby-

452 3088 551 3159 tero,
572 3071 781 3151 Guillelmo
802 3074 850 3151 de
869 3073 1011 3160 Crene,
1034 3071 1242 3153 Guillelmo
1258 3073 1307 3151 de
1328 3073 1466 3153 Sancto
1482 3069 1671 3159 Dionisio,
1694 3088 1733 3149 et
1751 3073 1871 3150 llum·

453 3201 562 3280 berto
586 3201 746 3280 Valbant
767 3202 834 3309 qui
864 3201 996 3309 affugit
1022 3220 1192 3309 ternpore
1217 3203 1420 3309 capcionis,
1449 3203 1497 3281 de
1524 3227 1688 3310 quorum
1711 3202 1786 3279 vita
1812 3203 1872 3281 vel

453 3346 574 3407 morte
594 3357 671 3407 non
691 3330 806 3410 habet
825 3331 1107 3423 certitudinem,
1129 3331 1169 3410 in
1188 3331 1291 3413 bunc
1310 3333 1470 3413 modum
1492 3363 1502 3408 ε
1522 3359 1610 3410 nam
1631 3359 1717 3410 cum
1737 3333 1871 3438 peciis-

453 3473 509 3535 set
533 3456 674 3562 pluries
696 3486 832 3565 panem
860 3476 897 3537 et
916 3487 1051 3566 aqrram
1075 3477 1114 3539 et
1131 3460 1349 3541 societatem
1368 3459 1526 3541 fratrum
1557 3461 1718 3554 ordinis,
1751 3480 1789 3538 et
1811 3492 1870 3540 re·

452 3613 631 3691 sponsum
651 3587 781 3666 husset
800 3589 834 3666 ei
855 3589 959 3695 quod
974 3590 1072 3671 bene
1098 3589 1325 3672 deliberaret
1343 3591 1431 3697 quia
1448 3588 1568 3669 multa
1592 3590 1687 3669 dura
1706 3609 1810 3669 erant
1829 3593 1869 3670 in

337 3751 341 3759 ·
452 3715 602 3805 ordine,
623 3716 777 3795 tandem
802 3717 883 3823 ipso
903 3718 1079 3808 instante,
1107 3719 1289 3799 concessit
1312 3718 1439 3798 eidem
1464 3717 1584 3799 diuus
1616 3736 1798 3826 receptor,
1833 3739 1870 3798 et

451 3842 540 3925 lecit
567 3873 654 3925 eum
684 3874 814 3926 vovere
843 3864 881 3927 et
903 3848 1032 3955 jurare
1063 3849 1288 3937 castitatem,
1328 3846 1607 3937 obedienciam,
1637 3850 1760 3927 vivere
1786 3850 1868 3927 siue

451 3975 623 4080 proprio,
644 3994 682 4054 et
700 3975 805 4083 quod
823 3994 984 4057 servaret
1001 3978 1122 4059 honos
1142 4006 1233 4056 usus
1254 3994 1293 4056 et
1310 3976 1430 4058 bonas
1457 3976 1748 4058 consuetudines
1767 3979 1868 4057 ordi·

451 4101 521 4179 uis.
543 4103 631 4196 Quo
650 4103 765 4195 facto,
794 4107 973 4214 imposuit
1004 4107 1074 4189 sibi
1104 4106 1346 4198 mantellum,
1375 4107 1520 4213 etipse
1549 4122 1588 4183 et
1617 4104 1679 4183 alii
1707 4123 1868 4186 astantes

450 4228 606 4310 luerunt
624 4235 779 4317 osculati
800 4267 889 4319 eum
908 4240 948 4316 in
967 4267 1044 4318 ore.
1065 4238 1312 4319 Postmodum
1332 4237 1510 4319 iustruxit
1532 4265 1621 4317 eum
1642 4255 1737 4345 quot
1759 4239 1870 4318 Peter

450 4377 566 4443 noster
582 4362 724 4445 diceret
746 4395 816 4472 pro
840 4369 943 4449 boris
966 4371 1061 4458 suis,
1089 4386 1127 4447 et
1155 4368 1316 4478 qualiter
1340 4368 1498 4449 baberet
1529 4395 1569 4446 se
1596 4385 1635 4446 et
1658 4387 1805 4476 regeret
1828 4370 1867 4445 in

450 4490 596 4575 ordine.
624 4496 772 4576 Deinde
793 4500 960 4604 precepit
979 4499 1032 4586 ei,
1053 4500 1092 4576 in
1113 4500 1307 4604 presencia
1325 4501 1509 4591 aliorum,
1535 4499 1643 4607 quod
1667 4498 1869 4605 abnegaret

449 4619 591 4716 Dentur
613 4641 652 4704 et
670 4626 853 4734 cumipse
871 4626 977 4707 testis
995 4627 1185 4707 resisteret
1210 4647 1251 4709 et
1268 4630 1341 4710 hoc
1364 4628 1486 4708 lacere
1509 4644 1720 4715 recusaret,
1746 4625 1867 4705 dictus

448 4768 619 4855 receptor
637 4754 729 4834 dixit
747 4756 782 4835 ei
801 4757 906 4864 quod
933 4756 1006 4836 boc
1038 4756 1237 4863 oportebat
1261 4786 1349 4839 eurn
1370 4756 1510 4845 lacere,
1536 4757 1629 4863 quis
1649 4751 1737 4832 talia
1760 4773 1867 4832 erant
