4230 5956
675 472 866 571 raucus
896 493 991 579 oss
1022 491 1325 571 rsurtmss
1630 493 1704 571 sos

296 637 543 745 messagerius
563 635 724 722 ordinis,
749 652 947 741 postquam
967 631 1038 715 luit
1060 630 1100 709 in
1120 628 1360 719 ordine,.sed
1376 631 1569 709 modicum
1580 664 1706 714 mora·

294 768 406 845 batur
423 766 581 845 ibidem.
601 766 711 856 Item,
729 765 822 842 dixit
841 762 945 868 quod
959 762 1000 837 in
1016 762 1078 839 die
1098 759 1253 840 Veneris
1272 775 1412 846 sancta,
1433 758 1521 837 lotis
1538 779 1578 837 et
1593 765 1706 841 nudis

167 976 170 981 ,
293 897 474 1001 pedibus,
495 909 706 972 reverenter
722 911 761 971 et
778 893 912 971 devote
932 891 1108 969 adorabat
1129 918 1297 978 crucem,
1324 905 1362 967 et
1380 889 1486 993 quod
1503 889 1582 994 ipse
1606 891 1705 973 bene

295 1024 472 1107 credebat
491 1021 746 1107 ecelesiasticis
762 1020 1017 1111 sacramentis,
1039 1020 1195 1101 credens
1213 1017 1318 1123 quod
1337 1017 1401 1095 alii
1415 1015 1546 1097 fratres
1564 1021 1707 1099 ordinis

295 1154 432 1231 eodem
452 1151 567 1228 modo
593 1150 805 1241 crederent,
833 1166 871 1226 et
888 1150 995 1256 quod
1014 1177 1145 1227 eorum
1165 1147 1377 1225 sacerdotes
1399 1147 1706 1231 debitecelebra·

295 1299 393 1361 rent.
412 1280 594 1358 Jurabant
609 1279 782 1356 ordinem
801 1305 878 1355 non
893 1278 1011 1368 exire;
1033 1278 1158 1355 statim
1172 1305 1241 1381 pro
1262 1274 1437 1381 professis
1456 1276 1703 1359 habebantur.

296 1409 536 1489 Clandestine
551 1408 845 1513 recipiebantur,
869 1407 986 1485 nullis
1003 1407 1240 1512 presentibus
1259 1406 1332 1482 nisi
1349 1404 1525 1489 fratribus
1544 1408 1703 1503 ordinis,

297 1568 341 1617 ex
359 1566 438 1644 quo
455 1538 576 1614 credit
595 1538 699 1644 quod
723 1553 822 1615 esset
841 1536 1003 1643 suspicio
1027 1553 1156 1613 contra
1175 1563 1250 1612 eos.
1278 1533 1455 1623 Cordulis
1481 1538 1584 1613 unde
1604 1539 1705 1617 volo

294 1668 386 1745 bant
419 1667 618 1773 assumptis
646 1666 893 1773 cingebantur
919 1694 1032 1771 super
1057 1666 1225 1742 camisias
1251 1693 1337 1742 cum
1357 1664 1497 1768 quibus
1515 1665 1701 1772 jacebant.

292 1797 471 1874 durabant
491 1823 568 1873 non
592 1796 755 1873 revelare
776 1812 915 1873 secreta
939 1794 1220 1901 capituliorum,
1250 1794 1297 1870 de
1331 1793 1447 1869 modo
1475 1794 1704 1899 recepcionis

294 1927 334 2003 in
354 1924 503 2031 speciali
528 1953 611 2001 non
636 1924 762 2001 habita
784 1923 996 2013 moncione,
1014 1940 1052 1999 st
1070 1923 1137 2028 qui
1157 1920 1397 2008 revelassent,
1410 1901 1568 2026 graviter
1581 1925 1704 2028 puniti

294 2054 463 2132 fuissent.
484 2054 676 2146 Quamdiu
694 2067 870 2157 poterant
890 2051 1064 2129 confiteri
1088 2049 1343 2127 sacerdotibus
1362 2051 1520 2141 ordinis,
1542 2081 1620 2131 non
1639 2055 1705 2132 ds·

292 2183 434 2261 bebant
457 2182 628 2260 confiteri
654 2180 747 2258 aliis.
775 2181 922 2257 Fratres
946 2179 1090 2257 ordinis
1120 2179 1279 2256 scientes
1306 2178 1425 2256 dictos
1453 2209 1598 2260 errores
1622 2184 1703 2262 lus

294 2328 385 2389 runt
402 2310 652 2418 negligentes,
673 2308 760 2414 quia
779 2337 858 2386 non
878 2324 1120 2387 correxerunt
1139 2336 1203 2386 eos
1219 2336 1288 2384 nec
1304 2309 1624 2389 denunciaverunt
1635 2315 1704 2391 Eo·

293 2440 417 2518 clesie.
452 2439 709 2516 Elemosinam
738 2453 778 2513 et
807 2436 1096 2542 hospitalitatem
1129 2438 1224 2516 vidit
1257 2438 1522 2519 convenienter
1555 2441 1639 2519 fieri
1667 2459 1706 2519 et

292 2570 429 2648 servari
448 2570 487 2645 in
508 2566 687 2645 domibus
709 2565 852 2643 ordinis
873 2566 916 2641 -in
939 2568 1079 2672 quibus
1103 2569 1242 2647 exstitit
1253 2585 1519 2659 commoratus,
1543 2587 1581 2647 ct
1598 2571 1705 2650 aud}

291 2701 345 2778 vit
364 2699 438 2776 dici
458 2698 561 2803 quod
582 2723 714 2774 eorum
733 2695 908 2801 capitalia
923 2716 1064 2776 secrete
1083 2699 1322 2774 tenebantur.
1337 2697 1517 2774 Ordinato
1537 2726 1606 2803 per
1624 2674 1707 2779 bla-⁴

291 2829 449 2934 gistrum
480 2855 567 2904 cum
598 2842 783 2905 conventu
815 2844 992 2906 servasset
1017 2844 1121 2905 totus
1151 2828 1261 2913 ordo,
1297 2844 1426 2903 contra
1455 2853 1571 2931 quem
1602 2858 1704 2921 name

293 2957 449 3064 grandia
474 2955 646 3034 scandala
670 2972 823 3062 propter
840 2955 1026 3062 predicta,
1043 2956 1206 3061 suspicio
1225 2972 1262 3031 et
1281 2955 1433 3032 infamia
1451 2973 1541 3034 sunt
1559 2977 1701 3050 exorta,

293 3087 471 3193 adjiciens
496 3085 602 3191 quod
633 3083 765 3162 fratres
793 3086 1004 3191 superiores
1038 3084 1182 3163 ordinis
1213 3102 1319 3161 erant
1344 3084 1449 3162 valde
1482 3086 1636 3191 superbi
1666 3106 1704 3167 st

292 3214 399 3308 elati;
422 3232 460 3294 et
483 3215 603 3292 credit
621 3213 727 3319 quod
753 3214 956 3293 confessata
979 3243 1047 3320 per
1075 3243 1164 3291 eum
1195 3231 1319 3291 essent
1337 3231 1425 3291 nota
1451 3215 1627 3296 fratribus
1645 3246 1703 3297 or·

294 3345 408 3434 dinis,
441 3362 478 3421 et
507 3344 651 3422 audivit
675 3343 749 3420 dici
778 3344 882 3450 quod
908 3342 1083 3449 Magister
1111 3361 1149 3420 et
1175 3343 1238 3419 alii
1266 3344 1391 3449 aliqua
1423 3344 1581 3425 confessi
1613 3365 1704 3427 sunt

292 3491 420 3551 contra
439 3472 629 3564 ordinem,
646 3474 694 3551 ad
711 3474 818 3581 cujus
832 3472 1105 3579 deffensionem
1125 3502 1164 3550 se
1184 3501 1261 3551 non
1277 3473 1475 3551 obtulerat.
1508 3542 1511 3547 .
1628 3540 1648 3553 ..

346 3603 561 3708 Requisitus
588 3601 619 3678 si
648 3603 701 3678 sic
733 3603 958 3708 deposuerat
985 3631 1110 3708 prece,
1143 3620 1339 3709 precepto,
1368 3603 1521 3695 timore,
1554 3633 1699 3698 amore,

290 3731 397 3820 odio,
423 3732 481 3810 vel
506 3730 703 3836 temporali
730 3731 891 3809 comodo
920 3731 1049 3808 habito
1076 3729 1135 3808 vel
1161 3731 1354 3821 habendo,
1384 3731 1579 3836 respondit
1597 3735 1702 3838 quod

289 3890 387 3951 non,
408 3861 476 3939 sed
495 3887 563 3966 pro
581 3861 734 3937 veritate
765 3858 941 3950 dicenda3
962 3858 1024 3935 cui
1043 3856 1115 3935 suit
1132 3859 1347 3967 injunctum
1369 3861 1474 3964 quod
1494 3888 1572 3938 non
1598 3890 1703 3941 reve·

288 3990 384 4067 leret
410 3991 506 4067 banc
526 4018 630 4068 suam
651 3988 948 4096 deposicionem,
978 4015 1176 4095 quousque
1196 3988 1455 4065 attestaciones
1475 3987 1616 4069 luerint
1633 4020 1701 4098 pu·

286 4117 435 4213 blicate.

343 4377 471 4453 Frater
488 4378 621 4454 Petrus
638 4375 741 4454 Blavi
756 4374 934 4465 serviens,
950 4374 1270 4454 claromontensis
1286 4376 1459 4469 diocesis,
1471 4380 1577 4458 testis
1588 4407 1701 4484 supra

215 4495 217 4500 ¹
281 4508 441 4613 juratus,
453 4507 519 4613 qni
537 4505 747 4583 voluntarie
758 4504 930 4583 habitum
948 4505 1139 4582 dimiserat
1152 4506 1279 4584 etradi
1299 4505 1436 4584 lecerat
1446 4508 1518 4586 sibi
1531 4491 1698 4598 barbam,

286 4634 602 4743 quadragenarius
622 4635 682 4713 vel
707 4635 817 4724 circa,
839 4663 926 4712 cum
944 4662 1021 4742 quo
1041 4635 1264 4742 inquisitum
1282 4636 1420 4729 fuerat,
1451 4637 1647 4721 absolutus
1661 4656 1700 4715 et

285 4765 548 4843 reconciliatus
578 4793 646 4872 per
670 4764 869 4843 dominum
889 4764 1107 4872 episcopum
1132 4766 1517 4862 claromontensem,
1534 4769 1641 4848 lectis
1659 4787 1698 4848 et
