4230 5956
347 440 418 512 456
726 424 927 512 Phocis
951 438 1050 511 DES
1074 436 1376 510 innectens.

342 580 414 665 dit,
436 576 757 683 etquodmentiti
776 574 1656 684 mntpergulnsuas‚salraexcellexxtiaScdis
1675 604 1779 682 apo-

342 710 470 785 stolice
492 708 703 784 ethonore.

398 838 455 914 Ad
476 837 595 915 lxxxvi
614 837 811 914 articulum
834 838 1034 943 diligenter
1057 840 1321 943 interrogatus,
1344 838 1438 912 dixit
1458 836 1565 942 quod
1588 838 1672 942 ipse
1697 837 1777 914 luit

342 987 511 1073 receptus
531 970 568 1043 in
585 969 734 1044 fratrem
751 969 841 1043 dicti
861 969 1004 1044 ordinis
1023 970 1063 1044 in
1080 968 1233 1044 ecclesia
1247 997 1315 1043 seu
1333 966 1475 1072 capella
1491 967 1631 1044 domus
1645 970 1775 1045 Μ

340 1099 429 1185 Dei,
451 1099 583 1175 clausis
595 1100 721 1205 januis
743 1099 860 1204 ipsius
883 1098 1040 1202 erpelle,
1062 1116 1189 1174 octava
1207 1095 1270 1172 die
1293 1115 1378 1172 ante
1398 1095 1536 1173 lectum
1556 1100 1676 1174 sancti
1701 1100 1777 1176 Jo-

341 1229 473 1305 bannis
491 1230 630 1305 mensis
643 1229 744 1335 junii
763 1230 931 1334 proxime
949 1229 1118 1333 preteriti
1137 1255 1186 1303 xu
1205 1229 1293 1302 anni
1311 1226 1445 1330 elapsi,
1461 1255 1530 1332 per
1547 1227 1705 1305 liutran
1718 1229 1773 1308 G.

341 1358 390 1435 de
411 1358 568 1435 Abelars
589 1376 678 1434 tunc
701 1375 960 1464 preceptorem
988 1360 1086 1435 dicte
1108 1357 1244 1433 domus
1270 1357 1387 1433 blansi
1409 1358 1500 1443 Dei,
1529 1359 1775 1463 mmm

340 1504 380 1563 et
403 1487 545 1564 ibidem
570 1488 773 1564 astantibus
794 1491 856 1564 Ar.
882 1488 931 1565 de
951 1491 1081 1593 Ruppe
1108 1487 1332 1576 cambrerio,
1365 1486 1530 1591 Symone
1555 1487 1605 1564 de
1629 1491 1771 1577 tuni,

340 1615 601 1695 bartholomeo
616 1618 663 1692 de
677 1618 789 1693 Turri
800 1617 1008 1722 presbitero
1023 1617 1213 1723 capellano
1231 1616 1425 1702 fratribus,
1440 1634 1480 1692 et
1495 1617 1669 1722 pluribus
1683 1620 1773 1696 attis

341 1747 513 1824 [ratribus
536 1748 678 1825 ordinis
701 1748 916 1852 sopradicti.
932 1749 990 1825 De
1013 1747 1130 1825 modo
1149 1766 1276 1823 autem
1300 1777 1368 1823 sne
1393 1750 1624 1853 receptionis
1651 1768 1695 1825 et
1716 1751 1771 1826 de

340 1879 517 1955 omnibus
535 1878 835 1984 contingentibus
853 1880 970 1984 ipsam
987 1879 1261 1983 recepcionem,
1275 1877 1369 1953 dixit
1386 1878 1428 1953 in
1443 1879 1621 1956 omnibus
1639 1898 1682 1956 et
1697 1909 1772 1986 per

340 2010 466 2087 omnia
488 2009 529 2085 in
543 2010 678 2085 ellectu
692 2027 735 2085 ut
749 2010 893 2112 primus
911 2010 1016 2085 testis
1034 2037 1163 2114 supra,
1183 2026 1222 2084 et
1245 2009 1343 2084 sicut
1361 2009 1576 2084 continetur
1600 2010 1640 2084 in
1664 2009 1771 2087 libro

340 2139 521 2227 exhibito,
541 2158 583 2215 ut
598 2140 733 2228 credit,
749 2169 817 2245 per
831 2140 952 2246 ipsum
968 2139 1133 2244 primum
1151 2156 1301 2225 testem,
1317 2139 1531 2216 continente
1543 2139 1715 2246 regulam
1730 2160 1772 2217 et

340 2286 473 2345 statuta
497 2269 643 2346 ordinis
665 2269 848 2374 prelibati.

397 2397 455 2473 ,ld
486 2398 619 2475 lxxxrn
648 2415 686 2474 et
709 2398 855 2476 lxxxrur
880 2417 917 2474 et
940 2397 1115 2476 ultimum
1141 2400 1318 2479 articulos
1341 2399 1541 2506 diligenter
1562 2419 1603 2478 et
1623 2402 1771 2508 sigilla·

339 2528 407 2602 tim
428 2528 851 2636 interrogatus‚'negavit
871 2530 970 2633 ipsos
985 2529 1161 2606 articulos
1177 2548 1214 2605 et
1228 2532 1355 2607 omnia
1372 2549 1412 2606 et
1430 2530 1576 2637 singula
1589 2551 1770 2610 contenta

341 2657 380 2732 in
404 2658 477 2747 eis3
500 2657 643 2737 addens
666 2687 706 2734 se
735 2660 880 2734 nescire
904 2687 973 2734 uec
1002 2660 1120 2765 capita
1147 2688 1218 2735 uec
1242 2660 1356 2766 ydola
1383 2689 1454 2738 nec
1475 2661 1600 2767 aliqua
1625 2661 1701 2739 alia
1725 2666 1769 2741 in

340 2787 449 2865 dictis
468 2789 634 2867 articulis
652 2806 842 2876 contenta,
862 2818 932 2866 nec
952 2790 1087 2879 credit,
1108 2819 1194 2867 cum
1218 2819 1297 2868 non
1316 2793 1391 2867 sint
1407 2820 1477 2867 nec
1497 2791 1645 2869 fuerint
1664 2793 1768 2871 dicta

339 2919 456 3023 capita
474 2949 544 2996 nec
562 2920 674 3028 ydola
693 2920 741 2997 de
757 2920 897 3027 quibus
912 2921 962 2997 ibi
983 2921 1115 3026 agitur,
1132 2950 1200 2999 nec
1221 2939 1323 2998 retro
1338 2921 1479 2998 fuerint
1490 2950 1602 3027 posse
1619 2925 1660 2999 in
1678 2924 1767 3003 loco

339 3046 466 3151 aliquo
486 3049 576 3125 dicti
596 3050 740 3126 ordinis
758 3051 929 3127 inveniri.

395 3177 517 3281 Super
544 3176 625 3252 aliis
653 3207 740 3255 vero
772 3180 820 3255 de
849 3179 987 3283 quibus
1017 3183 1224 3287 precipitur
1249 3182 1330 3261 lieri
1351 3185 1544 3290 inquisitio
1559 3184 1762 3290 generalis.

340 3323 451 3409 prout
476 3307 595 3381 visum
624 3307 695 3382 suit
723 3308 822 3383 dicto
843 3310 996 3386 domino
1022 3311 1197 3415 episcopo
1225 3330 1262 3388 et
1285 3315 1463 3419 predictis
1489 3314 1572 3391 aliis
1596 3315 1766 3393 dominis

339 3437 524 3514 canonicis
542 3454 577 3513 et
597 3437 777 3543 religiosis
796 3440 882 3514 viris
908 3439 1181 3545 inquirentibus
1200 3446 1339 3546 pariter
1358 3473 1444 3520 cum
1464 3445 1615 3532 eodem,
1633 3451 1765 3552 requi-

338 3567 430 3643 situs
452 3568 544 3642 dixit
570 3597 608 3643 se
634 3569 747 3644 nichil
768 3570 926 3675 amplius
949 3571 1061 3658 scire,
1083 3600 1128 3647 eo
1156 3573 1254 3650 salvo
1276 3576 1380 3681 quod
1399 3577 1540 3652 audivit
1560 3576 1633 3651 dici
1655 3579 1765 3681 quod

338 3699 500 3804 quedam
526 3698 646 3774 littera
675 3701 750 3776 sive
777 3699 908 3776 cedula
933 3702 1125 3777 continens
1153 3702 1297 3807 aliquos
1324 3704 1499 3782 articulos
1524 3734 1693 3782 enorum
1722 3726 1762 3784 et

338 3831 534 3904 criminum
555 3829 757 3935 dequibus
776 3832 945 3935 superius
966 3849 1021 3907 est
1040 3832 1257 3937 inquisitus,
1276 3852 1313 3910 et
1330 3836 1376 3910 de
1398 3834 1537 3941 quibus
1556 3837 1764 3941 inquiritur

339 3978 461 4036 eontra
484 3961 613 4036 fratres
637 3960 780 4036 ordinis
807 3961 1025 4065 supradicti,
1055 3960 1174 4039 suerat
1198 3982 1361 4069 aportata
1388 3966 1437 4041 ad
1461 3967 1616 4043 domum
1641 3968 1761 4044 blansi

337 4090 424 4176 Dei;
442 4092 556 4193 ipsam
576 4110 699 4166 tamen
722 4092 891 4167 cedulam
908 4093 982 4167 sire
1001 4093 1163 4169 litteram
1184 4096 1262 4199 ipse
1283 4126 1353 4172 nec
1365 4097 1488 4173 tenuit
1502 4126 1626 4202 neque
1646 4098 1759 4187 vidit,

337 4220 404 4296 sed
422 4221 579 4297 existens
599 4240 726 4325 captus
746 4224 783 4297 in
799 4224 895 4299 dicta
911 4222 1025 4301 domo
1045 4225 1096 4300 sic
1116 4226 1255 4301 audivit
1272 4227 1362 4312 dici,
1378 4256 1454 4305 non
1468 4229 1688 4305 recordatur
1704 4249 1761 4307 ta·

339 4380 422 4428 men
453 4381 472 4426 a
493 4381 580 4457 quo.
602 4354 849 4458 Interrogatus
868 4355 983 4459 siper
1003 4355 1163 4461 aliquem
1186 4359 1324 4433 exstitit
1343 4358 1563 4435 informatus
1581 4361 1689 4465 quod
1706 4362 1762 4438 sic

337 4511 447 4587 super
464 4483 639 4587 predictis
662 4482 802 4559 diceret
816 4501 853 4559 et
873 4485 1077 4588 deponeret
1091 4504 1129 4565 et
1143 4488 1238 4563 sicut
1253 4489 1443 4592 deposuit,
1465 4490 1658 4594 respondit
1676 4518 1718 4566 se
1739 4520 1761 4566 a

338 4613 485 4687 nemine
502 4615 739 4689 informatum
756 4613 810 4690 vel
829 4615 1071 4692 subornatum
1087 4617 1212 4694 fuisse.
1233 4620 1360 4695 Frater
1373 4637 1496 4695 tamen
1514 4621 1759 4727 Raymundus

339 4737 385 4813 de
413 4739 546 4817 Gardia
579 4762 773 4847 preceptor
803 4745 918 4820 blansi
953 4746 1022 4821 Dei
1050 4747 1137 4823 dicti
1163 4748 1309 4852 Templi
1351 4777 1480 4824 omnes
1514 4766 1550 4823 et
1586 4748 1758 4855 singulos
