4230 5956
470 447 543 518 aas
853 422 1047 515 moces
1073 440 1168 511 nas
1195 439 1491 515 rennuens.

523 588 614 661 Item
634 582 745 659 frater
759 583 978 660 Lambertus
991 581 1222 685 Flamingus,
1245 581 1351 657 etatis
1371 581 1600 689 septuaginta
1616 607 1821 668 annorum,
1843 598 1885 656 ut

470 715 631 803 dicebat,
654 713 787 821 eodem
809 712 921 788 modo
942 712 1177 800 constitutus,
1195 710 1340 815 juratus
1364 729 1400 787 et
1423 712 1682 815 interrogatus,
1705 708 1798 785 dixit
1815 738 1883 813 per

462 848 715 953 juramentum
726 871 835 918 suum
848 843 951 947 quod
970 841 1041 917 luit
1055 857 1224 943 receptus
1244 840 1344 943 apud
1364 841 1486 916 Tonni
1508 867 1623 945 prope
1640 841 1796 915 Pontem
1814 839 1882 915 Ar-

467 976 612 1061 vernie,
628 975 665 1048 in
680 973 832 1048 instanti
843 971 937 1048 lesto
950 971 1151 1049 Natiuitatis
1163 969 1312 1047 Domini
1326 985 1437 1045 erunt
1447 969 1597 1074 triginta
1606 968 1683 1044 duo
1694 970 1798 1056 anni,
1813 997 1881 1074 per

468 1102 615 1179 fratrem
648 1103 797 1176 Petrum
829 1100 1082 1175 Normannum
1118 1115 1373 1203 preceptorem
1408 1097 1569 1173 baillivie
1604 1096 1878 1183 Laudunensis,

468 1231 701 1335 presentibus
714 1229 887 1305 fratribus
904 1228 1072 1304 lohanne
1089 1230 1136 1304 de
1158 1229 1292 1304 Sancto
1307 1225 1469 1314 Albano,
1487 1227 1551 1331 qui
1568 1226 1690 1302 fuerat
1709 1226 1882 1332 magister

467 1361 643 1466 passagii,
667 1360 834 1436 lohanne
859 1360 906 1434 de
926 1359 1032 1434 Braie
1050 1375 1086 1434 et
1105 1357 1331 1463 quibusdam
1352 1355 1434 1433 aliis
1456 1355 1627 1433 fratribus
1647 1356 1694 1432 de
1717 1383 1878 1461 quorun

467 1489 680 1568 nominibus
696 1515 770 1563 non
782 1485 924 1563 recolit.
939 1488 1038 1563 Dixit
1057 1487 1173 1563 eciam
1190 1514 1256 1591 per
1263 1486 1521 1591 juramentum
1535 1512 1645 1561 suum
1663 1483 1782 1589 quod,
1797 1502 1880 1587 post

467 1618 602 1695 multas
617 1618 883 1722 promissiones
898 1617 944 1692 ab
961 1645 1006 1694 co
1019 1616 1129 1693 lactas
1149 1617 1195 1691 de
1215 1616 1362 1693 statutis
1378 1632 1416 1691 et
1428 1614 1576 1691 secretis
1596 1613 1738 1691 ordinis
1753 1613 1880 1690 obser-

467 1748 608 1835 vandis,
627 1764 664 1822 et
682 1746 859 1821 mantello
879 1746 949 1822 sibi
969 1746 1017 1820 ad
1034 1745 1172 1821 collum
1190 1746 1328 1849 posito,
1351 1746 1472 1821 dictus
1494 1744 1673 1848 recipiens
1699 1743 1879 1847 aportavit

466 1878 536 1955 sibi
553 1877 752 1983 quamdam
773 1903 920 1951 crucem
945 1876 1094 1979 pictam,
1120 1891 1157 1950 et
1177 1875 1344 1979 precepit
1364 1875 1435 1951 sibi
1459 1874 1498 1949 in
1516 1874 1705 1978 presencia
1720 1873 1877 1948 aliorum

465 2006 620 2084 fratrum
641 2007 743 2113 quod
761 2006 914 2082 Jhesum
934 2004 1124 2082 Christum
1144 2004 1357 2111 abnegaret,
1376 2022 1412 2082 et
1427 2021 1577 2110 spueret
1589 2031 1698 2108 supra
1714 2031 1878 2087 crucem;

468 2155 504 2213 et
514 2154 620 2227 tunc,
634 2137 681 2213 de
689 2152 864 2241 precepto
879 2136 967 2211 dicti
983 2134 1213 2239 recipientis,
1230 2134 1386 2210 ihesum
1401 2135 1591 2212 Christum
1605 2134 1796 2238 abnegavit
1810 2151 1877 2223 ter,

380 2310 384 2317 ·
467 2284 505 2342 et
516 2283 584 2353 ter,
600 2264 744 2370 fingens
763 2294 896 2368 spuere
913 2294 1022 2369 supra
1041 2292 1207 2352 crucem,
1229 2264 1330 2368 spuit
1344 2265 1390 2339 ad
1408 2280 1557 2340 terram.

522 2395 615 2471 Item
633 2393 724 2470 dixit
742 2422 810 2498 per
827 2394 1081 2499 juramentum
1107 2421 1218 2468 suum
1243 2394 1348 2497 quod
1368 2393 1488 2469 dictus
1513 2393 1697 2498 recipiens
1715 2392 1878 2497 precepit

467 2522 538 2600 sibi
564 2522 667 2628 quod
694 2521 922 2599 oscularetur
950 2549 1037 2597 eum
1068 2523 1106 2596 in
1132 2521 1206 2596 fine
1222 2522 1327 2626 spine
1359 2523 1474 2614 dorsi,
1503 2523 1541 2598 in
1569 2522 1750 2599 umbilico
1780 2522 1877 2599 etin

421 2678 426 2685 ·
465 2680 548 2742 ore;
576 2669 614 2728 et
639 2654 717 2757 ipse
736 2651 841 2727 finxit
868 2652 989 2755 ipsum
1009 2650 1168 2727 osculari
1194 2651 1263 2740 ibi,
1284 2652 1351 2728 sed
1375 2680 1449 2729 non
1478 2653 1598 2758 tetigit
1622 2680 1709 2729 eum
1740 2652 1810 2727 nisi
1839 2652 1880 2727 in

466 2810 542 2859 ore.
561 2782 663 2859 Dixit
683 2782 799 2857 eciam
823 2810 889 2885 per
903 2781 1162 2886 juramentum
1185 2809 1295 2857 suum
1315 2782 1419 2886 quod
1442 2782 1480 2856 in
1502 2782 1699 2859 emissione
1720 2782 1796 2857 voti
1820 2810 1881 2857 ca-

465 2913 596 2989 stitatis
616 2911 700 2988 data
718 2911 789 2988 luit
805 2912 874 2988 sibi
894 2911 1046 2988 licencia
1067 2911 1258 2987 habitandi
1281 2912 1475 2989 carnaliter
1494 2938 1578 2988 cum
1597 2911 1773 2987 fratribus
1789 2911 1876 2988 dicti

465 3043 618 3119 ordinis.

520 3172 768 3274 Interrogatus
783 3188 908 3246 utrum
924 3173 974 3258 vi,
991 3172 1048 3247 vel
1064 3188 1168 3248 metu
1184 3189 1458 3247 tormentorum
1471 3172 1527 3247 vel
1542 3173 1711 3258 carceris,
1729 3188 1792 3247 aut
1804 3171 1873 3246 alia

464 3324 700 3402 quacumque
723 3298 767 3371 de
789 3327 912 3385 causa,
944 3299 982 3373 in
1002 3328 1066 3374 sua
1086 3299 1323 3403 deposicione
1343 3300 1505 3405 aliquam
1521 3301 1654 3377 dixerit
1672 3317 1735 3375 aut
1759 3301 1878 3376 immi-

465 3428 601 3502 scuerit
618 3426 826 3512 salsitatem,
853 3429 944 3502 dixit
963 3456 1029 3533 per
1043 3429 1297 3533 juramentum
1315 3460 1424 3505 suum
1440 3431 1542 3536 quod
1557 3459 1652 3519 n0n;
1669 3431 1785 3506 immo
1806 3461 1880 3535 pu-

464 3583 542 3630 ram
576 3572 612 3630 et
640 3583 778 3629 meram
801 3556 941 3632 dixerat
968 3557 1172 3633 veritatem.
1201 3559 1290 3633 Acta
1322 3577 1407 3633 sunt
1432 3560 1501 3634 bec
1530 3588 1641 3646 amm,
1669 3559 1873 3643 indicione,

465 3713 592 3760 mense
609 3685 817 3760 novembris
834 3687 1016 3790 predicto,
1036 3688 1112 3774 die,
1130 3688 1212 3764 loco
1229 3706 1266 3763 et
1280 3688 1496 3793 pontificatu
1512 3690 1702 3793 predictis,
1721 3716 1874 3793 presen-

462 3815 562 3890 tibus
574 3814 749 3890 fratribus
764 3815 944 3893 Michaele
956 3817 1002 3893 de
1015 3817 1195 3905 benedis,
1209 3818 1345 3895 Karolo
1361 3819 1582 3895 Ymbernico
1594 3836 1632 3894 ct
1645 3821 1752 3894 Petro
1767 3821 1870 3893 Lam-

463 3944 559 4020 bcrti
572 3945 714 4020 ordinis
730 3945 1023 4033 Predicatorum,
1041 3976 1082 4021 ac
1097 3945 1298 4023 Guillelmo
1312 3948 1358 4023 de
1374 3947 1546 4054 Choques
1564 3949 1640 4024 cive
1657 3949 1869 4035 Parisicnsi‚

463 4072 619 4148 testibus
633 4074 680 4149 ad
695 4077 872 4178 premissa
886 4077 1020 4151 vocatis
1036 4074 1241 4181 specialiter
1258 4094 1295 4152 et
1309 4078 1454 4184 rogatis.

517 4335 562 4409 Et
571 4362 638 4439 ego
650 4335 809 4412 Amisius
825 4337 870 4412 de
881 4336 1079 4414 Aureliano
1092 4338 1254 4414 dictusle
1265 4337 1372 4425 Ratis,
1390 4338 1557 4425 clericus,
1571 4355 1798 4415 sacrosancte
1806 4339 1878 4413 Ro-

462 4490 569 4539 manc
585 4465 745 4541 Ecclesia
766 4468 980 4542 auctoritate
996 4468 1159 4543 notarius
1174 4468 1364 4573 publicus,
1382 4468 1555 4544 omnibus
1568 4487 1604 4544 et
1617 4467 1770 4574 singulis
1787 4495 1878 4543 con-

463 4594 574 4670 tentis
586 4595 625 4669 in
641 4597 709 4671 hac
724 4612 762 4670 ct
775 4596 1060 4701 precedentibus
1076 4598 1189 4702 peciis
1206 4599 1376 4674 similiter
1391 4600 1482 4675 sutis
1493 4599 1691 4706 signomeo
1702 4598 1873 4702 signatis,

463 4748 534 4794 una
554 4751 638 4799 cum
651 4727 796 4830 scriptis
815 4724 971 4801 testibus
992 4743 1028 4800 et
1046 4726 1204 4829 publicis
1219 4729 1370 4805 notariis
1384 4757 1537 4834 presens
1557 4728 1726 4816 interfui,
1753 4756 1809 4816 ac,
1828 4729 1876 4804 de
