4230 5956
304 494 327 568 r
691 465 885 559 nnocts
911 483 1007 558 uns
1034 488 1337 562 rnnrmnns.

301 635 425 743 pnati3
458 657 605 706 necnon
632 627 856 735 Raynaudus
883 627 930 704 de
956 627 1159 708 Cunheriis
1187 631 1296 708 miles
1319 630 1570 718 Belvacensis‚
1596 632 1729 707 Petrus
1794 721 1797 726 ³

303 766 350 843 de
365 763 608 842 Claromonte
619 759 871 851 Belvacensis,
889 776 927 836 et
942 761 1158 838 Bernardus
1174 761 1221 838 de
1235 764 1397 870 Sarnayo
1411 762 1630 840 Parisiensis
1648 763 1730 840 dio-

304 923 470 981 cessum,
488 891 708 982 servientes,
729 918 797 998 per
818 890 962 993 dictum
984 891 1187 969 concilium
1203 892 1275 970 sub
1290 910 1390 970 certa
1409 890 1530 969 forma
1551 892 1730 970 condem-

303 1027 405 1136 pnati
426 1025 475 1102 ad
495 1053 649 1099 murum
669 1040 916 1129 perpetuum3
943 1036 981 1099 et
1003 1022 1230 1101 Lambertus
1255 1024 1302 1102 de
1324 1024 1537 1104 Cormelles
1559 1025 1729 1103 Suessio-

304 1158 429 1236 nensis
448 1155 641 1242 diocessis,
662 1153 843 1246 serviens3
858 1153 942 1261 qui,
957 1154 1065 1231 tactis
1078 1157 1319 1234 sacrosanctis
1335 1156 1565 1264 Evangeliis,
1579 1157 1729 1264 jurave-

304 1306 394 1367 runt
411 1288 536 1367 dicere
555 1286 708 1392 plenam
729 1303 768 1363 et
786 1312 929 1361 meram
950 1285 1144 1363 veritatem
1165 1286 1205 1363 in
1227 1287 1299 1364 isto
1315 1287 1495 1395 negocio,
1518 1288 1728 1366 secundum

304 1421 464 1499 formam
479 1416 864 1527 juramentialiorum
883 1415 1036 1494 testium
1057 1417 1231 1523 superius
1250 1418 1498 1526 registratam,
1521 1420 1726 1525 expositam

304 1551 617 1658 etvulgarizatam
638 1549 794 1628 eisdem.

359 1681 573 1777 Quo‘fact'o,
592 1683 714 1759 dictus
729 1680 843 1757 frater
854 1679 1095 1769 Lambertus,
1113 1681 1257 1760 habens
1278 1684 1556 1763 mantellum‘et
1569 1685 1726 1762 barbam

303 1814 467 1904 ordinis,
485 1813 730 1921 quadraginta
745 1811 913 1919 quinque
933 1840 1119 1889 annorum
1136 1813 1194 1890 vel
1214 1814 1515 1904 circa,⁴nondum
1531 1815 1728 1894 absolutus

304 1972 372 2020 nec
391 1943 672 2032 reconciliatus,
695 1973 780 2033 cum
802 1970 877 2048 quo
900 1958 1046 2031 tamen,
1068 1960 1112 2020 ut
1138 1943 1246 2031 dixit,
1268 1941 1391 2021 scierat
1413 1945 1638 2051 inquisitum
1660 1974 1727 2051 per

302 2076 469 2182 priorem
491 2074 773 2153 Predicatorum
799 2090 1003 2150 conventus
1023 2074 1238 2166 Trecensis,
1264 2074 1568 2152 commissarium
1602 2075 1727 2152 fratris

303 2205 502 2286 Guillelmi
518 2207 565 2283 de
578 2207 736 2283 Parisius
749 2204 894 2282 ordinis
906 2204 1081 2309 predicti,
1097 2204 1332 2310 inquisitoris
1351 2206 1516 2283 heretice
1537 2207 1726 2310 pravitatis

303 2340 343 2415 in
361 2367 480 2446 regno
496 2337 669 2427 Francie;
691 2335 966 2443 protestacione
983 2335 1164 2442 premissa
1181 2334 1287 2441 quod
1310 2364 1330 2411 a
1351 2335 1592 2441 deposicione
1611 2368 1724 2445 quam

302 2470 440 2548 fecerat
460 2499 582 2548 coram
604 2469 703 2546 dicto
719 2452 844 2575 priore
866 2466 1044 2545 Trecensi
1065 2492 1142 2542 non
1163 2465 1329 2543 intendit
1347 2467 1540 2558 recedere,
1564 2468 1669 2547 lectis
1688 2488 1726 2546 et

304 2601 505 2709 diligenter
525 2600 698 2708 expositis
725 2599 796 2676 sihi
824 2599 1001 2677 omnibus
1019 2615 1057 2675 et
1077 2597 1235 2704 singulis
1255 2597 1439 2688 articulis,
1465 2601 1664 2706 respondit·
1684 2630 1723 2677 se

274 2788 280 2797 -
303 2734 465 2823 nescire,
485 2761 553 2809 nec
568 2733 740 2822 credere,
757 2756 825 2808 nec
839 2728 1025 2806 audivisse
1048 2728 1123 2804 dici
1142 2728 1189 2804 de
1206 2727 1392 2804 contentis
1405 2728 1443 2803 in
1460 2729 1514 2804 eis
1529 2729 1600 2805 nisi
1618 2731 1723 2836 quod

302 2864 482 2972 sequitur.
507 2864 610 2941 Dixit
635 2864 737 2939 enim
767 2890 806 2939 se
827 2860 941 2937 fuisse
961 2874 1158 2964 receptum
1184 2858 1223 2934 in
1249 2857 1389 2966 capella
1410 2860 1547 2936 domus
1572 2860 1722 2966 Templi

303 2996 350 3073 de
369 2994 592 3074 Colomeriis
612 2996 652 3070 in
674 2993 779 3081 Bria,
804 2989 1011 3070 Meldensis
1033 2989 1209 3082 diocesis,
1233 2990 1486 3083 circalestum
1505 2991 1604 3068 beati
1626 2994 1723 3072 Mar-

300 3126 370 3204 tini
387 3126 560 3204 hiemalis
585 3125 755 3233 proximo
775 3122 1000 3229 preteritum
1020 3120 1175 3200 suerunt
1199 3150 1301 3201 xxnn
1326 3123 1493 3204 annivel
1516 3123 1622 3213 circa,
1655 3154 1721 3231 per

188 3293 192 3302 ·
299 3257 450 3336 fratrem
474 3261 676 3365 Hugonem
702 3253 847 3330 Picardi
870 3252 1080 3359 quondam,
1108 3253 1155 3331 de
1185 3255 1361 3332 mandato
1386 3253 1508 3333 fratris
1533 3254 1720 3363 Arnulphi

301 3390 348 3468 de
363 3388 580 3499 Vysamale,
603 3384 797 3490 quondam
814 3401 905 3460 tunc
925 3387 1154 3491 preceptoris
1173 3387 1274 3475 Brie,
1290 3387 1528 3493 presentibus
1543 3385 1721 3464 fratribus

299 3519 466 3600 Gerardo
487 3520 535 3610 de
562 3516 702 3593 Pruino
732 3513 959 3621 presbiter0,
987 3533 1078 3592 tunc
1102 3536 1322 3625 preceptore
1344 3519 1480 3596 domus
1500 3519 1651 3624 Templi
1674 3520 1720 3595 de

298 3653 450 3738 Pruin0,
473 3647 644 3754 Remigio
666 3648 713 3722 de
729 3646 853 3754 Ploysi
873 3645 1092 3738 dellunctis,
1112 3664 1150 3727 et
1164 3649 1495 3756 quibusdamgaliis
1516 3649 1721 3754 dequibus

298 3811 374 3861 non
386 3777 536 3865 recolit,
553 3777 593 3852 in
610 3775 712 3852 hunc
726 3777 886 3853 modum
905 3811 912 3853 :
930 3806 1016 3855 nam
1037 3808 1122 3856 cum
1139 3781 1313 3887 peciisset
1326 3809 1462 3886 panem
1476 3797 1515 3855 et
1533 3810 1668 3888 aquam
1683 3802 1720 3858 et

297 3913 514 3992 societatem
530 3906 688 3983 fratrum
709 3907 853 3984 ordinis
870 3908 942 3986 sibi
961 3910 1116 3988 concedi
1129 3939 1257 3990 amore
1270 3911 1340 3989 Dei
1359 3928 1398 3988 et
1411 3910 1519 3987 beate
1535 3913 1663 3998 Marie,
1683 3928 1720 3986 et

295 4066 518 4152 responsum
539 4038 671 4116 fuisset
691 4040 762 4116 sibi
790 4042 895 4147 quod
915 4041 1013 4119 bene
1036 4042 1281 4137 deliberaret,
1303 4043 1392 4148 quia
1416 4059 1607 4148 oporteret
1629 4070 1717 4119 euin

296 4170 415 4251 multa
434 4196 564 4277 aspera
578 4171 764 4248 sustinere
784 4171 824 4249 in
843 4173 994 4267 ordine,
1013 4192 1050 4252 et
1065 4175 1170 4282 quod
1189 4189 1338 4283 rogaret
1355 4172 1480 4250 Deum
1503 4171 1608 4280 quod
1629 4200 1718 4249 eum

296 4302 492 4408 dirigeret,
503 4304 662 4380 tandem
678 4304 759 4410 ipso
775 4305 938 4383 instante
954 4324 992 4384 et
1002 4306 1235 4414 supplicante
1248 4303 1424 4413 utprius,
1439 4306 1595 4413 prestito
1611 4306 1717 4383 abeo

294 4462 361 4538 per
372 4432 633 4539 juramentum
654 4434 760 4541 quod
779 4465 856 4513 non
876 4436 1041 4514 habebat
1065 4437 1325 4517 infirmitatem
1346 4436 1526 4516 latentem
1547 4465 1616 4512 nec
1641 4454 1718 4513 erat

294 4566 654 4654 excommunicatus,
677 4594 746 4644 nec
767 4566 873 4645 alteri
886 4567 1061 4677 religioni
1083 4570 1152 4646 ne'c
1168 4568 1410 4647 matrimonio
1424 4567 1611 4674 alligatus,
1629 4565 1717 4644 lecit

293 4721 523 4775 eumvovere
532 4712 572 4776 et
573 4698 703 4809 jurare
714 4687 837 4775 dictus
847 4716 1021 4806 receptor
1031 4700 1248 4792 castitatem,
1261 4696 1581 4786 obedienciam,et
1593 4696 1725 4797 virere·

291 4826 372 4905 sine
392 4829 575 4961 propriog
584 4845 717 4933 tenere
738 4829 860 4907 bonos
883 4859 975 4910 usus
996 4849 1034 4908 et
1052 4833 1172 4911 bonas
1196 4829 1493 4910 consuetudines
1511 4858 1585 4938 que
1607 4848 1715 4907 erant

525 4932 576 5031 st:
