4230 5956
346 502 393 574 ro
732 473 930 568 esoces
956 494 1052 565 nus
1079 489 1378 566 rummiens.

344 640 392 718 de
412 639 609 718 Penrando
639 635 805 715 visitator
828 635 998 724 Francie,
1025 632 1222 741 presidens
1242 647 1334 706 tunc
1358 627 1521 736 capitulo
1547 656 1682 706 eorum
1707 657 1773 738 ge-

344 770 461 850 nerali
486 770 666 860 Parisius,
692 768 833 875 recepit
856 767 895 845 in
919 765 1061 873 capella
1086 762 1218 872 majori
1242 760 1394 867 Templi
1421 760 1547 866 ipsum
1571 778 1709 838 testem
1736 780 1775 840 et

344 902 477 982 lretres
490 901 701 980 lohannem
716 902 820 977 Bratt
837 899 883 977 de
904 900 975 976 Fer
991 895 1262 1004 presbiterum,
1281 892 1512 969 Richardum
1534 893 1637 970 Scoti
1651 922 1775 1001 quon-

346 1034 449 1123 dam,
468 1031 696 1111 bichardum
716 1029 765 1107 de
784 1029 961 1137 Caprosia
982 1028 1128 1106 dietmu
1147 1026 1183 1103 le
1201 1026 1352 1104 Charon
1371 1023 1591 1113 servientes,
1618 1041 1657 1101 et
1676 1026 1773 1104 duos

346 1164 439 1244 alios
458 1164 660 1243 servientes
674 1189 840 1271 quorum
856 1160 1011 1238 nomina
1035 1176 1073 1236 et
1097 1156 1322 1265 cognomina
1346 1155 1512 1264 ignorat,
1533 1156 1774 1261 presentibus

346 1292 524 1373 iratribus
541 1292 743 1398 liudulpho
760 1290 807 1368 de
822 1289 902 1370 Gisi
922 1307 961 1367 et
977 1286 1153 1395 Philippo
1173 1287 1316 1393 Agathe
1332 1302 1423 1362 tunc
1442 1298 1662 1393 preceptore
1681 1289 1775 1365 Nor·

347 1424 514 1512 triennio,
536 1439 579 1502 et'
593 1423 791 1532 Reynardo
811 1421 858 1498 de
879 1420 1106 1527 Tremplayo
1127 1420 1354 1526 presbitero,
1379 1417 1540 1496 testibus
1559 1447 1671 1525 supra
1692 1447 1774 1496 exa-

346 1557 513 1645 minetis,
544 1570 687 1633 astante
712 1554 784 1656 alia
808 1550 1056 1630 multitudine
1081 1579 1151 1659 pro
1178 1549 1342 1657 capitulo
1375 1567 1608 1658 congregata.
1640 1547 1673 1626 Α
1696 1580 1772 1657 qno

347 1703 540 1795 receptore
556 1714 642 1764 cum
656 1685 855 1792 peciissent
869 1685 1050 1762 instanter
1061 1699 1100 1760 et
1111 1680 1253 1790 pluries
1264 1709 1402 1789 panem
1417 1697 1456 1757 et
1467 1710 1603 1788 aquam
1616 1681 1771 1772 ordinis,

346 1835 384 1897 et
403 1818 458 1896 eis
478 1817 735 1925 respondisset
753 1815 858 1924 qnod
876 1815 975 1894 bene
998 1813 1269 1902 deliberarent,
1291 1814 1378 1920 quia
1399 1830 1591 1919 oporteret
1610 1841 1676 1890 eos
1694 1842 1715 1889 a
1732 1841 1773 1891 se

344 1947 515 2026 abdicare
542 1947 733 2055 propriam
760 1945 995 2024 voluntatem
1025 1963 1063 2024 et
1088 1945 1222 2052 subjici
1248 1945 1387 2034 aliene,
1416 1962 1455 2022 et
1477 1942 1598 2021 multa
1622 1944 1716 2022 dura
1736 1962 1784 2025 et.

344 2107 473 2187 aspera
502 2080 708 2164 sustinere,
747 2077 913 2157 [inoliter
945 2079 1102 2184 prestito
1135 2105 1205 2184 per
1232 2079 1492 2186 juramentum
1524 2074 1631 2184 quod
1655 2072 1773 2152 nichil

346 2209 531 2288 dederant
547 2209 606 2286 vel
623 2210 876 2315 promiserant
894 2227 938 2285 ut
954 2211 1215 2319 reciperentur
1234 2211 1273 2285 in
1294 2210 1428 2287 ordine
1448 2210 1679 2315 supradicto,
1703 2235 1775 2283 nec

343 2357 452 2419 erunt
472 2338 580 2417 alteri
600 2338 774 2448 religioni
795 2337 969 2447 obligati,
991 2368 1062 2416 nec
1080 2339 1271 2417 habebant
1289 2340 1433 2446 aliquid
1452 2339 1772 2446 inpedimentum,

347 2471 432 2550 lecit
462 2499 528 2549 eos
555 2498 687 2550 sotere
713 2471 937 2557 castitatem,
969 2470 1247 2563 obedienciam,
1278 2491 1317 2549 et
1347 2472 1470 2549 sisere
1497 2471 1577 2548 sine
1606 2469 1771 2575 proprio.

347 2603 593 2682 Postrrrodum
610 2602 792 2709 imposuit
803 2602 857 2678 eis
871 2600 1088 2691 mantellos,
1108 2601 1318 2708 presbitero
1334 2602 1505 2709 predicto
1520 2601 1668 2677 dicente
1684 2598 1775 2705 psal·

344 2762 450 2811 utinm
464 2732 629 2811 Ecclesie
639 2734 755 2812 :Eece
765 2762 867 2838 qnam
883 2734 1003 2811 bonum
1019 2748 1055 2810 et
1066 2734 1377 2838 qnamjocmdunt,
1391 2751 1428 2810 et
1437 2733 1619 2838 quasdam
1634 2733 1777 2808 oracio·

346 2893 428 2957 ries,
446 2883 484 2942 et
500 2891 634 2943 omues
645 2862 778 2942 fratres
792 2882 955 2942 astantes
973 2862 1128 2941 fuerunt
1143 2892 1208 2941 eos
1221 2863 1380 2942 osculati
1395 2865 1436 2939 in
1454 2893 1533 2942 ore.
1555 2865 1644 2958 Quo
1658 2862 1774 2949 sacto,

346 2992 414 3071 tuit
436 2992 579 3071 dictum
599 3022 667 3101 per
685 2993 892 3101 quemdam
912 3023 957 3071 ex
972 2993 1151 3073 fratribus
1170 2994 1394 3079 astantibus,
1416 2994 1535 3071 nescit
1554 3025 1623 3102 per
1640 3022 1773 3101 quem,

347 3127 530 3234 recepturi
556 3126 660 3234 qrtod
686 3127 765 3233 ipse
793 3125 999 3206 obmiserat
1032 3156 1096 3205 eos
1129 3128 1349 3206 conrrdcare
1388 3155 1538 3205 crucem
1570 3126 1707 3217 facere,
1738 3145 1775 3203 et

346 3255 452 3363 qtrod
479 3275 742 3366 apportaretur
767 3288 857 3336 crux
880 3277 924 3337 ut
950 3259 1213 3337 conculcarent
1242 3289 1344 3354 eam,
1377 3277 1529 3337 etcum
1559 3260 1640 3367 ipse
1671 3259 1776 3336 testis

347 3404 383 3465 et
409 3386 473 3464 alii
500 3388 641 3497 recepti
671 3390 744 3467 hoc
768 3390 1014 3482 audivissent,
1044 3390 1199 3468 suerunt
1228 3391 1473 3468 vehementer
1492 3390 1707 3498 stupefacti,
1737 3408 1776 3467 et

348 3517 542 3624 potissime
562 3520 641 3626 ipse
660 3522 783 3601 testis.
804 3538 846 3597 ut
869 3522 973 3600 dixit.
998 3524 1085 3617 Quo
1105 3526 1204 3614 tiso,
1226 3524 1351 3600 dietus
1369 3540 1542 3629 receptor
1560 3523 1656 3599 dixit
1671 3522 1776 3628 quod

347 3649 427 3755 ipse
457 3669 536 3728 erat
566 3650 656 3730 tlibi
691 3650 944 3759 prolecturus.
978 3672 1017 3733 et
1048 3657 1153 3762 quod
1187 3655 1422 3731 dimitterent
1452 3654 1574 3732 dictos
1606 3671 1777 3760 receptos

345 3798 464 3873 maru,
486 3782 576 3890 quia
594 3781 685 3861 alias
705 3784 983 3862 instruerentur
1004 3786 1052 3864 de
1071 3788 1220 3892 punctis
1233 3786 1401 3893 ordinis,
1417 3803 1456 3862 et
1475 3786 1529 3861 sie
1545 3785 1649 3861 nulla
1665 3813 1776 3860 cruce

344 3911 470 3999 ettam,
503 3941 573 3991 uer
596 3913 647 3992 de
678 3913 807 4022 aliquo
835 3913 910 3993 alio
936 3916 1069 3993 illicito
1094 3934 1272 3995 contento
1297 3919 1336 3994 in
1358 3917 1467 3995 dietis
1489 3915 1657 3993 articulis
1681 3914 1776 3991 sacta

345 4060 435 4121 tuuc
462 4046 661 4123 mensione
686 4046 756 4153 ipsi
781 4048 869 4125 testi
894 4046 953 4125 rel
973 4047 1073 4127 aliis.
1103 4067 1349 4126 reeemenmt.
1376 4048 1454 4128 Sed
1471 4047 1628 4154 quidam
1648 4042 1773 4133 frater,

346 4173 456 4281 eujus
474 4203 616 4253 rimuen
635 4195 671 4255 et
692 4206 907 4287 murnumen
932 4181 1096 4290 ignom.
1120 4179 1212 4256 dixit
1233 4182 1355 4288 quod.
1380 4177 1590 4259 seeundum
1616 4205 1775 4254 consue

345 4305 521 4384 tudinem
547 4308 709 4389 imbuis.
740 4311 929 4390 debebunt
959 4314 1146 4423 abnegare
1169 4314 1312 4397 Deum.
1342 4332 1383 4391 ut
1410 4311 1483 4390 sibi
1511 4309 1681 4386 sidetur:
1707 4309 1777 4386 sed

346 4432 609 4543 ptutsttmlum,
631 4442 680 4518 de
704 4443 815 4519 dietis
841 4444 983 4520 illicitis
1007 4445 1067 4521 set
1094 4445 1179 4522 aliis
1197 4446 1301 4523 nulla
1320 4445 1392 4521 luit
1420 4444 1514 4520 heu
1537 4442 1688 4519 mencio
1705 4442 1776 4546 ipsi

345 4571 604 4650 testiumsrit
617 4572 1183 4680 rimsutlisitqumlsueiitfaeta
1195 4572 1775 4680 memiodfiseumeooeoepus

347 4698 565 4806 ttrqosius
582 4703 612 4777 si
635 4704 721 4781 seit.
740 4701 799 4780 ml
814 4704 955 4782 eredit.
975 4703 1034 4780 tel
1048 4705 1189 4782 audiuit
1205 4707 1279 4783 diri
1300 4707 1404 4814 quod
1424 4704 1550 4812 aliqua
1568 4704 1700 4782 illiciis
1717 4704 1777 4782 iu-

346 4830 574 4908 tenerrime
589 4830 629 4906 iu
641 4831 927 4941 mepuirmibm
936 4833 1099 4913 tlismrm
1108 4834 1267 4913 lrttmm
1276 4834 1334 4913 vel
1346 4855 1449 4942 post.
1461 4837 1658 4944 respoudit
1669 4833 1775 4942 qnod
