4268 5946
698 430 895 519 Pnocsss
921 446 1017 519 DES
1042 444 1344 519 TEMPLIERS.
1659 450 1733 525 oso

312 585 413 663 dicto
432 582 586 662 domino
611 583 759 663 Elnensi
796 587 987 692 episcopo,
1018 602 1062 663 ut
1088 587 1261 692 superius
1290 587 1328 662 in
1354 585 1451 662 dicta
1481 588 1562 696 ejus
1588 590 1735 697 deposi-

311 716 418 791 cione
439 714 699 822 [contineturll.

367 844 425 923 Ad
446 845 578 923 lmen
605 862 643 922 et
666 845 816 923 lxxxvur
835 864 947 953 atque
967 846 1144 925 ultimum
1170 847 1347 925 articulos
1371 849 1603 954 respondens
1621 851 1734 928 inter·

309 993 475 1084 rogatus,
499 976 591 1053 dixit
603 1004 642 1054 se
659 978 803 1055 nescire
816 978 941 1085 aliqua
959 978 1017 1055 rel
1027 977 1170 1084 aliquid
1187 978 1236 1055 de
1250 978 1436 1056 contentis
1447 977 1486 1055 in
1502 980 1607 1085 ipsis3
1621 1008 1734 1087 super

309 1106 390 1182 eliis
404 1132 493 1183 cero
511 1106 561 1183 dc
576 1107 716 1212 quibus
729 1109 934 1215 precipitur
947 1106 1028 1185 fieri
1050 1109 1249 1213 inquisicio
1268 1109 1466 1215 generalis,
1483 1127 1595 1216 prout
1612 1111 1732 1188 visum

310 1236 379 1312 luit
406 1237 505 1314 dicto
526 1237 681 1315 domino
705 1239 898 1345 episcopo,
923 1257 960 1316 et
980 1240 1158 1344 predictis
1184 1240 1265 1317 aliis
1291 1240 1458 1317 dominis
1482 1241 1671 1319 canonicis
1696 1259 1732 1319 et

308 1366 491 1475 religiosis
513 1368 601 1447 viris
622 1369 902 1475 inquirentibus
921 1370 1058 1477 pariter
1078 1398 1164 1447 cum
1184 1373 1339 1457 eodem,
1358 1372 1561 1478 requisitus
1579 1373 1674 1449 dixit
1693 1401 1732 1449 se

308 1497 426 1575 nichil
445 1497 605 1603 amplius
623 1499 729 1576 scire.

362 1761 423 1837 lll.
442 1762 571 1837 Frater
586 1761 775 1839 Jordanus
791 1762 838 1838 de
851 1762 1065 1839 Pulcrovisu
1085 1763 1229 1840 ordinis
1246 1763 1335 1840 dicti
1353 1762 1519 1869 Templi,
1541 1780 1579 1840 et
1594 1764 1730 1842 domus

306 1890 425 1967 Mansi
446 1891 515 1967 Dei
535 1891 719 1995 predicte,
735 1889 897 1996 juratus,
918 1908 961 1968 ut
974 1892 1190 1997 principalis
1206 1891 1253 1968 de
1273 1920 1311 1969 se
1333 1893 1425 1998 ipso,
1443 1908 1480 1970 et
1498 1909 1541 1970 ut
1556 1892 1661 1970 testis
1681 1894 1729 1971 de

306 2019 402 2109 aliis,
423 2047 537 2126 super
556 2020 721 2098 articulis
736 2048 850 2125 super
869 2021 1008 2127 qtribus
1028 2020 1320 2128 interrogabitur
1337 2018 1503 2129 plenam,
1524 2050 1667 2102 meram
1692 2043 1731 2101 et

305 2178 438 2256 puram
454 2150 578 2227 dicere
594 2151 801 2239 veritatem,
820 2136 913 2227 dixit
933 2167 970 2228 et
985 2150 1162 2257 deposuit
1178 2168 1223 2228 ut
1238 2154 1407 2259 sequitur
1423 2184 1433 2229 z

361 2281 686 2388 Expositisprimo
704 2281 777 2359 sibi
793 2280 959 2359 articulis
983 2282 1021 2357 iu
1045 2281 1202 2388 vulgari,
1220 2310 1334 2390 super
1353 2285 1494 2389 primo,
1512 2310 1563 2372 u,
1586 2310 1728 2363 ιιι-ιν

305 2411 470 2490 articulis
487 2411 682 2500 inclusive,
704 2410 892 2519 sigillatim
913 2427 952 2489 et
970 2411 1218 2521 singulariter,
1241 2412 1442 2519 diligenter
1460 2414 1726 2522 interrogatus,

306 2542 567 2648 negavitipsos
579 2542 755 2621 articulos
768 2560 807 2619 et
819 2543 945 2621 omnia
958 2559 996 2619 et
1012 2542 1157 2650 singula
1171 2559 1347 2621 contenta
1358 2547 1398 2621 in
1410 2545 1475 2624 eis.
1489 2543 1591 2622 Dixit
1604 2562 1728 2623 nmen

304 2674 408 2779 quod
425 2701 448 2749 a
464 2690 636 2781 tempore
657 2672 748 2751 citra
771 2700 848 2779 quo
867 2673 947 2778 ipse
966 2670 1079 2750 irater
1091 2673 1278 2751 lordanus
1296 2691 1334 2751 et
1354 2674 1417 2750 alii
1437 2672 1567 2752 iratres
1585 2674 1729 2751 ordinis

306 2804 393 2881 dicti
406 2803 556 2910 Templi
572 2804 743 2883 Elnensis
762 2803 920 2881 diocesia
937 2802 1091 2881 luerunt
1102 2805 1215 2911 capti,
1233 2805 1407 2883 ocasione
1421 2804 1625 2882 criminum
1639 2832 1730 2883 con-

304 2950 495 3013 tentorum
510 2936 551 3011 in
570 2935 660 3043 ipsis
673 2933 854 3023 articulis,
869 2935 950 3040 ipse
964 2935 1029 3041 qui
1044 2934 1214 3042 loquitur
1226 2934 1367 3012 audivit
1376 2934 1524 3042 aliquos
1533 2935 1729 3042 loquentes

303 3065 405 3171 quod
426 3095 555 3143 rumor
575 3082 613 3143 et
632 3093 804 3143 murmur
822 3066 990 3174 gentium
1006 3065 1077 3143 luit
1096 3081 1224 3143 contra
1245 3066 1345 3172 ipsos
1367 3065 1415 3143 de
1432 3066 1628 3174 predictisa
1649 3067 1729 3143 adi-

303 3197 406 3272 ciens
424 3224 464 3273 se
487 3194 641 3273 credere
660 3194 765 3301 quod
786 3194 888 3273 idem
912 3220 1042 3273 rumor
1068 3220 1146 3275 nou
1166 3197 1349 3302 processit
1364 3225 1386 3272 e
1404 3194 1593 3284 veridicis,
1619 3195 1687 3274 sed
1708 3226 1727 3271 a

302 3326 401 3403 salsis
433 3345 469 3404 et
497 3326 657 3404 inimicis
684 3325 829 3403 ordinis
848 3325 1062 3432 supradicti.
1083 3326 1188 3405 Dixit
1209 3327 1325 3404 eciam
1350 3350 1487 3405 senon
1507 3325 1728 3405 reoordaria

302 3458 442 3563 quibus
459 3457 602 3536 audivit
614 3457 824 3565 predictum
846 3486 1021 3537 murmur
1035 3458 1119 3534 lieri
1135 3458 1211 3535 sive
1227 3457 1313 3534 dici.

361 3589 417 3667 ld
438 3614 664 3667 xva—xxvru
679 3588 853 3666 articulos
867 3588 1063 3672 inclusive,
1090 3605 1129 3664 et
1147 3616 1279 3665 corum
1297 3587 1467 3692 singulos
1486 3584 1676 3696 sigillatim
1691 3602 1730 3661 et

303 3718 549 3825 singulariter,
566 3717 765 3823 diligenter
777 3718 1038 3823 interrogatus,
1059 3718 1205 3823 negavit
1214 3716 1339 3793 omnia
1350 3735 1388 3794 et
1400 3715 1544 3825 singula
1554 3722 1727 3793 contenta

304 3852 342 3925 in
369 3850 440 3937 eis3
472 3848 637 3931 adiciens
660 3876 700 3926 se
722 3848 875 3924 credere
899 3864 1171 3925 sacramentum
1190 3846 1315 3925 altaris
1340 3864 1379 3925 et
1403 3847 1473 3925 alie
1501 3864 1728 3925 sacramenta

304 3979 483 4067 Ecclesie,
499 3996 613 4085 prout
631 3980 797 4058 Romana
810 3978 974 4057 Ecclesia
992 3977 1066 4057 hoc
1079 3997 1184 4056 tenet
1199 3995 1237 4056 et
1249 3978 1376 4067 docet,
1391 3996 1430 4055 et
1442 3978 1544 4057 idem
1558 3976 1664 4086 quod
1679 3977 1727 4055 de

302 4138 341 4187 se
356 4108 474 4187 credit
492 4108 541 4187 de
560 4110 737 4189 omnibus
756 4127 795 4189 et
812 4108 969 4216 singulis
988 4108 1166 4187 iratribus
1179 4110 1268 4187 dicti
1284 4108 1445 4214 Templi.

358 4240 416 4319 ad
432 4267 515 4319 xxm
535 4240 733 4319 articulum
751 4240 998 4347 respondens,
1026 4240 1119 4316 dixit
1134 4268 1173 4317 se
1188 4266 1259 4316 nec
1273 4240 1368 4318 scire
1382 4268 1453 4317 nec
1466 4239 1619 4318 credere
1636 4266 1728 4318 con-

304 4391 403 4451 tenta
423 4374 462 4450 in
483 4400 546 4463 eo,
567 4372 664 4450 salva
684 4373 874 4451 mactitete
899 4371 1042 4449 domini
1067 4370 1184 4451 nostri
1207 4400 1302 4479 pape
1322 4390 1361 4449 et
1379 4372 1538 4450 fratrum
1557 4370 1640 4479 ejus
1656 4372 1728 4449 lao-

305 4531 415 4593 nore;
444 4521 483 4583 et
508 4505 539 4579 ai
565 4505 646 4611 ipse
671 4504 846 4611 Magister
872 4500 1064 4581 molossus
1091 4502 1164 4580 fuit
1191 4519 1362 4581 contenta
1384 4503 1423 4580 in
1446 4503 1528 4610 ipso
1552 4500 1726 4591 articulo,

306 4636 497 4715 conlessue
517 4652 573 4712 est
590 4634 684 4713 lalao
697 4635 815 4713 modo
832 4651 870 4712 et
887 4634 1067 4712 mentitus
1085 4650 1158 4726 est,
1176 4635 1275 4713 sieut
1288 4634 1381 4712 dixit
1399 4652 1439 4711 et
1454 4633 1585 4711 credit.

363 4767 418 4844 Ad
436 4792 688 4845 xxx-xxxnn
708 4765 884 4845 articulos
903 4765 1080 4843 inclusive
1096 4766 1342 4872 respondens,
1363 4765 1601 4873 singulariter
1613 4782 1652 4842 et
1670 4765 1728 4841 di·
