4230 5956
432 470 504 552 iso
786 460 1009 550 'eneces
1035 473 1130 547 ons
1157 473 1456 547 'teupernus

427 646 516 697 non.
543 617 755 722 Requisitus
774 616 812 694 'si
839 616 1007 722 predicta
1033 614 1158 692 illicita
1187 613 1391 691 confessam
1412 642 1483 720 per
1506 642 1594 691 eum
1615 616 1769 693 aut-alia
1789 617 1846 707 in-

427 750 584 827 honesta
604 746 899 824 interveniebant
919 747 958 823 in
979 743 1261 851 recepcionibus
1280 744 1440 822 eliorum
1457 744 1513 820 vel
1527 761 1628 849 post,
1649 747 1846 852 respondit

427 872 465 956 se
489 878 641 955 credere
665 877 768 984 quod
793 877 922 954 illicita
947 875 1151 953 consessata
1175 903 1243 981 per
1267 904 1355 953 eum
1375 876 1628 952 communiter
1646 876 1846 954 interveni-

427 1029 512 1087 rent
538 1013 576 1086 in
600 1009 883 1115 recepcionibus
911 1009 1072 1087 aliorum
1098 1007 1155 1084 vel
1177 1025 1276 1114 post,
1299 1008 1386 1113 quia
1406 1007 1500 1085 vidit
1515 1007 1631 1112 recipi
1652 1008 1689 1083 in
1712 1010 1845 1087 ordine

427 1140 578 1218 fratrem
607 1140 856 1219 Guillelmum
882 1140 1045 1219 Galabrii
1073 1138 1316 1229 servientem,
1337 1156 1595 1244 preceptorem
1622 1138 1671 1216 de
1690 1139 1848 1218 Viveriis

428 1272 700 1349 Lemovicensis
727 1271 902 1359 diocesis,
930 1272 969 1347 in
998 1269 1138 1376 capella
1165 1270 1303 1347 domus
1326 1268 1494 1375 predicte
1521 1269 1568 1346 de
1592 1267 1649 1346 las
1672 1271 1845 1377 Mayhez‚

428 1402 523 1481 infra
549 1419 632 1480 octo
660 1403 740 1479 dies
769 1431 789 1478 a
815 1418 985 1505 tempore
1013 1400 1242 1505 recepcionis
1271 1399 1390 1505 ipsius
1416 1398 1540 1485 testis,
1569 1413 1638 1505 per
1666 1403 1845 1478 eumdem
1891 1430 1895 1440 ·

429 1533 678 1638 presbiterum
699 1549 737 1608 et
756 1530 993 1637 presentibus
1014 1530 1087 1608 illis
1106 1530 1171 1637 qui
1193 1529 1397 1606 adsuerunt
1421 1529 1630 1636 recepcioni
1655 1531 1773 1636 ipsius
1796 1550 1847 1608 te·

429 1664 505 1740 stis.
527 1650 639 1751 ltemi
651 1662 745 1739 vidit
757 1662 870 1768 recipi
891 1662 1095 1768 quemdam
1111 1659 1227 1737 alium
1242 1658 1394 1736 fratrem
1412 1660 1460 1736 de
1476 1660 1724 1751 Borbonesio,
1741 1662 1847 1769 cujus

429 1821 568 1870 nomen
589 1810 626 1869 et
646 1820 854 1899 cognomen
874 1792 1035 1899 ignorat,
1058 1791 1097 1866 in
1118 1790 1257 1896 capella
1279 1792 1417 1867 domus
1441 1791 1593 1898 Templi
1617 1793 1667 1868 de
1690 1792 1848 1870 Camba-

429 1921 523 2001 rello
551 1922 826 2000 Lemovicensis
853 1922 1027 2009 diocesis,
1054 1937 1182 1998 sunta
1204 1920 1290 1996 anni
1312 1921 1369 1997 vel
1388 1921 1501 2007 circa,
1521 1948 1590 2028 per
1608 1921 1758 1999 fratrem
1780 1925 1847 1999 Pe·

428 2070 530 2132 trum
544 2056 591 2131 de
600 2055 742 2148 Quasto
752 2053 897 2131 Drunio
908 2052 1104 2142 serviente,
1117 2052 1575 2157 quondampreceptorem
1588 2052 1686 2129 dicte
1696 2053 1845 2143 domus,

429 2184 667 2287 presentibus
681 2183 856 2261 fratribus
871 2185 1041 2260 iohanne
1058 2183 1106 2260 de
1123 2181 1272 2261 Gentils
1292 2181 1556 2260 etGuillelnro
1577 2184 1754 2261 Lancelot
1774 2212 1849 2261 eer-

430 2313 626 2401 vientibus,
640 2314 913 2391 Lemovicensis
929 2314 1096 2402 diocesis,
1113 2313 1334 2419 dequorum
1347 2314 1420 2391 vita
1431 2313 1490 2390 vel
1507 2332 1629 2413 morte
1645 2343 1721 2393 non
1737 2317 1848 2394 habet

431 2442 720 2559 certitudinem:
742 2442 781 2517 in
804 2429 969 2550 quorum
988 2443 1272 2548 recepcionibus
1295 2442 1391 2519 vidit
1414 2443 1573 2549 precipi,
1602 2444 1684 2521 fieri
1713 2462 1750 2522 et
1772 2474 1848 2523 ser-

430 2573 504 2651 vari
532 2574 631 2651 licite
657 2591 695 2651 et
721 2573 849 2652 illicita
877 2603 952 2680 que
979 2575 1019 2650 in
1035 2573 1265 2682 precepcione
1293 2601 1360 2651 sua
1387 2574 1562 2681 deposuit
1590 2575 1845 2654 intervenisse.

431 2705 542 2791 Item,
566 2704 657 2781 dixit
677 2734 716 2783 se
737 2704 891 2782 credere
917 2703 1172 2782 ecclesiasticis
1191 2705 1449 2793 sacramentis,
1475 2705 1632 2783 credens
1655 2707 1761 2813 quod
1785 2709 1848 2784 alii

431 2833 645 2925 crederent,
658 2853 694 2912 et
715 2836 821 2942 quod
839 2863 970 2913 eorum
992 2834 1203 2912 sacerdotes
1217 2834 1344 2912 debite
1364 2834 1607 2912 celebrarent.
1630 2838 1789 2924 seravit,
1813 2857 1850 2917 et

432 2965 492 3042 alii
513 2995 608 3072 quos
627 2967 721 3044 vidit
741 2967 853 3072 recipi
864 2968 1086 3074 jnraverunt
1100 2966 1204 3073 quod
1225 2993 1303 3042 non
1323 2966 1466 3042 exirent
1484 2966 1673 3054 ordinem,
1691 2968 1848 3045 credens

432 3097 535 3201 quod
555 3095 617 3172 alii
639 3098 891 3174 communiter
911 3099 982 3175 boc
997 3098 1178 3204 jurarent.
1209 3097 1341 3174 Statim
1365 3097 1601 3175 habebantur
1617 3125 1688 3204 pro
1707 3099 1849 3205 proles-

432 3225 493 3303 sis.
516 3225 622 3302 Clam
641 3227 926 3333 recipiebantur,
949 3228 1063 3304 nullis
1082 3228 1319 3333 presentibus
1339 3228 1410 3304 nisi
1431 3226 1608 3305 fratribus
1628 3229 1790 3317 ordinis,
1813 3250 1851 3308 et

428 3344 551 3461 januis
572 3356 715 3433 clausis.
743 3358 919 3435 Cordulis
939 3358 1184 3465 cingebantur
1204 3387 1317 3464 super
1336 3357 1505 3434 camisias
1524 3387 1609 3436 cum
1630 3359 1772 3465 quibus
1793 3360 1850 3464 ja-

432 3487 566 3565 cebant
589 3506 626 3564 et
646 3490 845 3595 assumptis
868 3489 970 3566 unde
992 3489 1176 3566 volebant.
1206 3488 1476 3598 injungebatur
1500 3517 1569 3594 per
1590 3491 1848 3597 juramentum

433 3645 481 3695 ne
493 3616 700 3695 revelarent
716 3619 872 3696 modurn
888 3620 1137 3727 recepcionis,
1157 3620 1273 3726 etqui
1291 3618 1516 3697 revelassent
1531 3620 1676 3697 dictum
1692 3621 1847 3698 modum

433 3748 490 3827 vel
509 3749 580 3826 alis
599 3767 738 3827 secreta
759 3751 880 3856 puniti
900 3750 1076 3839 luissent,
1098 3751 1164 3829 sed
1185 3752 1303 3828 nescit
1322 3749 1493 3857 qualiter.
1523 3751 1716 3844 Quamdiu
1735 3751 1851 3828 habe·

432 3878 523 3956 bant
550 3882 694 3986 copiam
723 3881 959 3958 sacerdotum
988 3883 1147 3969 ordinis,
1176 3910 1254 3957 non
1282 3880 1472 3958 debebant
1489 3907 1541 3957 'ex
1568 3899 1744 3988 precepto
1769 3881 1851 3958 aliis

434 4010 616 4088 confiteri.
638 4015 783 4091 Fratres
795 4014 953 4091 scientes
974 4042 1118 4092 errores
1138 4013 1294 4090 fuerunt
1307 4012 1556 4120 negligentes,
1573 4011 1661 4118 qnia
1678 4037 1754 4087 non
1771 4038 1851 4087 cor-

434 4160 608 4217 rexerunt
628 4162 664 4219 et
685 4172 761 4223 non
784 4144 1099 4222 denunciaverunt
1118 4145 1293 4222 Ecclesie.
1315 4143 1548 4220 Elemosinas
1568 4158 1607 4219 et
1625 4142 1851 4249 hospitalita-

433 4288 510 4348 tem
531 4275 795 4352 convenienter
813 4277 905 4354 vidit
925 4277 1006 4353 sieri
1027 4294 1065 4355 et
1084 4276 1219 4353 servari
1240 4276 1279 4352 in
1298 4272 1479 4352 domibus
1499 4273 1644 4351 ordinis
1656 4273 1697 4350 in
1713 4273 1853 4380 quibus

433 4402 505 4480 suit
524 4423 775 4495 conversatum
798 4407 939 4482 audivit
953 4424 1078 4483 tamen
1096 4407 1189 4494 dici,
1206 4433 1284 4483 non
1302 4403 1522 4482 recordatur
1536 4431 1557 4478 a
1571 4402 1854 4510 quibus‚·quod

435 4560 593 4640 magnus
620 4536 795 4642 Magister
818 4537 986 4640 precepit
1013 4538 1186 4642 restringi
1213 4536 1436 4613 elemosinas
1462 4535 1500 4610 in
1527 4534 1718 4640 aliquibus
1739 4532 1849 4621 locis,

434 4690 512 4740 non
531 4683 657 4741 tamen
677 4665 818 4743 audivit
842 4692 912 4740 nec
937 4665 1059 4740 credit
1084 4664 1198 4741 luisse
1226 4663 1422 4742 restrictas.
1452 4665 1606 4742 Audiuit
1632 4664 1749 4742 eciam
1776 4662 1850 4738 dici

435 4793 538 4896 qnod
565 4795 660 4871 clam
686 4794 913 4872 tenebantur
938 4793 1130 4900 capitalia,
1160 4811 1199 4869 et
1224 4821 1373 4872 summo
1404 4821 1533 4883 mane,
1565 4811 1605 4870 et
1633 4809 1718 4870 ante
1749 4791 1850 4869 diem
