4230 5956
477 506 522 576 ro
860 485 1176 574 Prosusons
1203 497 1507 570 venemens.

475 643 547 718 erit
558 642 597 717 in
609 640 675 718 teli
687 639 772 718 loco
782 641 821 716 in
831 668 908 746 quo
919 639 1108 746 oportebit
1118 666 1204 715 eum
1217 637 1289 715 ista
1297 636 1430 724 facere,
1445 653 1484 713 et
1499 635 1609 713 traxit
1621 661 1661 712 se
1670 633 1721 710 ad
1733 651 1893 740 partem,

475 770 583 848 dictis
597 770 747 847 duobus
763 768 1009 847 servientibus
1027 766 1327 854 remanentibus,
1341 795 1427 843 cum
1441 783 1538 844 teste
1558 762 1748 870 predicto,
1763 764 1832 871 qui
1849 765 1895 841 ti-

475 929 581 977 more
597 900 732 977 ductus
750 899 851 1004 spuit
863 898 968 1004 juxta
986 897 1126 974 dictam
1146 925 1312 988 crucem,
1329 924 1394 972 ore
1414 923 1492 972 non
1514 895 1641 973 corde.
1663 895 1747 971 Non
1766 911 1894 972 tamen

475 1030 669 1136 abnegavit
691 1029 816 1105 Deum
843 1055 912 1104 nec
933 1050 1095 1104 crucem.
1115 1028 1203 1104 Post
1226 1054 1300 1131 que
1323 1025 1447 1105 dictus
1474 1024 1583 1101 miles
1609 1023 1703 1101 dixit
1726 1024 1760 1101 ei
1788 1025 1891 1132 quod

474 1176 621 1264 poterat
640 1157 837 1237 carnaliter
861 1157 1094 1235 commisceri
1118 1155 1295 1233 fratribus
1321 1154 1465 1231 ordinis
1483 1172 1521 1231 et
1539 1154 1610 1260 ipsi
1632 1182 1720 1232 cum
1742 1182 1806 1245 θος
1821 1155 1894 1233 boc

473 1307 598 1365 tamen
614 1316 691 1364 non
710 1286 814 1375 lecit,
832 1315 902 1363 nec
921 1286 1041 1363 credit
1059 1286 1167 1393 quod
1180 1286 1220 1362 in
1236 1285 1368 1362 ordine
1387 1284 1509 1361 fieret.
1523 1284 1633 1361 >Dixit
1651 1285 1769 1362 eciam
1785 1285 1821 1361 ei
1832 1286 1891 1362 di-

475 1435 554 1495 ctus
578 1417 687 1493 miles
706 1417 808 1524 quod
836 1445 924 1493 eum
948 1416 1110 1493 debebat
1127 1414 1287 1493 osculari
1305 1413 1346 1494 in
1367 1442 1456 1501 ano,
1474 1441 1552 1491 non
1571 1429 1698 1492 umen
1724 1414 1892 1521 precepit

476 1547 558 1624 fieri
580 1547 724 1623 dictum
755 1545 950 1636 osculnm,
977 1573 1047 1622 nec
1079 1545 1202 1651 ipsum
1222 1543 1331 1631 fecit3
1359 1544 1406 1619 de
1431 1542 1569 1649 quibus
1594 1541 1770 1620 omnibus
1800 1543 1893 1620 dixit

476 1703 516 1752 se
549 1674 664 1752 fuisse
693 1674 905 1752 confessum
933 1674 1124 1779 capellano
1159 1690 1287 1750 curato
1323 1671 1478 1749 seculari
1515 1671 1614 1748 dicte
1651 1671 1755 1762 ville,
1787 1673 1894 1779 cujus

477 1833 616 1880 nomen
652 1822 690 1880 et
728 1832 937 1913 cognomen
972 1805 1135 1912 ignorat,
1170 1802 1361 1879 deffuncto
1400 1801 1565 1878 secunda
1602 1801 1665 1879 die
1699 1817 1895 1908 postquam

475 1935 640 2040 predicta
664 1935 966 2023 intervenerunt,
997 1960 1117 2040 aquo
1143 1931 1336 2009 absolutus
1363 1930 1503 2008 exstitit
1526 1948 1564 2008 et
1582 1931 1765 2039 jejunavit
1783 1932 1892 2009 sexus

475 2063 577 2141 feriis
595 2065 711 2141 trium
734 2065 921 2142 mensium
946 2064 1101 2170 inpane
1122 2079 1160 2139 ct
1184 2090 1300 2168 aqua,
1324 2062 1419 2139 sicut
1444 2062 1655 2169 injunxerat
1683 2062 1730 2138 ei.
1755 2062 1895 2168 Requi·

476 2192 570 2270 situs
586 2195 614 2268 si
635 2195 720 2280 scit,
741 2193 876 2283 credit,
900 2193 958 2269 vel
982 2194 1174 2270 audiverat
1200 2192 1273 2270 dici
1304 2192 1409 2299 quod
1434 2191 1566 2269 illicite
1595 2189 1799 2268 confessata
1824 2220 1893 2298 per

460 2315 568 2397 'eum
598 2322 655 2396 vel
687 2322 756 2397 alia
787 2321 1054 2399 intervenirent
1083 2324 1121 2398 in
1152 2322 1434 2428 recepcionibus
1465 2322 1625 2400 aliorum
1652 2320 1809 2399 fratrum
1836 2321 1894 2402 vel

478 2469 573 2556 post,
595 2452 789 2556 respondit
808 2452 912 2557 quod
936 2479 1030 2540 non,
1053 2452 1217 2529 adiciens
1237 2480 1276 2529 se
1296 2452 1431 2529 vidisse
1448 2452 1563 2557 recipi
1584 2448 1834 2555 infrascriptos
1852 2452 1891 2527 in
2024 2448 2032 2463 ’

477 2608 641 2686 quorum
657 2581 940 2686 recepcionibus
953 2581 1069 2657 nichil
1089 2581 1200 2669 vidit,
1220 2609 1289 2658 nec
1306 2582 1427 2670 scivit,
1443 2610 1515 2658 nec
1529 2579 1671 2657 audivit
1688 2579 1762 2656 dici
1778 2579 1894 2658 inter-

476 2712 618 2788 venisse
653 2710 823 2787 illicitum
849 2739 918 2787 nec
941 2729 1044 2815 post;
1065 2710 1238 2790 videlicet
1259 2709 1411 2787 fratrem
1431 2713 1586 2788 Petrum
1608 2709 1655 2787 de
1682 2710 1802 2815 Lenhi
1822 2738 1894 2787 ser·

476 2840 656 2930 vientem,
672 2841 928 2918 Noviomensis
948 2841 1125 2928 diocesis,
1138 2857 1182 2917 ut
1200 2840 1334 2931 credit,
1352 2857 1488 2917 testem
1503 2868 1615 2945 supra
1628 2840 1894 2928 examinatum,

477 3001 591 3078 quem
611 2971 752 3076 recepit
779 2971 892 3048 frater
920 2971 1107 3049 Robertus
1132 2971 1180 3049 de
1201 2974 1336 3049 Sancto
1357 2973 1463 3048 Justo
1482 2969 1667 3076 presbiter
1687 2970 1890 3075 quondam,

478 3100 517 3175 in
545 3100 684 3206 capella
701 3101 837 3177 demus
855 3100 1005 3204 Templi
1031 3099 1078 3176 de
1104 3101 1266 3206 Aymont
1286 3100 1545 3177 Ambianensis
1566 3100 1744 3189 diocesis,
1765 3117 1853 3176 sunt
1870 3130 1893 3175 x

478 3229 565 3303 anni
581 3229 639 3304 vel
655 3231 767 3320 circa,
786 3229 1026 3334 presentibus
1039 3227 1217 3306 iratribus
1232 3231 1343 3306 Petro
1364 3229 1411 3306 de
1427 3229 1548 3306 Lenhi
1569 3230 1894 3335 quondamavun-

479 3356 565 3433 culo
600 3360 756 3463 predicti
795 3359 914 3448 Petri,
952 3376 1041 3435 tunc
1066 3376 1283 3465 preceptore
1317 3360 1416 3436 dicte
1454 3360 1605 3447 domus,
1643 3375 1681 3436 et
1723 3360 1891 3437 lohanne

478 3487 650 3594 bergerio
675 3489 772 3566 dicte
799 3492 946 3567 domus.
968 3491 1072 3568 Vidit
1099 3491 1214 3567 eciam
1235 3491 1349 3597 recipi
1365 3490 1497 3567 fratres
1516 3492 1670 3567 Petrum
1690 3492 1738 3567 dc
1759 3493 1894 3569 Sancto

479 3617 668 3694 Maxentio
706 3618 965 3697 Ambianensis
1000 3621 1174 3709 diocesis,
1209 3637 1246 3697 et
1277 3622 1488 3698 iohannem
1519 3619 1566 3695 de
1594 3620 1789 3698 Juveniliis
1818 3648 1896 3698 ser·

477 3747 641 3836 vientes,
671 3777 739 3852 per
751 3747 901 3824 fratrem
917 3748 1100 3827 Garinnm
1120 3750 1167 3826 de
1187 3750 1329 3829 Grandi
1344 3749 1488 3827 Villarii
1504 3749 1665 3826 militem
1688 3750 1897 3855 quondam,

479 3875 517 3952 in
550 3876 648 3954 dicta
680 3878 819 3984 capella
849 3880 897 3956 de
924 3879 1102 3986 Aymont,
1134 3881 1173 3956 in
1210 3897 1324 3958 estate
1359 3881 1528 3984 proxima
1553 3897 1665 3958 erunt
1694 3897 1777 3956 octo
1806 3879 1894 3955 anni

477 4006 537 4082 vel
567 4010 679 4096 circa,
708 4008 948 4115 presentibus
977 4010 1078 4086 dicto
1111 4012 1222 4087 Petro
1257 4011 1305 4087 de
1341 4010 1464 4086 Lenhi
1488 4025 1721 4115 preceptore,
1751 4024 1789 4084 et
1814 4007 1898 4113 ipso

479 4151 594 4225 teste,
613 4157 650 4215 et
681 4138 910 4244 quibusdam
938 4138 1020 4216 eliis
1049 4140 1096 4217 de
1120 4168 1284 4246 quorum
1309 4140 1530 4217 nominibus
1558 4164 1636 4215 non
1666 4138 1899 4228 recordatur,

473 4278 519 4343 -et
546 4263 593 4341 de
623 4295 786 4372 quorum
814 4287 1070 4376 receptorum,
1107 4269 1374 4376 recipiencium
1408 4287 1448 4346 et
1482 4269 1687 4348 astancium
1733 4267 1806 4344 vita
1842 4266 1899 4371 vel

478 4412 601 4473 morte
621 4424 697 4473 non
718 4397 832 4474 babet
849 4399 1125 4478 certitudinem.
1147 4401 1261 4487 Item,
1287 4398 1380 4476 dixit
1398 4425 1439 4474 se
1467 4399 1621 4476 credere
1647 4395 1752 4504 quod
1772 4395 1903 4475 fratres

478 4522 621 4602 ordinis
638 4528 837 4603 crederent
852 4526 1106 4604 ecclesiasticis
1121 4530 1378 4617 sacramentis,
1398 4528 1538 4635 quibus
1556 4529 1637 4634 ipse
1656 4527 1846 4614 credebat,
1862 4541 1905 4602 et

480 4652 583 4754 quod
600 4681 732 4730 eorum
753 4654 963 4732 sacerdotes
985 4653 1111 4732 debite
1133 4656 1378 4736 celebrarent.
1398 4658 1534 4736 Statim
1553 4685 1623 4763 pro
1641 4656 1818 4763 professis
1836 4654 1905 4735 ba.-

475 4775 678 4875 bebantuv.
696 4783 936 4881 Clandestine
952 4785 1237 4890 recipiebantur,
1254 4787 1372 4865 n'ullis
1386 4786 1628 4894 presentibus
1638 4785 1709 4867 nisi
1727 4784 1905 4865 fratribus
