4230 5956
480 437 552 511 too
867 416 1063 509 saccus
1089 436 1185 507 nus
1210 435 1506 510 rsunttaas.

477 593 593 684 perat.
619 577 719 654 Dixit
740 577 856 653 eciam
881 604 949 682 per
965 578 1220 684 juramentum
1246 603 1357 653 suum
1378 577 1501 683 quod,
1522 594 1719 684 postquam
1737 581 1810 659 fuit
1823 585 1894 662 sibi

477 699 648 814 loqutum
664 706 711 783 de
726 705 946 812 abnegando
966 707 1159 786 Christum
1174 734 1248 811 per·
1256 707 1469 811 predictum
1484 726 1732 814 receptorem,
1749 731 1894 793 tantum

480 836 668 945 displicuit
679 835 750 913 sihi
763 836 886 912 dictus
896 835 1008 924 ordo,
1019 836 1125 942 quod
1139 835 1281 941 pluries
1294 836 1480 927 exivisset,
1494 837 1668 919 siluisset
1682 869 1813 933 ausum
1825 846 1894 922 sed

477 967 634 1045 timebat
647 967 694 1043 de
711 965 883 1071 potencia
901 965 1217 1070 Templariorum3
1242 982 1278 1041 et
1298 967 1403 1071 quod
1416 967 1579 1072 wedam
1597 969 1660 1047 die
1677 972 1778 1048 venit
1794 976 1894 1079 apud

478 1097 636 1174 Lochias
655 1095 721 1173 ubi
736 1099 812 1173 Rex
830 1113 923 1183 erat,
945 1114 983 1173 et
1001 1096 1072 1174 fuit
1089 1095 1243 1201 loqutus
1256 1097 1347 1204 Regi
1359 1097 1399 1175 in
1414 1099 1607 1204 presencia
1618 1098 1742 1177 fratris
1752 1101 1893 1180 Ytherii

479 1227 526 1304 de
546 1225 716 1304 Nantolio
736 1226 872 1330 prioris
890 1225 1091 1329 Hospitalis
1109 1226 1148 1301 in
1168 1226 1336 1314 Francim
1357 1244 1395 1304 et
1409 1227 1574 1309 habehat
1590 1229 1631 1305 in
1650 1230 1777 1306 animo
1792 1233 1896 1336 quod

479 1358 590 1437 istum
616 1356 770 1434 modum
798 1355 1029 1462 recepcionis
1054 1355 1232 1433 revelaret
1254 1355 1361 1461 Regi,
1392 1374 1430 1435 et
1452 1359 1678 1464 supplicaret
1703 1358 1773 1436 sihi
1792 1363 1896 1466 quod

480 1488 585 1563 daret
607 1485 677 1563 sibi
700 1484 898 1563 consilium
915 1483 1007 1590 quid
1026 1501 1152 1589 posset
1173 1482 1312 1572 lacere,
1334 1501 1372 1563 et
1396 1505 1543 1591 capemt
1558 1515 1647 1565 eum
1671 1488 1708 1563 in
1728 1490 1893 1574 custodia

477 1645 559 1704 sua,
579 1616 708 1721 etipse
724 1614 1039 1704 exiretordinem3
1060 1614 1128 1691 sed
1146 1631 1289 1720 postea,
1306 1616 1662 1722 consideranszquod
1675 1617 1802 1722 plures
1814 1648 1895 1723 pre·

479 1762 711 1852 ceptores-et
734 1743 795 1823 alii
816 1742 862 1821 de
883 1744 1015 1821 ordine
1036 1742 1153 1821 multa
1174 1743 1355 1822 dederant
1377 1745 1449 1823 sihi
1468 1773 1536 1850 pro
1557 1747 1723 1853 passagio
1747 1777 1832 1837 suo,
1855 1768 1893 1824 et

479 1875 584 1982 quod
593 1876 671 1982 jam
684 1875 846 1953 habebat
858 1876 1055 1981 pecuniam
1071 1891 1108 1950 et
1121 1872 1223 1952 hona
1234 1874 1393 1966 ordinis,
1411 1902 1488 1953 non
1500 1892 1597 1954 esset
1606 1876 1749 1955 honum
1764 1906 1829 1955 eos
1842 1880 1891 1954 ita

482 2005 685 2085 destruere.
702 2005 913 2111 Requisitus
923 2033 991 2110 per
999 2005 1258 2110 juramentum
1271 2031 1383 2081 suum
1398 2005 1503 2083 unde
1517 2006 1699 2110 processit
1712 2035 1816 2084 error
1829 2007 1894 2084 ah-

479 2137 637 2243 negandi
658 2153 695 2212 et
708 2136 867 2241 spuendi
887 2163 998 2241 supra
1018 2163 1186 2222 crucem,
1216 2134 1409 2240 respondit
1432 2164 1500 2241 per
1514 2135 1768 2240 juramentum
1788 2139 1892 2242 quod

478 2266 631 2371 quidam
651 2265 699 2341 de
719 2265 848 2342 ordine
869 2265 1000 2343 dicunt
1017 2266 1120 2371 quod
1140 2266 1212 2343 hoc
1225 2264 1550 2370 statuitpredictus
1559 2266 1734 2373 Magister.
1745 2268 1809 2371 qui
1823 2266 1893 2344 luit

479 2411 605 2499 captus
624 2395 663 2471 in
682 2422 827 2471 carcere
848 2394 937 2471 dicti
957 2394 1122 2483 soldani,
1149 2412 1193 2472 ut
1215 2394 1433 2500 predicitur.
1453 2392 1527 2471 Alii
1550 2396 1679 2472 dicunt
1697 2397 1801 2501 quod
1820 2395 1892 2473 hoc

478 2519 551 2599 fuit
566 2550 610 2599 ex
627 2522 733 2607 malis
748 2541 786 2600 et
798 2524 980 2628 perversis
993 2523 1338 2603 introduccionibus
1352 2541 1389 2600 et
1403 2525 1546 2601 statutis
1562 2523 1684 2605 fratris
1701 2524 1889 2602 Roncelini

480 2652 644 2760 Magistri
664 2652 853 2758 quondam
877 2654 1036 2744 ordinis3
1058 2653 1121 2731 alii
1141 2654 1274 2731 dicunt
1291 2653 1395 2759 quod
1413 2682 1458 2730 ex
1480 2653 1589 2731 malis
1611 2654 1757 2731 statutis
1777 2672 1814 2732 et
1831 2655 1894 2732 do

480 2783 606 2861 ctrinis
619 2782 739 2861 hatris
751 2785 896 2861 Thome
911 2783 1063 2863 Berardi
1081 2784 1274 2889 quondam
1290 2783 1378 2861 dicti
1395 2783 1539 2864 ordinis
1556 2783 1739 2889 Magistri;
1759 2783 1822 2859 alii
1838 2784 1894 2860 di-

480 2931 570 2991 cunt
582 2914 686 3020 quod
700 2916 772 2993 hoc
786 2913 830 2992 fit
840 2914 888 2992 ad
899 2915 1012 3006 instas
1024 2942 1092 2990 seu
1105 2913 1152 2990 ad
1166 2914 1387 2991 memoriam
1395 2914 1494 2990 beati
1507 2914 1606 2991 Petri
1626 2914 1690 3019 qui
1703 2912 1894 3020 abnegavit

481 3043 670 3120 Christum
690 3061 758 3120 ter.
780 3045 991 3148 Requisitus
1017 3043 1064 3121 de
1090 3044 1209 3150 capite
1236 3043 1285 3120 de
1307 3070 1384 3150 quo
1407 3072 1519 3149 supra
1542 3043 1586 3121 fit
1604 3044 1769 3128 mencio,
1803 3043 1894 3119 dixit

480 3199 548 3276 per
562 3173 817 3279 juramentum
831 3200 942 3249 suum
959 3172 1063 3276 quod
1076 3199 1269 3276 nunquam
1284 3172 1378 3249 vidit
1395 3172 1491 3249 illud
1508 3190 1571 3249 aut
1586 3172 1773 3249 audiverat
1787 3171 1890 3276 loqui

483 3299 530 3376 de
541 3327 602 3387 eo,
619 3328 815 3405 usquequo
827 3301 1001 3377 dominus
1011 3302 1107 3406 Papa
1116 3299 1205 3376 lecit
1219 3301 1394 3407 Magistro
1405 3319 1441 3377 et
1451 3301 1522 3405 ipsi
1534 3302 1599 3405 qui
1611 3300 1778 3405 loquitur
1793 3328 1894 3377 men-

481 3429 621 3506 tionem
643 3431 689 3505 de
708 3429 780 3505 hoc
798 3431 963 3506 Pietatis.
984 3432 1232 3536 Interrogatus
1247 3446 1373 3505 utrum
1394 3431 1446 3515 vi,
1468 3429 1526 3505 vel
1544 3446 1647 3505 metu
1664 3429 1817 3504 carceris
1832 3447 1894 3506 aut

480 3576 774 3647 tormentorum,
805 3559 862 3636 vel
881 3559 1002 3665 aliqua
1028 3560 1073 3636 de
1102 3587 1224 3646 causa,
1250 3557 1414 3662 aliquam
1439 3557 1632 3634 salsitatem
1653 3559 1895 3634 immiscuerit

482 3691 519 3767 in
529 3719 594 3768 sua
607 3691 855 3796 deposicione‚
870 3708 931 3767 aut
943 3691 1134 3767 veritatem
1145 3689 1315 3777 tacuerit,
1333 3689 1423 3764 dixit
1437 3717 1504 3793 per
1514 3689 1765 3792 juramentum
1780 3715 1893 3763 suum

483 3821 587 3926 quod
600 3849 693 3910 non;
710 3822 826 3898 immo
846 3849 978 3925 puram
994 3837 1031 3895 et
1045 3847 1187 3896 meram
1201 3819 1342 3895 dixerat
1360 3845 1428 3921 pro
1449 3817 1565 3893 salute
1581 3817 1704 3892 anime
1720 3842 1784 3890 suc
1798 3817 1895 3891 veri-

481 3966 606 4027 tatem.
619 3943 707 4028 Acta
721 3968 807 4028 sunt
816 3951 886 4026 hec
901 3952 939 4026 in
951 3951 1063 4026 domo
1076 3947 1223 4052 Templi
1236 3947 1464 4033 Parisiensis,
1475 3973 1591 4032 enno,
1602 3944 1806 4031 indicione,
1818 3945 1892 4033 die,

482 4106 611 4155 mense
629 4099 666 4156 et
684 4081 903 4186 pontificatu
918 4080 1110 4185 predictis,
1128 4076 1362 4182 presentibus
1382 4075 1563 4181 religiosis
1579 4091 1616 4150 et
1629 4073 1794 4151 honestis
1809 4074 1896 4155 viris

483 4206 657 4287 iratribus
676 4212 784 4288 Petro
805 4211 1011 4296 Lamberti,
1033 4207 1237 4288 Guillclmo
1257 4207 1304 4283 de
1328 4205 1496 4293 Polonia,
1521 4204 1672 4280 Nicolao
1691 4203 1812 4282 Greco
1838 4232 1897 4279 or·

483 4340 580 4417 dinis
600 4342 892 4428 Predicatorum,
914 4339 1119 4433 Guillelmo
1142 4338 1188 4414 dc
1208 4337 1384 4442 Choques
1412 4335 1489 4413 cive
1507 4335 1717 4422 Parisiensi,
1744 4351 1780 4409 ct
1804 4335 1897 4439 Ray-

482 4472 624 4548 mundo
646 4471 857 4560 Castellani,
881 4490 918 4546 ct
937 4470 1105 4574 pluribus
1120 4467 1200 4544 aliis
1220 4468 1267 4544 ad
1286 4467 1463 4571 premissa
1482 4465 1618 4543 vocatis
1637 4463 1793 4544 testibus
1812 4490 1898 4567 spc-

484 4602 624 4678 cialiter
645 4619 680 4678 et
699 4603 844 4711 rogatis.
