4230 5956
542 464 739 555 esoces
765 480 860 552 nus
885 478 1185 550 rnurrrsns.
1527 480 1573 551 ss

156 644 329 752 expositis
348 641 420 717 sibi
433 639 619 718 omnibus
640 657 677 716 et
704 637 861 746 singulis
881 636 1061 725 articulis,
1086 634 1281 740 respondit
1300 634 1404 739 quod
1424 634 1573 713 nullum

154 775 271 853 alium
289 773 433 848 viderat
451 772 565 877 recipi
585 771 623 846 in
642 770 793 858 ordine,
817 795 886 845 nee
902 765 1074 874 capitulis
1093 764 1314 843 interfuerat
1334 766 1573 851 eorumdem,

154 903 258 981 unde
280 928 349 979 nec
373 901 528 992 sciebat,
561 929 630 977 nec
654 901 846 990 credebat,
869 927 939 975 nec
956 899 1147 975 audiverat
1162 896 1235 973 dici
1255 896 1310 971 ‘de
1334 896 1517 975 contentis
1537 901 1575 977 in

156 1034 265 1110 dictis
292 1031 456 1109 articulis
476 1031 547 1107 nisi
567 1030 673 1137 quod
700 1031 881 1137 sequitur.
910 1028 1012 1105 Dixit
1037 1028 1136 1104 enirn
1162 1054 1200 1105 se
1225 1025 1338 1104 luisse
1365 1047 1575 1136 receptum,

158 1165 253 1241 circa
277 1163 416 1241 festum
440 1161 625 1240 Omnium
651 1161 875 1239 Sanctorum
900 1159 1070 1265 proximo
1091 1159 1313 1264 preteritum
1339 1157 1493 1237 fuerunt
1514 1187 1576 1239 vrrr

158 1295 247 1370 anni
258 1293 316 1370 vel
328 1295 438 1383 circa,
461 1294 500 1369 in
512 1291 675 1399 quadarn
688 1291 770 1368 aula
785 1291 922 1369 domus
933 1289 1083 1394 Templi
1097 1291 1145 1366 de
1160 1290 1285 1367 Brolio
1298 1290 1578 1370 Cathalanensis

159 1424 332 1510 diocesis,
353 1450 423 1529 per
441 1421 593 1499 fratrem
614 1423 794 1499 Poncium
816 1423 864 1498 de
885 1424 1013 1528 Longo
1031 1421 1174 1526 Campo
1186 1420 1362 1507 militem,
1377 1424 1576 1529 ‘quondam

159 1570 417 1660 preceptorem
439 1553 536 1630 dicte
557 1554 711 1643 domus,
738 1550 975 1658 presentibus
995 1549 1170 1628 fratribus
1194 1552 1364 1630 lohanne
1386 1553 1432 1628 de
1452 1555 1576 1646 Buris,

159 1684 368 1790 presbitero
389 1685 487 1761 dicte
509 1685 663 1772 domus,
685 1699 723 1759 et
740 1680 903 1761 Geraldo
922 1682 1113 1773 servienti,
1136 1682 1242 1790 cujus
1257 1708 1466 1788 cognomen
1481 1684 1580 1792 igno-

160 1831 230 1903 rat,
259 1815 325 1921 qui
352 1814 570 1892 morabatur
596 1814 696 1920 apud
728 1813 863 1891 Malam
893 1813 1059 1890 Domum
1094 1812 1264 1921 ejusdem
1290 1813 1473 1902 diocesis,
1500 1814 1580 1891 def-

159 1943 311 2032 innotis,
342 1975 362 2021 a
391 1972 469 2050 quo
500 1961 694 2051 receptore
723 1943 835 2048 peciit
864 1944 1046 2019 instanter
1072 1958 1110 2016 et
1135 1941 1351 2047 frequenter
1381 1970 1516 2048 panem
1545 1962 1581 2020 et

161 2094 313 2179 aquam,
341 2075 555 2150 societatem
578 2091 615 2148 et
637 2098 843 2178 pauperem
864 2072 1039 2147 vestitum
1061 2070 1219 2161 ordinis,
1243 2087 1280 2146 et
1303 2070 1350 2147 de
1376 2074 1579 2147 astancium

162 2202 316 2279 consilio
338 2202 408 2278 sibi
425 2203 623 2290 concessis,
645 2201 814 2308 predicto
834 2199 997 2305 el'quod
1015 2199 1112 2274 bene
1128 2199 1368 2287 deliberaret,
1385 2200 1472 2277 lecit
1493 2230 1579 2277 eum

160 2357 291 2407 vovere
307 2347 344 2404 et
354 2333 482 2437 jurare
497 2331 716 2419 castitatem,
735 2328 1007 2414 obedienciam,
1025 2328 1146 2404 vivere
1162 2328 1242 2405 sine
1253 2329 1424 2434 proprio,
1437 2358 1580 2409 servare

161 2458 281 2536 bonos
303 2488 390 2535 usus
409 2477 447 2535 et
468 2459 588 2535 bonas
606 2456 897 2548 consuetudines
918 2457 1077 2542 ordinis,
1101 2476 1138 2533 et
1163 2486 1237 2534 non
1259 2460 1421 2535 revelare
1442 2480 1581 2554 secreta

162 2589 428 2694 capitulorum,
450 2605 488 2664 et
503 2588 680 2694 imposito
696 2586 767 2663 sibi
782 2586 978 2675 mantello,
1000 2585 1062 2661 alii
1079 2585 1210 2664 fratres
1226 2605 1400 2678 astantes,
1423 2591 1581 2668 sednon

164 2721 440 2823 ipse-receptor,
456 2718 608 2795 suerunt
626 2745 715 2792 eum
731 2716 886 2792 osculati
903 2715 1033 2791 inore.
1053 2716 1213 2822 Postque
1230 2719 1395 2822 precepit
1409 2719 1441 2793 ei
1461 2721 1582 2796 dictus

163 2865 334 2952 receptor
351 2847 455 2952 quod
469 2846 670 2954 abnegaret
690 2847 833 2934 Deum,
854 2861 891 2919 et
911 2845 988 2949 ipse
1008 2844 1202 2950 abnegavit
1222 2871 1286 2921 ore
1303 2874 1378 2921 nou
1394 2850 1523 2938 corde;
1546 2869 1583 2924 et

163 2975 268 3083 quod
282 2993 433 3081 spueret
445 3002 559 3081 super
570 2976 772 3080 quamdam
789 3002 936 3049 crucem
953 2973 1198 3064 metallinam,
1217 2978 1341 3082 inqua
1358 2995 1436 3052 erat
1450 3008 1582 3085 ymago

165 3104 355 3191 Crucifixi,
384 3107 542 3210 positam
575 3132 688 3209 snper
711 3105 877 3210 quodam
899 3120 1024 3208 tapeto
1055 3103 1103 3179 ad
1124 3123 1278 3195 terram,
1307 3124 1343 3182 et
1373 3110 1450 3214 ipse
1480 3110 1583 3185 testis

164 3237 265 3340 spuit
296 3234 374 3311 non
395 3262 504 3341 supra
526 3235 593 3310 sed
615 3235 734 3340 juxta;
764 3235 831 3311 sed
861 3262 937 3310 non
962 3234 1110 3322 recolit,
1142 3251 1184 3309 ut
1209 3237 1402 3341 respondit
1432 3239 1584 3344 requisi-

163 3383 243 3454 tus,
259 3392 305 3441 an
319 3366 521 3471 abnegacio
541 3366 773 3470 spuieionem
786 3365 1077 3469 precesseritvel
1094 3365 1334 3442 contrarium.
1352 3366 1453 3444 Dixit
1467 3371 1582 3445 eciam

165 3494 286 3600 quod,
304 3495 351 3571 de
365 3495 454 3570 dicti
469 3495 673 3600 recepturis
688 3495 883 3582 mandato,
901 3492 971 3570 luit
986 3520 1073 3569 eum
1095 3495 1297 3581 osculatus,
1320 3498 1452 3602 pannis
1472 3499 1585 3574 inter-

166 3623 317 3711 mediis,
343 3625 440 3700 inter
463 3624 628 3701 braccale
655 3642 692 3700 et
717 3650 867 3715 zonam,
894 3642 931 3700 et
952 3623 1070 3700 credit
1088 3626 1193 3731 quod
1213 3626 1378 3731 predicta
1400 3626 1526 3704 illicita
1548 3645 1585 3704 et

167 3778 244 3828 non
263 3754 333 3829 alia
348 3754 616 3831 intervenirent
630 3754 883 3831 communiter
900 3755 940 3831 in
955 3754 1238 3860 recepcionibus
1254 3756 1417 3833 aliorum
1429 3758 1583 3834 fratrum

169 3880 326 3970 ordinis,
338 3883 404 3988 qui
414 3883 616 3960 credebant
628 3882 882 3962 ecclesiasticis
898 3885 1150 3974 sacramentis,
1168 3885 1264 3961 sicut
1274 3886 1407 3969 credit,
1423 3912 1583 3988 quorum

169 4009 285 4086 eciam
308 4011 518 4098 sacerdotes
541 4011 669 4089 debite
694 4013 946 4101 celebrabant,
982 4029 1024 4089 ut
1053 4015 1212 4090 estimat.
1243 4013 1382 4088 Juravit
1412 4009 1584 4086 ordinem

169 4168 248 4216 nera
270 4143 384 4231 exire,
408 4143 564 4220 credens
585 4144 689 4250 quod
709 4144 770 4220 alii
794 4144 896 4220 idem
914 4147 1102 4251 jurarent,
1126 4160 1164 4218 et
1184 4143 1288 4246 quod
1311 4159 1406 4219 esset
1425 4145 1584 4250 suspicio

171 4284 298 4354 contra
320 4296 385 4346 eos
409 4272 495 4372 quia
519 4273 746 4349 clandestine
766 4271 1052 4374 recipiebantur,
1079 4288 1116 4344 et
1137 4263 1241 4375 quod
1264 4272 1417 4349 cordule
1437 4292 1588 4379 sumpte

171 4398 273 4475 unde
288 4399 479 4487 volebant,
498 4398 638 4504 quibus
653 4399 900 4504 cingebantur
915 4416 1027 4505 super
1042 4400 1209 4477 camisias
1228 4429 1314 4478 cum
1335 4394 1586 4509 quibus'jace-

171 4528 273 4618 bant,
289 4555 366 4606 non
376 4545 570 4635 tangerent
579 4529 696 4634 capita
706 4528 917 4636 ydolorum.
930 4526 1144 4636 injunctum
1157 4528 1228 4607 luit
1241 4532 1274 4606 ei
1286 4531 1390 4636 quod
1404 4558 1478 4606 non
1492 4558 1588 4607 reve-

173 4658 266 4734 laret
277 4658 435 4735 modum
448 4686 514 4735 sue
525 4658 769 4764 recepcionis,
785 4658 833 4734 de
845 4684 923 4763 quo
934 4657 1006 4734 fuit
1017 4657 1208 4736 confessus
1220 4660 1318 4736 dicto
1332 4659 1538 4765 presbitero
1551 4679 1587 4736 et

173 4786 366 4863 absolutus
385 4789 433 4864 ab
451 4815 515 4875 eo,
539 4805 585 4864 et
590 4787 771 4893 jejunavit
786 4787 894 4864 certis
915 4786 1049 4865 diebus
1072 4786 1142 4865 sibi
1165 4788 1351 4893 impositis
1370 4789 1408 4865 in
1433 4818 1528 4894 pane
1550 4806 1587 4865 et
