4230 5956
452 476 498 544 aa
837 444 1031 537 rnocss
1054 464 1152 534 ons
1179 461 1481 534 rnurmans.

449 615 568 699 eines,
592 628 685 687 teste
706 635 817 713 supra
832 608 958 713 jurato
980 605 1047 681 sed
1071 603 1241 679 nondum
1269 604 1495 694 examinato,
1517 622 1555 680 et
1574 603 1694 679 Adam
1714 620 1801 679 nato
1824 605 1870 680 de

451 744 631 820 comitatu
659 738 803 816 Pontivi
834 737 1033 821 serviente,
1060 735 1168 842 cujus
1193 762 1402 840 cognomen
1426 735 1590 842 ignorat,
1611 763 1727 841 quem
1753 734 1872 811 credit

452 874 587 961 vivere,
619 872 656 945 in
682 870 783 945 hunc
808 868 997 944 modum:
1029 895 1114 942 nam
1142 865 1267 971 petitis
1292 894 1386 971 pane
1420 882 1456 941 et
1485 894 1597 972 aqua,
1626 864 1805 942 societate
1833 880 1871 939 et

450 1030 613 1110 paupere
640 1000 774 1076 vestitu
804 998 964 1085 ordinis,
993 1014 1031 1074 et
1054 997 1125 1075 sibi
1152 996 1351 1087 concessis,
1379 995 1466 1073 lecit
1483 1025 1574 1073 eum
1599 1023 1730 1073 vovere
1755 1012 1793 1072 et
1807 995 1872 1103 ju·

451 1161 532 1209 rare
561 1158 671 1238 super
706 1130 912 1236 quemdam
936 1128 1077 1205 librum
1114 1128 1336 1216 cast-itatem,
1368 1127 1643 1215 obedienciam,
1684 1145 1721 1212 et
1749 1127 1869 1203 vivere

451 1265 531 1339 sine
552 1262 726 1369 proprio,
747 1277 784 1337 et
803 1259 980 1365 imposito
997 1258 1067 1336 sibi
1087 1258 1284 1348 mantello,
1303 1241 1474 1365 receptor
1489 1276 1527 1335 et
1540 1275 1701 1336 astantes
1717 1258 1872 1338 luerunt

453 1421 541 1469 eum
562 1391 716 1470 osculati
738 1392 776 1466 in
798 1385 875 1467 ore.
906 1392 953 1466 Et
974 1418 1019 1466 eo
1037 1391 1220 1467 instructo
1241 1406 1335 1496 quot
1357 1391 1470 1468 Pater
1492 1407 1607 1468 noster
1632 1390 1775 1468 diceret
1802 1421 1870 1498 pro

453 1526 555 1601 horis
574 1525 665 1610 suis,
686 1539 723 1598 et
746 1521 906 1628 qualiter
926 1539 1072 1626 regeret
1092 1549 1131 1596 se
1152 1522 1191 1596 in
1211 1521 1360 1608 ordine,
1383 1537 1420 1598 et
1435 1519 1625 1626 aliquibus
1647 1521 1793 1599 casibus
1812 1551 1872 1599 ex-

453 1657 584 1760 positis
610 1670 763 1761 propter
782 1681 878 1758 quos
904 1668 1049 1758 poterat
1071 1652 1263 1728 incurrere
1290 1651 1450 1732 diversas
1469 1681 1602 1757 penas,
1624 1671 1661 1730 et
1688 1653 1788 1731 dicto
1814 1655 1868 1754 eis

451 1787 555 1892 quod
577 1787 623 1862 de
645 1785 727 1860 aliis
748 1782 894 1859 casibus
915 1780 1180 1857 informaretur
1198 1810 1266 1887 per
1285 1781 1459 1887 antiquos
1477 1781 1686 1890 religionis,
1707 1787 1873 1891 precepit

453 1917 485 1993 ei
501 1916 824 2022 quodabnegaret
840 1914 859 1988 l
863 1914 997 1989 hesum
1009 1911 1203 1989 Christum
1217 1945 1227 2002 ς
1249 1929 1287 1988 et
1306 1940 1393 1988 curn
1412 1913 1493 2018 ipse
1507 1915 1613 1992 testis
1628 1916 1871 2020 responderet

452 2075 491 2123 se
516 2047 588 2123 hoc
609 2046 715 2123 nullo
736 2046 851 2121 modo
871 2042 1072 2131 facturum,
1087 2044 1189 2119 <dixit
1213 2044 1246 2118 ei
1268 2043 1374 2148 quod
1395 2043 1468 2121 hoc
1488 2046 1686 2151 oportebat
1706 2075 1794 2124 eum
1818 2046 1871 2123 la-

452 2206 553 2263 cere,
571 2178 660 2282 quia
674 2179 723 2251 ita
740 2175 923 2251 faciebant
943 2173 1004 2250 alii
1026 2192 1064 2250 et
1083 2175 1156 2251 hoc
1177 2191 1256 2251 erat
1273 2177 1320 2252 de
1337 2175 1486 2280 punctis
1500 2176 1712 2284 religionis,
1730 2194 1768 2255 et
1781 2194 1872 2255 tunc

456 2311 535 2413 ipse
549 2309 667 2393 testis,
687 2307 819 2381 dolens
840 2324 877 2380 et
896 2306 1051 2390 timens,
1079 2322 1121 2381 ut
1148 2305 1256 2392 dixit,
1284 2306 1479 2414 abnegavit
1501 2309 1656 2384 Jhesum
1679 2309 1871 2386 Christum

455 2466 519 2515 ore
546 2466 622 2514 non
652 2436 777 2513 corde.
808 2437 939 2511 Postea
965 2436 1131 2541 precepit
1156 2437 1315 2541 siquod
1343 2456 1496 2543 spueret
1524 2457 1638 2545 super
1666 2440 1870 2544 quamdam

454 2597 602 2644 crucem
623 2566 854 2644 metallinam
879 2594 993 2671 quam
1017 2555 1173 2642 tenebat
1197 2566 1299 2643 idem
1320 2586 1493 2675 receptor
1518 2570 1559 2646 in
1586 2598 1701 2646 manu
1720 2597 1803 2656 sua,
1832 2571 1872 2645 in

454 2728 525 2806 qua
547 2717 622 2775 erat
643 2726 775 2804 ymago
797 2695 991 2787 Crucifixi,
1013 2697 1149 2803 etipse
1169 2697 1274 2775 testis
1294 2727 1380 2774 cum
1402 2699 1534 2777 dolore
1553 2717 1593 2778 et
1611 2701 1747 2778 timore
1772 2700 1874 2806 spuit

454 2858 528 2907 non
549 2858 659 2935 supra
675 2830 741 2906 sed
758 2829 863 2934 juxta
879 2827 1018 2904 dictam
1034 2856 1198 2911 crucem.
1215 2828 1363 2906 Deinde
1379 2829 1473 2906 dixit
1490 2831 1526 2907 ei
1538 2831 1643 2937 quod
1659 2829 1870 2907 secundum

454 2960 550 3035 dieta
571 2975 707 3065 puncta
730 2975 876 3063 poterat
897 2957 1093 3034 carnaliter
1113 2958 1347 3035 commisceri
1370 2960 1547 3038 fratribus
1572 2961 1717 3038 ordinis
1740 2977 1778 3037 et
1801 2961 1869 3067 ipsi

397 3138 406 3150 -
453 3119 539 3165 curn
555 3119 622 3174 eo;
640 3089 852 3167 hortamen
874 3116 950 3164 non
970 3087 1057 3164 lecit
1072 3116 1141 3165 nec
1155 3089 1275 3166 credit
1286 3091 1393 3196 quod
1405 3091 1444 3167 in
1462 3091 1596 3169 ordine
1614 3091 1736 3169 lieret.
1756 3093 1868 3181 ltem,

455 3221 546 3294 dixit
571 3219 675 3325 quod
700 3218 748 3295 de
773 3236 950 3324 precepto
973 3219 1063 3296 dicti
1095 3219 1314 3325 receptoria,
1343 3219 1417 3297 luit
1443 3221 1632 3298 osculatus
1657 3250 1771 3327 super
1796 3251 1873 3298 car-

455 3378 543 3425 nem
566 3351 706 3425 nudam
737 3351 776 3426 in
799 3350 980 3427 umbilico
1011 3350 1154 3426 dictum
1183 3349 1421 3456 Philippum,
1447 3355 1553 3458 prius
1577 3370 1704 3430 tamen
1731 3352 1874 3435 dixerat

454 3468 583 3585 quain,
606 3482 757 3587 quando
772 3481 940 3586 predicta
960 3481 1090 3558 illicita
1106 3481 1404 3571 intervenerunt,
1426 3511 1559 3560 omnes
1573 3500 1809 3561 recesserunt
1822 3485 1872 3559 de

454 3609 593 3715 capella
607 3631 731 3717 preter
746 3612 870 3717 ipsum
890 3629 1025 3688 testem
1047 3630 1085 3690 et
1105 3612 1249 3688 dictum
1264 3629 1512 3719 receptorem.
1534 3613 1610 3691 Sed
1628 3614 1744 3691 modo
1760 3641 1873 3718 super

455 3741 525 3817 hoc
541 3743 806 3850 interrogatus,
830 3743 921 3819 dixit
939 3743 1043 3849 quod
1061 3742 1256 3849 predictus
1270 3744 1482 3849 Philippus,
1495 3744 1565 3850 vqui
1584 3761 1663 3821 erat
1676 3761 1875 3850 preceptor

455 3873 553 3949 dicte
574 3873 727 3955 domus,
752 3874 914 3951 redierat
934 3874 981 3949 ad
1003 3872 1199 3979 capellam,
1224 3891 1261 3951 et
1279 3891 1372 3952 tunc
1393 3874 1514 3952 dictus
1533 3891 1705 3982 receptor
1725 3875 1818 3951 dixit
1839 3875 1873 3950 ei

453 4005 556 4108 quod
578 4004 738 4080 alterurn
753 4033 886 4082 eorum
906 4004 1069 4082 debebat
1088 4004 1248 4083 osculari
1269 4005 1308 4080 in
1328 4006 1524 4083 umbilico.
1546 4004 1627 4082 Atia
1646 4004 1774 4081 illicita
1793 4032 1872 4080 non

454 4135 736 4212 intervenerunt
752 4137 790 4211 in
807 4137 905 4214 dicta
921 4164 986 4212 sua
1002 4136 1223 4242 recepcione
1240 4134 1299 4213 vel
1312 4152 1416 4241 post,
1434 4138 1538 4244 quod
1557 4137 1638 4244 ipse
1657 4134 1813 4223 recolat,
1837 4153 1876 4211 et

455 4264 619 4369 predicta
641 4264 767 4342 illicita
789 4284 826 4342 et
842 4266 941 4343 licita
958 4296 1032 4373 que
1048 4266 1223 4373 deposuit
1241 4266 1485 4344 intervenisse
1500 4267 1539 4343 in
1554 4266 1774 4373 recepcione
1790 4295 1873 4355 sua,

453 4396 572 4473 credit
588 4397 690 4502 qnod
715 4397 982 4475 intervenirent
1001 4399 1255 4475 communiter
1275 4399 1313 4474 in
1332 4397 1614 4505 recepcionihus
1629 4398 1790 4475 aliorum
1811 4395 1877 4472 lra-

453 4546 552 4602 trum
584 4529 728 4606 ordinis
755 4528 886 4635 pocius
914 4557 1027 4633 quam
1057 4528 1307 4617 contrarium,
1334 4532 1420 4636 quia
1451 4530 1546 4607 vidit
1577 4557 1619 4606 ea
1649 4524 1874 4607 interuenire

456 4657 492 4729 in
511 4660 729 4763 recepcione
744 4657 896 4737 Geraldi
918 4657 965 4734 de
986 4656 1195 4763 Folqueriis
1214 4662 1424 4765 quondam,
1444 4661 1510 4768 qui
1530 4659 1601 4736 luit
1621 4659 1734 4735 simul
1754 4676 1792 4735 et
1809 4686 1878 4764 per

455 4787 636 4873 eundem,
654 4805 692 4863 et
708 4789 851 4867 eisdem
865 4787 1122 4894 presentibus,
1138 4807 1312 4896 receptus
1329 4816 1416 4868 curn
1427 4818 1490 4868 eo.
1504 4789 1607 4868 Dixit
1618 4807 1747 4867 tamen
1756 4788 1878 4866 semel
