4230 5956
633 489 831 580 esocis
855 509 950 580 ons
977 507 1279 581 rsurmsss.
1614 517 1666 590 rs·

250 645 424 752 expositis
442 646 513 724 sibi
528 645 706 731 omuibus
726 664 764 725 st
781 646 1133 754 singulisarticulis,
1151 650 1348 756 respondit
1366 655 1575 740 renoscite,
1593 678 1663 733 nec

248 774 416 864 credere,
445 803 517 854 nec
534 776 716 854 nudiusse
745 777 820 854 dici
838 777 887 854 de
908 778 1094 861 contentis
1118 779 1158 857 in
1181 779 1233 855 eis
1255 779 1327 856 nisi
1352 782 1457 886 quod
1476 783 1659 888 sequitur.

247 904 354 985 Dixit·
365 932 503 1012 nempe
523 904 690 983 soluisse
705 922 897 1011 receptum
914 906 952 982 in
969 906 1110 1012 capella
1132 906 1268 984 domus
1282 907 1434 1014 Tentpli
1450 910 1498 985 de
1514 911 1663 1018 loyson

250 1035 474 1114 ttorinensis
493 1035 666 1123 diocesis,
687 1064 756 1142 per
774 1035 924 1113 fratrem
946 1036 1124 1114 llelinnm
1146 1037 1306 1116 militem
1323 1038 1538 1144 quondam,
1554 1042 1666 1148 eujus

250 1191 460 1273 cognomen
495 1165 656 1274 ignorat,
690 1165 738 1243 de
775 1166 952 1242 mandato
984 1165 1105 1244 fratris
1140 1166 1321 1244 lobannis
1351 1167 1398 1245 de
1431 1166 1528 1246 Villa
1564 1171 1664 1246 Nora

250 1295 442 1400 quondam
461 1311 553 1373 tunc
571 1296 800 1401 preceptoris
815 1295 965 1374 ballivis
983 1295 1032 1372 de
1049 1297 1226 1384 'Pontium
1250 1297 1344 1374 circa
1364 1297 1507 1374 instans
1524 1296 1664 1376 semum

250 1423 449 1501 nativitatis
470 1424 569 1502 bauti
600 1425 783 1503 iohannis
805 1426 970 1531 Baptiste
999 1443 1111 1503 smnt
1142 1427 1273 1504 decem
1297 1445 1346 1504 et
1361 1445 1446 1505 octo
1481 1429 1568 1504 anni
1604 1429 1665 1505 rol

152 1550 155 1557 ’
250 1552 361 1640 ciros,
376 1554 615 1659 presentibus
630 1555 806 1635 mathus
826 1557 964 1634 Anri'co
985 1557 1032 1633 de
1047 1555 1142 1634 Gres
1158 1574 1197 1634 et
1218 1559 1388 1637 iohanne
1408 1558 1455 1635 de
1475 1556 1664 1635 Renavills

250 1683 512 1773 servientibus,
533 1684 752 1773 deffunctis
776 1686 816 1763 in
844 1687 947 1763 hunc
966 1687 1123 1763 modum
1144 1718 1152 1761 :
1177 1715 1265 1763 nam
1296 1712 1383 1764 cum
1407 1687 1581 1794 peciisset
1604 1687 1663 1762 in-

249 1829 388 1890 stanter
405 1831 443 1891 et
461 1813 679 1921 frequenter
693 1844 830 1922 penem
847 1834 1034 1922 etsquam
1045 1816 1189 1894 ordinis
1205 1835 1243 1893 et
1257 1819 1293 1894 ei
1304 1843 1478 1895 concessa
1493 1815 1661 1906 luissent,

249 1945 403 2050 prestito
430 1973 497 2052 per
515 1947 775 2055 juramentum
799 1950 904 2054 quod
931 1975 1008 2025 non
1033 1965 1112 2025 erat
1136 1950 1499 2034 excommunicatus,
1520 1946 1665 2025 servilis

250 2074 499 2162 condicionis,
527 2103 598 2152 nec
616 2076 880 2173 matrimonio,
907 2104 977 2153 nec
996 2076 1102 2152 alteri
1121 2077 1312 2184 religioni,
1327 2104 1404 2154 ‘nec
1429 2078 1566 2154 debitis
1585 2091 1664 2182 'que

249 2202 392 2281 solvere
420 2231 498 2281 non
522 2221 652 2311 posset
671 2203 873 2312 obligatus,
900 2233 970 2282 nec
995 2206 1160 2283 habebat
1183 2207 1440 2284 infirmitatem
1465 2207 1661 2297 latentem,

249 2331 337 2410 fecit
351 2361 442 2441 sum
459 2361 592 2410 vovere
613 2351 653 2411 et
665 2335 793 2440 juram
813 2362 927 2440 super
945 2335 1148 2439 quemdam
1170 2335 1320 2412 librum*
1332 2337 1554 2427 castitatem,
1570 2336 1664 2414 obe·

250 2463 452 2553 diensium,
469 2463 590 2542 vivere
609 2465 689 2541 sine
708 2465 877 2571 proprio,
898 2491 1043 2541 servem
1061 2465 1184 2543 bonos
1203 2493 1295 2543 usus
1315 2483 1352 2543 et
1368 2465 1488 2543 bonas
1502 2493 1663 2544 consue-

248 2592 577 2682 tudines‘ordinis‚
599 2612 637 2671 et
655 2593 761 2701 quod
785 2622 862 2671 non
879 2591 1077 2672 interesset
1092 2594 1177 2672 loco
1197 2595 1334 2702 inquo
1360 2596 1494 2702 aliquis
1515 2599 1664 2674 exhere-

250 2723 401 2800 daretur
418 2724 573 2831 injuste,
588 2739 638 2800 ²st
663 2723 839 2829 imposito
853 2721 1052 2810 mantello,
1077 2722 1164 2801 fecit
1189 2723 1313 2828 ipsum
1339 2740 1477 2800 testem
1502 2725 1663 2802 oseulari

250 2879 400 2928 crucem
424 2848 654 2928 metallinam
678 2849 750 2927 sibi
773 2851 968 2937 traditam,
996 2867 1034 2926 et
1058 2851 1301 2956 postmodum
1330 2852 1409 2956 ipse
1432 2869 1603 2958 receptor
1624 2869 1664 2930 st

249 3000 410 3062 astantes
435 2981 590 3059 fuerunt
614 2980 738 3086 ipsum
761 2996 897 3058 testem
919 2979 1074 3057 osculati
1095 2981 1133 3056 in
1155 3008 1231 3058 ore.
1259 2981 1346 3074 Quo
1369 2982 1550 3058 instructo
1570 3001 1664 3087 quot

249 3117 360 3192 Pater
379 3129 495 3190 noster
512 3138 580 3219 pro
600 3111 704 3188 horis
724 3109 801 3188 suis
820 3110 963 3186 diceret
983 3126 1022 3186 st
1039 3109 1201 3215 qualiter
1220 3138 1262 3186 se
1282 3111 1322 3187 in
1341 3110 1477 3189 ordine
1494 3127 1662 3217 regeret,-

250 3259 499 3330 recesserunt,
519 3240 628 3318 nullo
645 3240 777 3318 illicito
793 3240 892 3316 dicta
912 3240 979 3316 die·
990 3238 1088 3316 lacto
1107 3238 1171 3316 rel>
1183 3239 1299 3318 dicto.
1318 3240 1464 3346 Elapsis
1481 3266 1568 3317 vero
1584 3254 1664 3319 π’

250 3372 403 3464 diebus,
445 3370 600 3479 quidam
641 3369 752 3448 miles
790 3370 961 3460 ordinis,
989 3369 1086 3448 duos
1126 3369 1257 3448 fratres
1296 3371 1499 3448 servientes
1535 3398 1663 3448 secum

249 3501 766 3608 ducens,⁴quorum·nomina
786 3517 825 3578 et
844 3501 1066 3608 cognomina
1089 3499 1251 3607 ignorat,
1275 3499 1514 3606 proficiscens
1534 3527 1663 3579 versu

252 3631 438 3739 Anglicm,
455 3647 493 3707 et
506 3658 576 3736 per
594 3631 799 3736 predictam
812 3631 973 3707 domum
984 3629 1032 3705 de
1047 3630 1197 3735 Loyson
1212 3631 1414 3707 transitum
1429 3630 1665 3719 lacienmu·

250 3762 330 3840 dito
343 3763 455 3869 -quod
474 3761 597 3842 dictus
620 3762 727 3839 testis
745 3761 892 3841 noviter
913 3775 1087 3865 recaptus
1109 3758 1248 3851 lueret,
1276 3761 1418 3838 coeant
1436 3761 1560 3866 ipsum
1572 3776 1664 3864 :port

250 3893 451 3997 prandium
478 3892 525 3968 sd
557 3891 760 3998 quaian
793 3914 1005 3977 camerame
1025 3889 1216 3987 etnlauso
1246 3890 1369 3978 ostio,
1397 3886 1563 3965 ostendit
1585 3883 1662 3962 sibi

248 4021 455 4127 quamdam
465 4020 787 4127 nruoemligneam
796 4019 1016 4126 depositam,
1035 4019 1153 4095 nescit
1166 4044 1359 4124 perquem
1373 4015 1537 4103 allatam,
1547 4036 1662 4120 quern

251 4151 291 4225 in
305 4176 418 4227 monn
432 4177 498 4227 sua
508 4148 676 4239 tenebat,
690 4165 731 4226 et
742 4147 1001 4225 reddentibus
1019 4146 1092 4223 sibi
1120 4139 1228 4222 dictis
1247 4143 1397 4221 duobus
1413 4142 1661 4229 sementibus.

250 4278 418 4385 precepit
438 4278 563 4356 eidem
575 4277 665 4356 testi
687 4277 1013 4382 quod-abnegaret
1030 4273 1155 4350 Deum
1177 4272 1663 4378 sedicumesuoemequo

249 4406 502 4515 respondente
523 4434 567 4485 se
596 4405 669 4483 hoc
696 4403 946 4482 nullomodo
972 4401 1156 4480 lemurum
1185 4419 1224 4479 et
1240 4404 1440 4510 qnodnon
1461 4403 1665 4518 abegerat

244 4555 457 4616 :creatorem
473 4564 606 4628 suum,
625 4535 772 4614 dixitei
789 4534 897 4642 qnod
910 4531 1039 4611 mcum
1058 4532 1263 4641 abnegaret
1283 4533 1426 4611 dietam
1451 4549 1665 4610 emesmtct

250 4685 404 4776 spueret
424 4674 541 4774 supra
566 4694 666 4758 eam,
692 4665 783 4773 quio
805 4665 860 4743 ita
874 4662 1067 4741 :finiebant
1085 4662 1154 4740 alii
1176 4661 1307 4740 irrues
1328 4663 1550 4752 ordinimot
1563 4677 1665 4741 tna

254 4784 375 4874 dimus
398 4796 525 4889 miles,
548 4796 779 4904 vidensque
793 4795 1069 4882 marmium,
1086 4792 1179 4871 dixit
1202 4794 1303 4900 :Bpo
1316 4792 1517 4880 wordum}
1529 4807 1569 4869 st
1584 4818 1665 4871 (ω
