4230 5956
660 456 859 553 nnocns
884 478 981 551 ons
1007 478 1307 553 runrtrnns.
1623 483 1697 559 ιιι

274 617 402 696 fratres
422 617 510 693 dicti
527 617 645 696 Mansi
666 619 736 696 Dei
757 619 797 695 in
811 619 868 696 sui
888 621 1080 725 presencia
1099 622 1320 699 constitutos
1333 623 1475 728 rogavit
1485 641 1523 701 et
1533 627 1697 719 monuit,
1792 718 1796 725 ¹

273 749 448 855 quatinus
469 777 583 855 super
608 748 785 855 predictis
808 747 971 828 articulis
990 750 1138 856 plenam
1167 769 1204 828 et
1229 780 1360 858 puram
1383 752 1552 832 dicerent
1568 756 1700 834 verita·
1790 730 1793 735 Ι

272 898 362 959 tem.
379 880 491 959 Aliud
511 880 599 958 inde
620 880 747 958 nescit.

329 1146 435 1223 Anno
455 1173 533 1252 quo
553 1175 682 1253 supra,
704 1173 767 1225 ιιιι
787 1144 963 1224 kalendas
978 1143 1170 1225 februarii.

329 1279 421 1356 Vlll.
457 1279 584 1353 Frater
615 1277 857 1384 Raymundus
896 1277 944 1354 de
982 1276 1121 1356 Gardia
1161 1277 1288 1366 miles,
1329 1295 1528 1384 preceptor
1565 1279 1700 1357 domus

273 1408 391 1486 Mansi
409 1409 479 1487 Dei
506 1408 651 1487 ordinis
668 1408 807 1486 milicie
825 1407 987 1515 Templi,
1009 1408 1182 1485 Elnensis
1203 1408 1382 1497 diocesis,
1404 1409 1509 1487 testis
1529 1411 1698 1518 juratus,

273 1567 385 1644 super
406 1538 584 1646 predictis
608 1539 774 1617 articulis
797 1557 983 1616 eteorum
1004 1539 1175 1645 quolibet
1192 1539 1263 1616 sibi
1285 1538 1459 1646 expositis
1478 1541 1517 1617 in
1537 1540 1698 1648 vulgari,

273 1686 315 1746 ut
335 1668 550 1775 principalis
570 1669 617 1746 de
637 1698 677 1747 se
697 1670 798 1776 ipso,
823 1687 861 1748 et
877 1688 920 1748 ut
935 1671 1040 1748 testis
1056 1671 1103 1747 de
1121 1671 1218 1760 aliis,
1238 1671 1438 1778 diligenter
1456 1688 1492 1748 et
1511 1671 1700 1779 sigillatim

274 1801 535 1907 interrogatus,
555 1800 789 1907 respondens
809 1802 902 1880 dixit
917 1831 1029 1909 super
1044 1804 1167 1908 primo
1182 1803 1284 1909 quod
1306 1803 1459 1879 crimina
1474 1819 1647 1881 contenta
1661 1804 1700 1879 in
1780 1843 1790 1870 ι

273 1933 353 2038 ipso
373 1933 495 2038 primo
514 1931 669 2010 articulo
689 1950 776 2009 sunt
795 1950 831 2010 et
849 1933 1023 2011 videntur
1042 1934 1113 2012 sibi
1129 1933 1339 2022 horribilia,
1361 1932 1466 2011 valde
1483 1931 1644 2011 nefanda
1663 1952 1701 2011 et

274 2061 473 2151 diabolica,
496 2079 535 2139 et
555 2063 660 2168 quod
679 2062 758 2169 ipsa
779 2080 954 2141 contenta
972 2064 1109 2171 inipso
1128 2065 1250 2171 primo
1270 2064 1426 2142 articulo
1446 2064 1601 2142 crimina
1620 2066 1699 2173 ipse

273 2221 341 2270 nec
356 2193 425 2272 scit
444 2221 514 2269 nec
534 2192 652 2270 credit
668 2194 826 2273 comissa
840 2192 955 2272 luisse
975 2223 995 2271 a
1016 2223 1056 2272 se
1077 2195 1158 2301 ipso
1173 2224 1242 2272 nec
1260 2196 1306 2273 ah
1326 2195 1453 2302 aliquo
1468 2195 1580 2274 fratre
1597 2197 1700 2274 ordi-

272 2325 330 2400 nis
359 2323 447 2401 dicti
477 2324 639 2429 Templi.
664 2325 745 2402 hno
769 2324 838 2402 scit
859 2326 907 2402 de
933 2353 972 2403 se
995 2326 1077 2432 ipso
1101 2354 1171 2403 nec
1190 2325 1337 2404 dubitat
1359 2326 1456 2404 dicta
1476 2327 1629 2404 crimina
1644 2327 1701 2405 vel

273 2455 429 2561 aliquod
445 2455 493 2532 de
509 2455 651 2533 eisdem
671 2484 747 2535 non
761 2456 877 2534 luisse
897 2457 1055 2536 comissa
1073 2487 1094 2535 a
1109 2485 1165 2548 se;
1186 2475 1224 2535 et
1243 2457 1346 2535 idem
1366 2457 1458 2536 dicit
1472 2457 1519 2535 de
1534 2458 1615 2535 aliis
1629 2459 1701 2536 lra-

272 2587 393 2665 tribus
420 2587 588 2695 ejusdem
613 2587 768 2665 ordinis¹
787 2616 882 2696 quos
906 2589 985 2694 ipse
1005 2591 1146 2696 recepit
1168 2607 1206 2667 et
1225 2590 1341 2696 recipi
1359 2590 1452 2667 vidit
1466 2589 1514 2666 ad
1526 2591 1700 2668 ordinem

273 2718 539 2824 supradictum.
559 2719 660 2797 Dixit
684 2719 801 2797 eciam
826 2747 865 2797 sc
894 2747 970 2798 non
996 2719 1148 2798 credere
1174 2720 1337 2827 aliquem
1357 2718 1508 2797 fratrem
1534 2748 1701 2827 unquam

271 2848 384 2927 fuisse
412 2866 605 2957 receptum
632 2880 652 2927 a
674 2879 918 2959 quocumque
943 2853 990 2929 ad
1016 2850 1188 2931 ordinem
1214 2850 1489 2957 supradictum,
1510 2852 1576 2958 qui
1603 2851 1701 2928 dicta

273 2981 430 3058 crimina
458 2982 496 3058 in
521 2980 622 3060 dicto
643 2981 799 3060 articulo
817 2999 991 3060 contenta
1010 2982 1199 3060 comiserit
1215 2981 1273 3059 vel
1297 2982 1451 3089 aliquod
1475 2981 1522 3059 de
1543 2982 1699 3060 eisdem.

272 3114 346 3189 Nec
366 3113 551 3219 recipiens
571 3113 717 3192 comisit
732 3114 958 3220 supradicta.

328 3241 386 3321 Ad
408 3269 556 3322 u--vru
573 3244 746 3323 articulos
766 3245 963 3336 inclusive,
999 3244 1199 3352 diligenter
1219 3262 1257 3323 et
1281 3243 1469 3352 sigillatim
1497 3244 1702 3351 interroga-

271 3392 348 3464 tus,
371 3374 463 3453 dixit
486 3393 528 3452 ut
555 3403 665 3484 supra
689 3376 863 3483 deposuit
887 3405 999 3483 super
1024 3377 1165 3483 primo,
1192 3377 1358 3454 adiciens
1380 3405 1418 3455 se
1446 3404 1523 3454 non
1548 3374 1701 3453 credere

271 3533 340 3610 per
351 3505 465 3584 alium
476 3534 585 3613 posse
600 3508 728 3586 salvari
747 3508 818 3586 nisi
833 3537 901 3615 per
918 3509 1123 3586 Dominum
1138 3525 1306 3586 nostrum
1323 3508 1479 3585 Jhesum
1494 3507 1698 3593 Christum,

273 3638 338 3744 qui
367 3655 424 3715 est
445 3667 530 3715 vera
558 3639 657 3716 salus
681 3641 850 3717 omnium
873 3638 1059 3728 fidelium,
1078 3639 1199 3744 etqui
1223 3667 1355 3744 passus
1376 3637 1448 3715 luit
1470 3664 1539 3743 pro
1565 3637 1700 3713 nostris

271 3772 446 3873 peccatis,
477 3797 553 3847 non
576 3797 645 3875 pro
670 3770 763 3861 suis,
791 3786 828 3846 et
851 3797 920 3876 pro
949 3769 1210 3876 redemptione
1239 3769 1396 3846 humani
1421 3768 1584 3875 generis,
1615 3795 1700 3844 cum

271 3917 464 4004 peccatum
478 3927 555 3976 non
568 3899 713 3991 fecerit,
735 3929 804 3978 nec
823 3900 895 3978 suit
913 3898 1024 3979 dolus
1044 3901 1082 3978 in
1098 3929 1164 3979 ore
1184 3900 1276 4008 ejus.
1522 3906 1526 3913 ’

330 4029 388 4109 Ad
402 4059 437 4110 ιιι
450 4080 508 4089 -
526 4059 589 4109 run
606 4031 781 4110 articulos
800 4031 977 4110 inclusive
1000 4031 1176 4110 facientes
1195 4032 1431 4109 mencionem
1456 4031 1504 4107 de
1531 4029 1700 4107 dehone-

274 4162 403 4240 standa
420 4190 528 4240 cruce
549 4163 688 4241 Christi
708 4180 745 4241 et
767 4164 848 4271 ejus
868 4162 1054 4271 vituperio
1080 4180 1118 4241 et
1138 4160 1305 4240 crucifixi
1325 4162 1366 4238 in
1382 4190 1424 4238 ea
1445 4160 1643 4268 diligenter
1664 4178 1702 4238 et

272 4291 458 4400 sigillatim
479 4295 742 4401 interrogatus,
765 4322 878 4401 super
899 4294 953 4371 eis
977 4295 1210 4401 respondens
1231 4293 1336 4383 dixit,
1359 4292 1504 4401 negavit
1523 4291 1703 4398 simplici-

273 4443 332 4503 ter
352 4443 389 4503 et
407 4454 500 4530 pure
521 4427 621 4532 ipsos
644 4426 821 4504 articulos
846 4443 884 4503 et
908 4426 1033 4505 omnia
1061 4442 1098 4502 et
1120 4425 1267 4533 singula
1292 4441 1464 4504 contenta
1484 4423 1524 4500 in
1545 4424 1616 4513 eis3
1638 4421 1702 4500 ad-

276 4556 367 4635 dens
377 4557 481 4664 quod
493 4557 540 4634 ad
551 4557 736 4636 honorem
753 4574 791 4635 et
809 4557 965 4665 gloriam
982 4556 1210 4636 sanctissime
1226 4557 1346 4634 crucis
1358 4554 1497 4634 Christi
1517 4570 1555 4630 et
1567 4553 1702 4659 passio

274 4689 333 4765 nis
353 4690 435 4796 ejus
454 4718 568 4796 quam
585 4689 663 4795 ipse
684 4690 855 4767 Christus
871 4717 1001 4797 passus
1019 4688 1092 4767 fuit
1111 4689 1150 4766 in
1172 4716 1240 4767 suo
1255 4684 1526 4795 gloriosissimo
1545 4712 1701 4791 corpore

274 4848 343 4927 pro
364 4848 404 4898 se
430 4837 467 4898 ct
491 4848 558 4927 pro
586 4819 667 4898 aliis
691 4819 867 4899 fidelibus
888 4819 1123 4910 Christianis,
1144 4837 1220 4898 tam
1246 4819 1325 4926 ipse
1349 4845 1462 4925 quam
1486 4815 1549 4892 alii
1569 4813 1702 4893 fratres

383 4980 488 5041 raonis
503 4997 556 5039 nes
571 4996 743 5040 rennuens.
758 5013 799 5024 —
815 4997 848 5040 ιι.
1493 4970 1533 5033 58
