4230 5956
466 459 540 537 222
734 542 738 556 ,
846 432 1042 534 eneces
1073 450 1170 525 nus
1201 450 1505 533 eburneus.

466 593 607 681 audivit
631 591 706 675 dici
729 592 835 695 quod
855 592 945 669 dicti
963 610 1039 669 tres
1058 589 1191 675 tratres
1207 588 1392 681 fecerunt,
1421 608 1460 668 et
1476 591 1580 698 quod
1596 591 1659 671 alii
1676 590 1808 679 fratres
1825 625 1885 680 or-

466 724 567 809 tinia
583 720 837 801 communiter
851 719 1016 799 lacerent
1032 721 1320 828 abnegaciouem
1337 721 1546 827 predictam
1563 722 1717 830 ubique,
1733 753 1885 831 reapon-

467 854 530 937 dit
548 882 588 931 ae
616 852 776 941 nescire3
801 850 978 933 credebat
1000 867 1127 936 umen
1152 849 1258 955 quod
1284 850 1347 927 sic.
1374 851 1606 957 Requieitue,
1630 882 1719 935 cunr
1739 854 1886 937 dicatur

466 984 581 1068 fuisse
596 983 694 1065 ultra
709 1010 811 1066 mare
832 1008 908 1066 tutu
921 982 1044 1067 annis,
1062 981 1093 1059 si
1111 981 1164 1058 ibi
1180 978 1237 1057 vel
1253 980 1342 1063 citre
1358 1010 1461 1059 mare
1475 981 1619 1061 viderat
1631 973 1779 1088 aliquos
1793 985 1886 1063 alios

467 1113 598 1218 recipi,
621 1112 816 1217 respondit
832 1111 937 1216 quod
953 1109 1051 1187 ultra
1071 1138 1173 1187 mare
1192 1108 1345 1191 nullum
1361 1110 1504 1189 viderat
1521 1113 1653 1217 recipi,
1673 1114 1760 1218 quia
1778 1118 1886 1220 pauci

468 1242 745 1347 recipiebantur
769 1242 808 1317 in
833 1257 1034 1330 conventu,
1060 1267 1129 1345 pro
1156 1266 1202 1316 eo
1224 1239 1329 1344 quod
1351 1239 1504 1319 difficile
1524 1258 1605 1319 erat
1625 1241 1711 1321 illos
1733 1243 1782 1321 de
1802 1272 1888 1327 cou-

468 1388 582 1457 ventu
595 1373 635 1447 in
647 1370 931 1476 recapciouibue
944 1370 1188 1455 concordare,
1202 1387 1240 1449 et
1250 1368 1470 1474 aliquando,
1487 1373 1641 1477 pundo
1650 1390 1757 1451 erant
1770 1373 1884 1480 aliqui

468 1500 692 1606 recipiendi,
714 1501 912 1585 mittebant
927 1528 992 1579 eos
1007 1500 1046 1574 in
1061 1515 1177 1574 castra
1192 1497 1251 1575 rel
1267 1498 1423 1577 ineullae
1433 1500 1503 1603 (sic)
1517 1500 1882 1606 circumadjacentes,

469 1632 510 1707 in
524 1631 662 1735 quibus
678 1647 784 1713 erant
800 1629 907 1734 pauci
928 1628 1074 1714 iratres,
1089 1644 1133 1710 ut
1147 1628 1402 1732 reciperentur
1416 1627 1560 1707 ibidem
1580 1629 1710 1717 cicius,
1729 1629 1886 1713 liberius

472 1777 610 1837 etcum
630 1759 830 1843 concordia
845 1757 1021 1847 fratrum3
1041 1773 1079 1833 et
1093 1755 1235 1834 audivit
1251 1757 1326 1834 dici
1344 1759 1449 1864 qnod
1465 1757 1541 1837 illic
1554 1759 1788 1864 temporibus
1801 1761 1887 1865 qui-

470 1888 543 1973 bus
562 1889 641 1993 ipse
662 1904 741 1963 erat
758 1885 856 1971 ultra
876 1914 996 1973 mare,
1017 1884 1090 1962 fuit
1108 1903 1283 1991 receptus
1301 1885 1414 1967 irater
1432 1888 1542 1993 Hugo
1561 1889 1608 1965 de
1629 1888 1758 1994 Saytet
1777 1888 1887 1967 miles

472 2017 521 2095 de
540 2017 727 2104 Alternia,
755 2016 856 2120 apud
876 2019 1089 2103 Tortoeam,
1110 2043 1178 2119 per
1198 2013 1349 2097 fratrem
1376 2017 1531 2098 Petrum
1553 2017 1602 2095 de
1626 2016 1789 2095 Sirriaeo
1817 2018 1888 2095 mi-

472 2147 577 2225 litem
604 2146 846 2230 castellanum
876 2146 925 2225 de
949 2147 1143 2234 'fertonem
1172 2162 1210 2220 et
1233 2143 1346 2225 irater
1373 2146 1559 2225 Jordanue
1588 2146 1697 2229 miles
1725 2147 1771 2225 de
1799 2149 1890 2227 bur·

474 2275 610 2382 gendia
639 2275 712 2354 fuit
749 2292 922 2379 receptus
948 2303 1015 2379 per
1039 2275 1237 2363 eumdem,
1269 2274 1308 2351 iu
1338 2275 1473 2362 eodem
1502 2276 1605 2367 loco,
1633 2294 1720 2380 post
1747 2275 1889 2381 aliquot

473 2422 635 2510 tempus.
650 2405 752 2487 Citra
770 2432 870 2489 mare
890 2420 1016 2486 autem
1033 2404 1126 2482 vidit
1142 2405 1256 2509 recipi
1277 2403 1429 2482 fratrem
1445 2400 1634 2487 Andream
1653 2407 1702 2483 de
1720 2407 1889 2484 Ventho·

474 2535 570 2615 doro
592 2533 751 2614 militem
772 2533 963 2639 quondam
986 2533 1035 2615 de
1054 2534 1323 2622 Lemovicinio,
1343 2551 1494 2641 captum
1514 2535 1613 2641 apud
1636 2535 1804 2617 Tartesia
1821 2562 1889 2641 per

474 2661 693 2753 Saracenos,
716 2665 755 2743 in
775 2665 869 2743 dieta
896 2662 1036 2768 capella
1060 2663 1108 2740 de
1135 2663 1237 2741 Bella
1256 2663 1492 2754 Cbaeeanba,
1513 2693 1583 2771 per
1600 2663 1753 2745 fratrem
1773 2666 1890 2743 Hum-

474 2791 623 2879 benum
647 2794 696 2873 de
717 2793 936 2873 Conborino
962 2793 1122 2874 militem
1141 2794 1351 2898 quondam,
1377 2794 1473 2871 eirca
1497 2794 1638 2871 instrue
1664 2791 1802 2871 festum
1823 2792 1889 2871 Aa·

474 2923 704 3028 cumpcionis
727 2923 835 3003 beate
861 2924 975 3008 Maria
1002 2940 1113 3001 erunt
1137 2940 1221 3001 octo
1246 2922 1333 2999 anni
1351 2921 1539 3009 velcirca,
1562 2922 1798 3029 presentibus
1817 2922 1890 3001 sra-

475 3051 595 3131 tribus
615 3050 766 3131 Galtero
788 3052 835 3132 de
856 3053 1112 3157 Montengrier
1131 3051 1269 3142 milite,
1290 3079 1408 3157 quem
1426 3050 1569 3131 audivit
1591 3078 1670 3129 esee
1691 3052 1889 3130 detentum

476 3180 661 3268 Arinioni,
678 3183 844 3259 Borzone
860 3181 984 3267 Cocta,
1005 3183 1071 3287 qui
1085 3182 1276 3259 detinetur
1292 3181 1392 3287 apud
1410 3181 1587 3259 Riomum
1598 3180 1639 3257 in
1653 3179 1838 3268 Alvernia,
1853 3199 1891 3257 et

477 3308 653 3389 Gnidone
671 3309 832 3397 derne,
852 3310 917 3414 qui
934 3311 1110 3418 auffugit,
1126 3311 1390 3399 servientibus3
1406 3327 1548 3389 etcum
1566 3309 1715 3391 fecisset
1730 3309 1813 3388 rota
1825 3340 1890 3388 sua

478 3455 516 3515 et
544 3438 675 3517 suisset
703 3439 898 3528 inductus,
925 3439 996 3515 fuit
1019 3457 1237 3544 preceptum
1269 3441 1392 3518 eidem
1418 3439 1504 3521 teeti
1531 3467 1599 3544 per
1625 3439 1769 3519 dictum
1789 3467 1890 3516 rece-

476 3585 625 3672 ptorem
647 3569 749 3672 quod
769 3568 933 3645 duceret·
943 3569 1086 3647 dictum
1102 3568 1292 3651 Andream
1311 3570 1359 3646 ad
1373 3569 1577 3675 quamdam
1593 3596 1778 3647 cameram
1792 3569 1889 3646 dicte

476 3698 618 3803 capelle
638 3698 867 3804 contiguam,
886 3716 936 3782 ut⁴
949 3698 1168 3804 loqueretur
1188 3729 1275 3779 cum
1293 3727 1355 3788 eo;
1377 3700 1510 3804 etipse
1529 3700 1633 3779 tectis
1652 3699 1747 3777 dixit
1766 3699 1889 3777 eidem

477 3828 660 3933 receptori
680 3829 784 3932 quod
806 3829 970 3911 mitteret
983 3828 1116 3922 alium,
1133 3847 1171 3906 et
1191 3858 1269 3907 non
1283 3829 1363 3917 irit,
1384 3829 1571 3935 quianon
1591 3827 1759 3933 placebat
1778 3829 1812 3902 ei
1836 3827 1889 3903 sa-

476 3987 559 4044 cere
573 3959 632 4043 vel
648 3960 839 4064 precipere
861 3959 1006 4065 aliquid
1024 3961 1218 4050 illicitum
1235 3976 1273 4041 et
1290 3977 1401 4048 tunc,
1418 3960 1466 4039 ad
1482 3976 1700 4065 preceptum
1720 3958 1809 4041 dicti
1830 3985 1890 4036 re·

476 4089 650 4191 captoria,
673 4088 763 4167 dicti
785 4089 917 4167 fratres
935 4088 1064 4168 Guido
1084 4108 1122 4167 et
1137 4092 1235 4171 Boeo
1253 4089 1443 4167 duxerunt
1462 4089 1607 4169 dictum
1626 4087 1833 4178 Andream,
1854 4109 1893 4167 et

476 4217 594 4301 nescit
606 4217 699 4322 quid
719 4236 876 4324 egerunt
894 4219 1036 4299 ibidem
1053 4251 1062 4299 c
1080 4220 1200 4301 credit
1212 4236 1339 4299 tamen
1362 4220 1467 4325 quod
1490 4248 1578 4302 eum
1598 4219 1762 4298 lacerent
1777 4220 1892 4301 abne-

475 4373 562 4451 gare
583 4347 741 4429 thecum
765 4349 969 4427 Christum.
992 4353 1101 4439 ltem,
1125 4350 1218 4428 dixit
1238 4350 1344 4456 quod
1367 4349 1488 4429 indie
1507 4350 1663 4429 Veneria
1683 4367 1808 4428 sancta
1825 4350 1892 4428 de-

475 4492 560 4555 vote
588 4495 626 4556 et
649 4494 864 4559 reverenter
883 4479 1087 4559 adorabant
1112 4509 1274 4568 crucem,
1301 4497 1341 4557 et
1362 4480 1467 4586 quod
1493 4482 1572 4584 ipee
1598 4479 1697 4561 bene
1718 4480 1893 4559 credebat

478 4606 731 4689 ecclesiasticis
751 4608 1008 4698 sacramentis,
1032 4626 1069 4687 et
1092 4609 1212 4687 credit
1232 4609 1336 4715 quod
1360 4607 1422 4687 elii
1440 4608 1571 4689 fratres
1593 4608 1738 4690 ordinis
1755 4607 1891 4687 eodem

432 4812 436 4820 ,
479 4735 592 4813 modo
610 4736 823 4823 crederent,
842 4752 880 4811 et
894 4736 1005 4840 quod-
1017 4765 1150 4817 eorum
1168 4739 1379 4819 sacerdotes
1391 4738 1518 4819 debite
1534 4737 1773 4817 celebrarent
1790 4736 1892 4814 Laici
