4230 5956
474 470 545 542 uo
865 439 1057 534 raocts
1083 458 1175 530 oss
1202 456 1500 529 rsurmsus

471 604 687 685 deffendere
709 604 756 679 de
782 599 996 678 confessatis
1029 627 1097 704 per
1127 625 1232 685 eum,
1267 596 1335 672 sed
1363 596 1411 673 de
1439 595 1521 674 aliis
1545 624 1620 703 que
1641 597 1892 705 imponuntur

444 726 448 735 ¹
469 736 606 813 eidem.

525 865 741 971 Requisitus
772 862 878 939 sisic
908 860 1133 966 deposuerat
1163 885 1290 963 prece,
1326 873 1520 963 precepto,
1548 857 1706 949 timore,
1737 888 1887 950 amore,

471 995 577 1083 odio,
599 993 658 1070 vel
682 991 880 1097 temporali
911 991 1073 1077 comodo
1101 988 1230 1065 habito
1258 985 1318 1064 vel
1344 987 1541 1078 habendo,
1563 987 1758 1093 respondit
1785 993 1888 1095 quod

471 1153 569 1212 non,
584 1125 650 1200 sed
664 1151 734 1228 pro
749 1121 900 1198 veritate
916 1119 1089 1207 dicenda3
1107 1119 1166 1195 cui
1187 1117 1260 1195 luit
1274 1117 1487 1224 injunctum
1503 1116 1609 1223 quod
1620 1143 1698 1194 non
1710 1119 1892 1197 revelaret

471 1256 567 1331 hanc
586 1281 692 1329 suam
715 1249 1011 1355 deposicionem,
1033 1275 1230 1355 quousque
1250 1246 1505 1324 attestationes
1528 1244 1671 1323 luerint
1687 1247 1887 1352 publicato.

527 1383 616 1460 Acta
634 1381 788 1457 luerunt
806 1379 877 1456 hec
896 1379 1009 1456 dicet
1028 1377 1110 1455 loco
1131 1378 1326 1484 predictis,
1346 1357 1585 1481 presentibus
1600 1376 1777 1483 magistro
1788 1378 1892 1455 Ami-

472 1516 545 1604 sio,
562 1541 622 1588 me
642 1511 895 1587 Floriamonte
915 1509 1135 1600 Dondedei,
1158 1526 1197 1586 et
1215 1509 1296 1585 aliis
1315 1507 1470 1585 notariis
1485 1495 1597 1613 supra
1616 1507 1752 1584 ultimo
1773 1510 1892 1586 nomi·

473 1640 587 1730 natis,
611 1642 683 1718 hoc
702 1640 801 1717 salvo
820 1638 926 1743 quod
939 1639 1062 1714 dictus
1076 1637 1252 1743 magister
1263 1637 1371 1741 llugo
1392 1662 1468 1711 non
1489 1633 1661 1711 interfuit
1679 1639 1888 1742 recepcioni

468 1770 672 1878 juramenti
695 1769 881 1847 dictorum
895 1767 1048 1845 testium
1070 1765 1186 1843 hodie
1214 1767 1440 1871 juratorum.

527 2035 615 2111 Post
640 2034 725 2120 hec,
755 2031 816 2107 die
843 2027 967 2107 Sabati
993 2027 1185 2132 sequenti,
1211 2054 1286 2131 que
1306 2026 1379 2101 fuit
1407 2051 1501 2103 xxvu
1528 2026 1609 2104 dies
1636 2027 1725 2104 dicti
1753 2031 1890 2108 mensis

473 2163 621 2247 Marcii,
643 2160 715 2236 luit
739 2160 925 2235 adductus
945 2158 993 2233 ad
1014 2156 1244 2263 presenciam
1271 2155 1492 2233 eorumdem
1523 2156 1767 2235 dominorum
1788 2187 1891 2236 com·

464 2272 745 2375 ¹missariorum,
776 2290 816 2362 in
844 2289 960 2364 domo
985 2287 1153 2389 predicta
1177 2285 1322 2362 domini
1346 2285 1448 2363 Petri
1474 2285 1528 2362 de
1545 2287 1750 2376 sabaudia,
1779 2288 1891 2366 frater

472 2418 660 2494 lohannes
681 2416 728 2492 de
748 2417 869 2493 Canes
895 2414 1074 2500 serviens,
1095 2413 1357 2491 Ambianensis
1376 2414 1554 2507 diocesis,
1567 2417 1681 2494 tostis
1699 2445 1810 2523 supra
1826 2420 1890 2522 ju·

471 2564 593 2633 ratus,
615 2574 661 2623 xx
682 2573 866 2623 annorum
894 2543 952 2620 vel
973 2543 1084 2629 circa,
1112 2544 1177 2648 qui
1206 2543 1244 2653 in
1266 2543 1425 2621 concilio
1445 2547 1641 2639 Remeato,
1661 2546 1702 2622 in
1726 2575 1802 2653 quo
1822 2576 1888 2653 per

472 2675 669 2753 dominum
688 2674 1010 2779 archiepiscopum
1024 2674 1250 2749 Remensem
1263 2672 1458 2750 absolutus
1476 2691 1515 2751 et
1531 2675 1793 2754 reconciliatus
1811 2676 1890 2753 fise-

360 2798 363 2803 ’
471 2825 543 2896 rat,
564 2806 788 2884 mantellum
803 2805 1007 2881 dimiserat.
1022 2804 1298 2880 Protestacione
1318 2804 1498 2909 premissa
1512 2808 1616 2913 quod
1633 2833 1711 2884 non
1727 2807 1891 2886 intendit

470 2937 646 3014 recedere
666 2965 687 3012 a
712 2935 951 3041 deposicione
971 2937 1042 3038 per'
1059 2961 1149 3009 eum
1169 2932 1262 3009 lacta
1289 2961 1415 3011 coram
1437 2935 1538 3012 dicto
1562 2936 1718 3014 domino
1745 2938 1889 3015 archie-

472 3067 640 3172 piscopo,
663 3065 768 3140 lectis
789 3081 826 3140 et
850 3063 1051 3170 diligenter
1075 3063 1248 3168 expositis
1268 3062 1338 3140 sibi
1358 3065 1537 3142 omnibus
1558 3083 1598 3142 et
1620 3065 1778 3172 singulis
1802 3069 1889 3142 arti-

473 3194 585 3284 culis,
608 3193 803 3298 respondit
817 3193 921 3299 quod
942 3208 1191 3268 non-steterat
1206 3192 1245 3267 in
1266 3195 1415 3286 ordine,
1438 3196 1508 3272 nisi
1523 3223 1592 3303 per
1604 3196 1807 3274 dimidium
1823 3225 1888 3273 an·

472 3351 565 3400 num
586 3341 670 3399 ante
692 3323 906 3427 capcionem
929 3350 1078 3408 eorum,
1104 3349 1175 3398 nec
1199 3321 1364 3430 aliquem
1390 3325 1507 3402 alium
1535 3326 1681 3403 viderat
1707 3328 1820 3432 recipi
1845 3327 1883 3403 in

473 3453 605 3530 ordine
626 3468 849 3541 memorato,
871 3450 973 3527 unde
993 3451 1197 3540 nesciebat,
1221 3480 1291 3528 ncc
1309 3453 1505 3544 credebat,
1527 3483 1597 3532 nec
1612 3455 1803 3533 audiverat
1815 3457 1887 3533 dici

473 3580 521 3659 de
541 3581 727 3658 contentis
756 3581 795 3656 in
817 3581 925 3659 dictis
945 3581 1110 3658 articulis
1134 3582 1205 3659 nisi
1225 3583 1330 3688 quod
1349 3584 1533 3690 sequitur.
1559 3584 1664 3663 Dixit
1687 3610 1822 3691 nempe
1848 3614 1887 3662 se

471 3711 583 3789 fuisse
597 3728 790 3816 receptum
802 3711 841 3786 in
863 3709 1002 3816 capella
1017 3712 1153 3787 domus
1172 3713 1322 3817 Templi
1337 3713 1384 3790 de
1404 3713 1542 3820 Nuylbi
1561 3713 1793 3791 Belvacensis
1808 3715 1889 3791 dio-

472 3843 580 3932 cesis,
601 3869 670 3947 per
681 3840 833 3918 fratrem
846 3841 1088 3947 Radulphum
1109 3843 1156 3918 de
1167 3841 1330 3932 Gisiaco,
1343 3858 1477 3920 testem
1492 3848 1603 3948 supra
1617 3842 1884 3929 examinatum,

471 3972 707 4078 presentibus
740 3969 916 4048 fratribus
956 3972 1124 4047 ,lohanne
1155 3973 1203 4048 de
1235 3974 1332 4049 Nans
1362 3972 1586 4077 presbitero,
1623 3997 1737 4076 quem
1767 3972 1888 4047 credit

472 4099 624 4186 obiisse,
648 4101 774 4188 Petr0,
804 4117 941 4206 nepote
969 4099 1092 4177 fratris
1123 4101 1292 4207 Hugonis
1327 4101 1375 4179 de
1406 4098 1622 4189 Penrando,
1656 4098 1809 4187 militis,
1851 4118 1889 4176 et

458 4228 670 4334 -Radulpbo
690 4230 738 4306 de
762 4230 985 4337 Conpendio
1005 4232 1212 4321 serviente,
1239 4258 1335 4337 quos
1354 4228 1473 4306 credit
1499 4229 1636 4317 vivere,
1658 4256 1679 4303 a
1698 4257 1888 4335 quorece·

470 4376 578 4464 ptore
597 4385 691 4464 pane
714 4375 751 4435 et
771 4388 866 4465 aqna
885 4361 1029 4437 ordinis
1052 4361 1256 4467 requisitis,
1279 4376 1318 4436 et
1336 4359 1505 4465 predicto
1517 4358 1622 4465 quod
1632 4356 1730 4436 bene
1744 4359 1888 4437 delibe-

469 4505 586 4578 raret,
598 4487 668 4564 sibi
685 4488 882 4577 concessis,
896 4489 1051 4593 prestito
1064 4490 1170 4593 quod
1183 4517 1261 4566 non
1277 4505 1355 4565 erat
1367 4487 1474 4566 alteri
1491 4485 1680 4593 religioni,
1696 4487 1887 4564 matrimo-

470 4617 535 4693 nio
546 4615 604 4692 vel
616 4616 754 4693 debitis
764 4642 839 4722 que
850 4642 929 4692 non
944 4632 1069 4719 posset
1079 4616 1221 4693 solvere
1238 4616 1437 4724 obligatus,
1451 4643 1522 4692 nec
1532 4615 1883 4708 excommunicatus,

471 4769 540 4820 nec
552 4745 692 4824 servilis
709 4744 958 4832 conditionis,
976 4761 1014 4821 et
1027 4744 1132 4849 quod
1148 4770 1223 4822 non
1238 4744 1401 4822 habebat
1419 4744 1676 4822 infirmitatem
1691 4743 1884 4833 latentem,
