4230 5956
456 477 526 551 na
837 459 1029 552 procus
1056 478 1150 549 uns
1177 476 1479 551 runcinus.

449 620 673 726 percussisse
694 618 787 695 alios
806 618 935 695 iratres
956 618 1013 695 vel
1035 617 1164 694 iecisse
1184 617 1326 723 aliquas
1346 616 1651 695 inobediencias:
1674 618 1781 722 «Ego
1801 619 1867 695 ab·

450 749 552 826 solvo
578 777 642 825 vos
663 747 879 824 auctoritate
902 747 1064 855 Magistri
1088 745 1221 835 nostri,
1248 746 1313 852 qui
1340 745 1453 823 habet
1475 773 1588 852 super
1607 744 1680 822 hoc
1705 763 1867 851 potesta-

451 895 526 954 tem
547 907 566 953 a
587 879 723 982 Papa.»
745 877 959 982 Requisitus
981 877 1028 953 de
1048 875 1267 952 nominibus
1289 875 1444 953 illorum
1466 904 1533 980 per
1556 902 1651 981 quos
1669 874 1761 952 vidit
1784 875 1864 953 sieri

450 1008 671 1113 supradicta,
690 1023 727 1082 et
743 1006 790 1082 de
806 1006 897 1084 locis
913 1023 951 1082 et
965 1005 1137 1113 capitulis
1157 1005 1195 1081 in
1212 1005 1350 1111 quibus
1364 1004 1507 1082 fiebant
1519 1005 1696 1113 predicta,
1717 1033 1867 1112 respon-

452 1138 508 1214 dit
523 1138 627 1244 quod
638 1136 767 1215 fratres
782 1139 913 1214 Petrus
926 1139 974 1215 de
986 1137 1170 1224 Mandito,
1193 1136 1383 1214 Gerardus
1395 1137 1619 1238 deSanzeta,
1632 1153 1671 1213 et
1682 1137 1868 1242 Raymun-

452 1269 522 1343 dus
543 1268 590 1344 de
614 1267 769 1344 Marolio
794 1285 1033 1374 preceptores
1054 1265 1227 1344 Alvernie
1253 1267 1473 1358 successive,
1499 1265 1673 1344 dicebant
1698 1282 1735 1342 et
1756 1265 1868 1343 lacie-

449 1397 541 1474 bant
570 1398 735 1503 predicta
762 1399 913 1502 quando
940 1396 1120 1474 tenebant
1148 1424 1280 1472 eorum
1313 1396 1488 1501 capitulia
1511 1397 1551 1470 in
1577 1395 1677 1473 dicto
1707 1395 1790 1472 loco
1819 1398 1866 1474 de

452 1526 653 1615 Paulhaco;
677 1555 753 1603 non
774 1545 901 1603 tamen
922 1525 1054 1603 recolit
1073 1527 1120 1602 de
1140 1525 1317 1603 fratribus
1336 1554 1432 1631 quos
1452 1525 1702 1603 absolverunt.
1728 1527 1866 1632 Requi-

451 1656 543 1732 situs
563 1657 592 1732 si
614 1655 744 1731 fratres
759 1655 904 1732 ordinis
922 1656 1125 1732 credebant
1143 1682 1223 1731 esse
1244 1653 1407 1731 absoluti
1428 1654 1476 1731 de
1491 1654 1650 1759 peccatis
1666 1682 1796 1731 eorum
1818 1656 1865 1731 de

452 1784 591 1890 quibus
620 1801 725 1861 erant
752 1785 910 1862 convicti
933 1784 991 1861 vel
1013 1813 1087 1891 que
1111 1783 1260 1890 publice
1281 1782 1431 1860 fuerant
1457 1782 1615 1860 confessi
1640 1811 1762 1861 coram
1783 1813 1867 1890 pre-

452 1915 559 1990 dictis
579 1914 680 1990 laicis
701 1943 768 2019 per
789 1914 1070 1992 absolucionem
1093 1942 1243 2002 eorum,
1268 1913 1461 2019 respondit
1479 1940 1519 1989 se
1540 1911 1722 1990 audivisse
1742 1942 1763 1988 a
1780 1914 1864 2019 plu-

450 2045 555 2121 ribus
574 2044 750 2121 iratribus
766 2044 924 2135 ordinis,
943 2044 991 2120 de
1006 2071 1170 2150 quorum
1186 2043 1404 2119 nominibus
1419 2070 1496 2120 non
1512 2043 1740 2130 recordatur,
1756 2044 1862 2148 quod

451 2172 612 2249 absoluti
638 2201 717 2249 esse
742 2172 945 2249 credebant
970 2190 1124 2279 propter
1148 2172 1335 2279 predicta,
1365 2188 1403 2249 et
1426 2172 1532 2281 quod
1560 2199 1637 2248 non
1664 2171 1866 2249 credebant

451 2303 556 2406 quod
585 2301 741 2378 ulterius
769 2320 865 2378 esset
892 2304 945 2379 eis
971 2302 1176 2379 necessaria
1202 2301 1394 2380 absolucio
1423 2302 1644 2392 sacerdotis,
1673 2302 1761 2378 licet
1786 2302 1864 2408 ipse

451 2431 559 2508 testis
574 2448 745 2535 argueret
765 2458 829 2507 eos
848 2431 1077 2507 contrarium
1097 2431 1308 2508 asserendo.
1325 2433 1439 2522 Item,
1459 2430 1552 2506 dixit
1570 2431 1675 2536 quod
1688 2430 1865 2537 jurabant

452 2561 624 2637 ordinem
640 2587 717 2636 non
735 2561 849 2649 exire,
873 2574 911 2637 et
930 2561 1036 2666 quod
1055 2562 1178 2638 statim
1194 2590 1263 2668 pro
1280 2560 1455 2667 professis
1476 2560 1725 2650 habebantur3
1745 2578 1782 2637 et
1804 2588 1864 2636 re·
1984 2558 1989 2569 '

451 2690 685 2795 cipiebantur
711 2688 962 2780 clandestine,
995 2690 1110 2767 nullis
1136 2691 1374 2797 presentibus
1400 2691 1472 2767 nisi
1499 2689 1677 2767 fratribus
1703 2689 1864 2778 ordinis,

451 2846 492 2894 er
518 2847 594 2925 quo
620 2819 739 2894 credit
764 2819 869 2925 quod
894 2836 991 2896 esset
1014 2820 1174 2925 suspicio
1199 2835 1328 2897 contra
1347 2845 1424 2896 eos.
1446 2816 1621 2896 Cordulis
1639 2819 1743 2894 unde
1762 2819 1865 2896 vole-

450 2947 540 3025 bant
565 2947 763 3053 assumptis
788 2948 1043 3055 cingebantur,
1072 2976 1117 3024 ex
1140 2964 1316 3054 precepto
1336 2946 1593 3053 superiorum,
1615 2973 1728 3052 super
1749 2949 1864 3022 cami·

451 3077 521 3152 sias
536 3104 622 3151 cum
638 3075 778 3180 quibus
789 3077 973 3183 jacebant.
991 3078 1258 3186 lnjungebatur
1277 3077 1349 3170 eis,
1370 3105 1439 3183 per
1453 3094 1726 3154 sacramentum
1741 3093 1779 3152 et
1792 3079 1864 3155 sub

449 3231 546 3308 pena
570 3205 743 3292 carceris,
770 3208 874 3312 quod
899 3235 976 3284 non
996 3209 1204 3286 revelarent
1222 3223 1363 3286 secreta
1383 3206 1632 3313 capitulorum
1654 3206 1768 3282 eciam
1788 3205 1864 3285 illis

449 3333 625 3410 iratribus
644 3336 708 3440 qui
730 3363 806 3412 non
827 3336 1020 3413 adsuerant
1036 3338 1075 3412 in
1091 3339 1249 3428 eisdem,
1272 3338 1319 3415 de
1340 3337 1456 3415 modo
1476 3335 1705 3442 recepcionis
1724 3336 1762 3411 in
1784 3365 1865 3442 spe-

358 3522 361 3529 .
449 3463 532 3539 ciali
560 3492 635 3540 non
664 3465 786 3541 habita
812 3467 1021 3542 mencione.
1049 3466 1320 3575 lnjungebatur
1343 3467 1398 3543 eis
1425 3493 1472 3543 ne
1498 3463 1767 3544 confiterentur
1793 3467 1863 3542 nisi

448 3594 704 3673 sacerdotibus
724 3593 883 3685 ordinis,
909 3595 1046 3701 quibus
1065 3598 1282 3674 absentibus
1302 3613 1474 3702 poterant
1497 3595 1668 3675 confiteri
1687 3595 1864 3673 fratribus

448 3725 660 3801 carmelitis.
688 3727 797 3813 ltem,
827 3725 920 3801 dixit
943 3726 1046 3830 quod
1071 3729 1119 3804 de
1144 3727 1253 3804 dictis
1277 3726 1418 3805 illicitis
1444 3727 1658 3803 consessatis
1682 3754 1749 3829 per
1774 3755 1863 3802 eum

448 3854 519 3930 luit
547 3854 757 3942 confessus,
784 3854 877 3931 infra
903 3855 1100 3933 biennium
1129 3887 1149 3933 a
1174 3858 1392 3963 recepcioue
1411 3885 1494 3945 sua,
1517 3854 1736 3943 Lemovicis,
1758 3855 1861 3929 l'ratri

449 3985 594 4092 llugoni
623 3988 669 4063 de
698 3985 893 4063 Camalicis
923 3986 1066 4062 ordinis
1099 3986 1289 4064 Minorem
1322 3986 1527 4071 deffimcto,
1555 4012 1575 4058 a
1603 4010 1680 4087 quo
1708 3981 1862 4057 absolu-

444 4131 507 4189 tus
536 4116 693 4204 exstitit,
720 4117 786 4192 sed
814 4144 890 4193 non
917 4116 1049 4192 recolit
1075 4145 1188 4222 quam
1217 4115 1469 4221 penitenciam
1487 4112 1648 4220 injunxit
1672 4111 1718 4187 ei.
1748 4112 1860 4198 ltcm,

447 4242 539 4319 dixit
553 4246 657 4348 quod
672 4244 801 4323 fratres
815 4247 975 4324 scientes
993 4276 1137 4326 errores
1156 4247 1345 4353 predictos
1360 4244 1512 4322 luerunt
1527 4241 1759 4350 negligentes
1774 4242 1861 4346 quia

446 4398 521 4449 non
549 4393 788 4451 correxerunt
813 4405 877 4453 eos
904 4406 973 4454 nec
998 4378 1317 4454 denunciaverunt
1341 4374 1526 4460 Ecclesia,
1553 4389 1592 4451 et
1616 4371 1735 4448 credit
1758 4370 1861 4477 quod

444 4501 533 4578 dicti
554 4531 700 4581 errores
720 4523 844 4581 essent
864 4507 1048 4583 manifesti
1069 4509 1263 4615 Magistro,
1289 4505 1546 4612 superioribus
1573 4521 1612 4580 et
1638 4501 1719 4578 aliis
1741 4499 1862 4576 fratri·

445 4631 515 4706 bus
540 4633 698 4722 ordinis,
728 4635 854 4739 etqui
883 4662 927 4709 ex
951 4662 1084 4710 eorum
1109 4635 1352 4712 ordinacione
1380 4651 1616 4714 servarentur
1643 4633 1681 4709 in
1709 4629 1855 4708 ordine.

441 4757 673 4840 Elemosinas
692 4780 730 4839 et
751 4763 1041 4868 hospitalitatem
1069 4763 1182 4871 aliqui
1210 4764 1404 4841 servabant
1423 4784 1461 4843 et
1486 4763 1668 4841 ludebant
1692 4760 1790 4839 bene
1816 4759 1856 4833 in
