4230 5956
540 434 543 439 ⁶
675 414 872 558 rnodns
898 485 993 557 ons
1019 485 1318 557 rnunnrnns.
1633 485 1705 563 tm

289 653 364 702 non
385 650 454 730 pro
475 625 550 698 suis
570 624 747 728 peccatis,
766 612 843 702 ssed
865 654 934 730 pro
956 627 1108 714 nostris,
1135 643 1172 701 et
1196 655 1215 701 a
1236 625 1394 701 mortuis
1413 624 1474 700 die
1493 628 1604 703 tercia
1624 658 1707 706 sur-

288 755 435 829 rexisse.

342 881 401 958 Ad
419 908 600 961 vru-xrx
617 882 792 960 articulos
811 886 966 990 negavit.

343 1012 400 1089 Ad
415 1040 462 1089 xx
479 1012 676 1089 articulum
691 1015 936 1118 respondens,
955 1016 1101 1121 negavit
1115 1044 1202 1092 eum
1218 1033 1255 1090 et
1269 1016 1392 1093 omnia
1406 1031 1445 1091 et
1462 1015 1604 1125 singula
1621 1046 1710 1097 cou-

287 1161 387 1220 tenta
403 1145 441 1219 in
454 1171 515 1235 eo,
527 1143 691 1221 adiciens
703 1145 807 1249 quod
817 1146 1161 1251 quocienscumque
1170 1147 1247 1251 ipse
1261 1147 1389 1223 missas
1402 1146 1615 1236 celebravit,
1629 1148 1707 1254 ipse

289 1275 380 1350 dixit
396 1274 458 1351 illa
472 1274 583 1352 verba
603 1272 767 1379 [perque
785 1274 968 1381 eflsrcitur
987 1305 1123 1382 corpus
1143 1277 1280 1353 Christi
1302 1293 1340 1353 et
1359 1279 1440 1384 ejus
1455 1280 1603 1385 sanguis
1622 1309 1707 1385 pre·

285 1433 420 1484 exosus.
698 1430 701 1435 '

342 1536 400 1613 lld
417 1562 633 1613 xxi-muru
653 1536 828 1613 articulos
847 1538 1002 1643 negavit.

340 1665 398 1740 Ad
414 1690 482 1742 xxv
500 1664 697 1741 articulum
715 1667 960 1772 respondens,
978 1667 1124 1771 negavit
1136 1667 1225 1773 [eum
1241 1666 1380 1775 lelycus
1400 1669 1512 1745 luerit
1528 1670 1702 1748 visitator.

284 1795 361 1871 Sed
378 1795 408 1871 si
429 1794 615 1900 presbiter
630 1794 759 1884 luerit,
780 1798 948 1902 quamvis
967 1824 1043 1873 non
1063 1797 1196 1873 viderit
1216 1797 1376 1904 aliquem
1398 1798 1615 1904 [visitatorem
1630 1799 1702 1906 qui]

283 1943 379 2002 esset
396 1923 590 2030 presbiter,
612 1925 731 2001 credit
749 1927 853 2031 quod
872 1944 996 2031 posset
1021 1927 1210 2004 absolvere
1233 1957 1253 2002 a
1275 1927 1450 2031 peccatis,
1476 1929 1524 2005 de
1548 1928 1701 2007 licencia

281 2075 405 2131 tamen
425 2056 482 2131 sui
498 2055 699 2159 superioris
718 2056 862 2162 prelati.
915 2098 917 2103 ·

336 2184 393 2261 Ad
412 2209 660 2263 xxvi—xxviii
678 2183 854 2262 articulos
868 2185 1024 2290 negavit.

336 2316 393 2392 Ad
413 2342 496 2393 xxix
520 2313 715 2392 articulum
735 2315 984 2421 respondens,
1009 2316 1155 2422 negavit
1178 2340 1265 2393 eum
1291 2334 1328 2393 et
1354 2319 1478 2395 omnia
1499 2336 1535 2395 et
1555 2320 1698 2427 singula

280 2463 449 2522 contenta
474 2447 514 2521 in
539 2474 601 2533 eo,
630 2473 700 2522 nec
725 2445 844 2522 credit
861 2473 931 2521 nee
949 2462 1005 2522 est
1027 2445 1122 2521 lides
1148 2447 1228 2553 ejus
1251 2447 1356 2551 quod
1380 2447 1699 2555 dictusMagister

279 2575 469 2653 confessus
488 2574 601 2652 luerit
623 2593 795 2653 contenta
809 2576 848 2652 in
864 2575 1022 2651 articulo
1041 2575 1268 2681 supradicto,
1291 2575 1390 2654 salvo
1407 2594 1533 2655 tamen
1551 2578 1696 2656 honore

279 2725 316 2781 et
333 2706 539 2803 reverencia
555 2705 829 2781 domininostri
848 2705 985 2781 summi
1003 2704 1191 2809 pontilicis
1208 2723 1241 2780 et
1262 2704 1415 2783 fratrum
1429 2709 1509 2814 ejus
1524 2708 1694 2784 domino-

277 2866 360 2913 rum
381 2834 640 2925 cardinalium,
663 2835 710 2911 de
724 2834 862 2940 quibus
875 2835 997 2941 agitur
1011 2834 1049 2909 in
1069 2834 1234 2910 articulo.

331 2966 389 3043 Ad
424 2994 491 3042 xxx
518 2966 713 3043 articulum
742 2965 990 3070 respondens,
1016 2964 1162 3070 negavit
1185 2981 1356 3041 contenta
1388 2967 1426 3040 in
1455 2995 1517 3053 eo,
1541 2985 1692 3074 excepto

276 3097 395 3203 quod,
416 3115 502 3202 post
518 3098 790 3202 recepeionem,
807 3095 990 3200 recipiens
1009 3094 1196 3171 osculatur
1207 3095 1246 3170 in
1260 3123 1324 3171 ore
1340 3113 1485 3173 tantum
1495 3114 1692 3203 receptum

275 3230 311 3302 in
332 3227 494 3304 fratrem.

330 3357 390 3434 Ad
404 3382 652 3433 xxxi-xxxin
670 3356 843 3435 articulos
863 3357 1017 3463 negavit.

330 3486 386 3563 Ad
406 3514 528 3565 xxxuu
550 3486 747 3565 articulum
776 3486 1023 3594 respondens,
1055 3488 1253 3564 conlitetur
1278 3489 1400 3593 ipsum
1432 3487 1630 3564 articulum
1645 3506 1692 3563 'et

274 3634 446 3694 contenta
468 3619 506 3693 in
526 3646 590 3706 eo,
621 3645 666 3694 eo
692 3618 810 3695 modo
833 3619 898 3720 qui
923 3618 1103 3722 sequitur,
1125 3617 1228 3722 quod
1247 3618 1429 3722 recipiens
1454 3615 1539 3692 lacit
1561 3616 1689 3720 jurare

273 3765 464 3853 receptum
490 3745 595 3852 quod
611 3775 681 3851 pro
706 3746 778 3822 alio
798 3745 930 3827 ordine
949 3746 1079 3850 majori
1100 3745 1157 3821 vel
1181 3746 1317 3821 minori
1334 3773 1408 3822 non
1426 3762 1530 3821 exeat
1543 3772 1612 3821 nec
1630 3775 1689 3821 re-

272 3877 417 3983 linquat
436 3877 607 3954 ordinem
627 3874 940 3981 Templariorum.

216 4023 219 4027 ’
326 4005 385 4082 Ad
400 4034 491 4087 xxxv
504 4006 699 4085 articulum
709 4006 953 4113 respondens,
975 4005 1171 4084 confitetur
1189 4008 1311 4113 ipsum
1328 4025 1366 4083 et
1384 4023 1555 4084 contenta
1570 4007 1608 4082 in
1627 4035 1685 4084 eo.

272 4138 347 4214 Sed
362 4139 551 4239 racionem
568 4167 681 4245 quare
699 4156 787 4216 sunt
805 4137 960 4244 professi
973 4137 1218 4216 incontinenti
1235 4139 1373 4243 recepti
1389 4139 1428 4214 in
1443 4138 1541 4215 dicto
1557 4139 1687 4216 ordine

270 4268 362 4344 dixit
382 4297 420 4345 se
440 4269 600 4355 nescire3
622 4269 688 4345 sed
707 4270 760 4345 sic
774 4269 937 4346 habetur
957 4268 1003 4345 de
1023 4296 1128 4344 more
1146 4285 1184 4345 et
1204 4269 1392 4344 observata
1414 4269 1685 4347 cousuetudine

270 4397 357 4472 dicti
378 4397 536 4505 Templi.
629 4416 635 4427 “

325 4529 382 4606 Ad
401 4557 507 4607 xxxvi
533 4529 728 4607 articulum
758 4529 1002 4636 respondens,
1035 4531 1126 4607 dixit
1147 4532 1250 4636 quod
1275 4530 1511 4635 recepciones
1529 4530 1684 4607 fratrum

270 4660 357 4737 dicti
384 4662 525 4738 ordinis
549 4660 644 4738 frunt
664 4660 892 4767 ubicumque
913 4689 978 4739 eos
997 4661 1078 4738 fieri
1103 4661 1298 4768 contingit,
1320 4661 1496 4739 omnibus
1509 4661 1682 4748 exclusis,

270 4794 431 4900 exceptis
453 4792 629 4871 fratribus
651 4791 739 4869 dicti
765 4791 923 4881 ordinis,
944 4790 1075 4872 clausis
1089 4793 1214 4902 januis
1237 4793 1311 4871 loci
1328 4792 1395 4871 ubi
1418 4792 1620 4899 capitulum
1638 4791 1684 4869 fit
