<?xml version="1.0" encoding="UTF-8"?>
<!DOCTYPE html PUBLIC "-//W3C//DTD XHTML 1.0 Transitional//EN"
    "http://www.w3.org/TR/xhtml1/DTD/xhtml1-transitional.dtd">
<html xmlns="http://www.w3.org/1999/xhtml" xml:lang="en" lang="en">
 <head>
  <title>
</title>
<meta http-equiv="Content-Type" content="text/html;charset=utf-8" />
  <meta name='ocr-system' content='tesseract 3.04.00' />
  <meta name='ocr-capabilities' content='ocr_page ocr_carea ocr_par ocr_line ocrx_word'/>
</head>
<body>
  <div class='ocr_page' id='page_1' title='image "./procsdestemplie01defegoog/procsdestemplie01defegoog_0212.png"; bbox 0 0 4230 5956; ppageno 0'>
   <div class='ocr_carea' id='block_1_1' title="bbox 455 430 1486 531">
    <p class='ocr_par' dir='ltr' id='par_1_1' title="bbox 455 430 1486 531">
     <span class='ocr_line' id='line_1_1' title="bbox 455 430 1486 531; baseline -0.012 -3"><span class='ocrx_word' id='word_1_1' title='bbox 455 457 524 531; x_wconf 81' lang='lat' dir='ltr'><strong>rso</strong></span> <span class='ocrx_word' id='word_1_2' title='bbox 825 430 1020 521; x_wconf 67' lang='lat' dir='ltr'><strong>esoces</strong></span> <span class='ocrx_word' id='word_1_3' title='bbox 1051 447 1147 518; x_wconf 79' lang='lat' dir='ltr'><strong>ors</strong></span> <span class='ocrx_word' id='word_1_4' title='bbox 1178 448 1486 521; x_wconf 70' lang='lat' dir='ltr'><strong>reuertens</strong></span> 
     </span>
    </p>
   </div>
   <div class='ocr_carea' id='block_1_2' title="bbox 442 584 1865 3417">
    <p class='ocr_par' dir='ltr' id='par_1_2' title="bbox 443 584 1865 2124">
     <span class='ocr_line' id='line_1_2' title="bbox 447 584 1863 695; baseline -0.006 -21"><span class='ocrx_word' id='word_1_5' title='bbox 447 596 627 675; x_wconf 90' lang='lat' dir='ltr'><strong>tuliorum</strong></span> <span class='ocrx_word' id='word_1_6' title='bbox 650 588 809 692; x_wconf 88' lang='lat' dir='ltr'><strong>illisqui</strong></span> <span class='ocrx_word' id='word_1_7' title='bbox 827 614 903 665; x_wconf 89' lang='lat' dir='ltr'><strong>non</strong></span> <span class='ocrx_word' id='word_1_8' title='bbox 917 584 1117 663; x_wconf 82' lang='lat' dir='ltr'><strong>adfuerant</strong></span> <span class='ocrx_word' id='word_1_9' title='bbox 1136 586 1356 676; x_wconf 80' lang='lat' dir='ltr'><strong>ineisdem,</strong></span> <span class='ocrx_word' id='word_1_10' title='bbox 1378 585 1426 662; x_wconf 91' lang='lat' dir='ltr'><strong>de</strong></span> <span class='ocrx_word' id='word_1_11' title='bbox 1446 586 1562 664; x_wconf 91' lang='lat' dir='ltr'><strong>modo</strong></span> <span class='ocrx_word' id='word_1_12' title='bbox 1582 591 1863 695; x_wconf 89' lang='lat' dir='ltr'><strong>recepciouisin</strong></span> 
     </span>
     <span class='ocr_line' id='line_1_3' title="bbox 445 715 1860 829; baseline -0.001 -33"><span class='ocrx_word' id='word_1_13' title='bbox 445 720 692 829; x_wconf 77' lang='lat' dir='ltr'><strong>speciali-uon</strong></span> <span class='ocrx_word' id='word_1_14' title='bbox 711 715 838 795; x_wconf 87' lang='lat' dir='ltr'><strong>habita</strong></span> <span class='ocrx_word' id='word_1_15' title='bbox 855 715 1071 803; x_wconf 74' lang='lat' dir='ltr'><strong>mentione,</strong></span> <span class='ocrx_word' id='word_1_16' title='bbox 1092 733 1130 792; x_wconf 90' lang='lat' dir='ltr'><strong>et</strong></span> <span class='ocrx_word' id='word_1_17' title='bbox 1151 715 1273 794; x_wconf 89' lang='lat' dir='ltr'><strong>credit</strong></span> <span class='ocrx_word' id='word_1_18' title='bbox 1291 715 1396 821; x_wconf 93' lang='lat' dir='ltr'><strong>quod</strong></span> <span class='ocrx_word' id='word_1_19' title='bbox 1416 716 1481 821; x_wconf 93' lang='lat' dir='ltr'><strong>qui</strong></span> <span class='ocrx_word' id='word_1_20' title='bbox 1498 716 1724 795; x_wconf 79' lang='lat' dir='ltr'><strong>revelassent</strong></span> <span class='ocrx_word' id='word_1_21' title='bbox 1745 722 1860 826; x_wconf 91' lang='lat' dir='ltr'><strong>punit</strong></span> 
     </span>
     <span class='ocr_line' id='line_1_4' title="bbox 444 846 1865 953; baseline -0.001 -24"><span class='ocrx_word' id='word_1_22' title='bbox 444 851 617 935; x_wconf 80' lang='lat' dir='ltr'><strong>luissent,</strong></span> <span class='ocrx_word' id='word_1_23' title='bbox 637 848 707 924; x_wconf 87' lang='lat' dir='ltr'><strong>sed</strong></span> <span class='ocrx_word' id='word_1_24' title='bbox 732 847 851 924; x_wconf 86' lang='lat' dir='ltr'><strong>nescit</strong></span> <span class='ocrx_word' id='word_1_25' title='bbox 872 847 1043 953; x_wconf 83' lang='lat' dir='ltr'><strong>qualiter.</strong></span> <span class='ocrx_word' id='word_1_26' title='bbox 1073 847 1269 939; x_wconf 87' lang='lat' dir='ltr'><strong>Quamdiu</strong></span> <span class='ocrx_word' id='word_1_27' title='bbox 1294 846 1433 923; x_wconf 89' lang='lat' dir='ltr'><strong>habere</strong></span> <span class='ocrx_word' id='word_1_28' title='bbox 1456 865 1629 952; x_wconf 87' lang='lat' dir='ltr'><strong>poteraut</strong></span> <span class='ocrx_word' id='word_1_29' title='bbox 1652 852 1865 929; x_wconf 85' lang='lat' dir='ltr'><strong>sacerdotes</strong></span> 
     </span>
     <span class='ocr_line' id='line_1_5' title="bbox 445 975 1864 1083; baseline -0.001 -25"><span class='ocrx_word' id='word_1_30' title='bbox 445 978 603 1066; x_wconf 77' lang='lat' dir='ltr'><strong>ordinis,</strong></span> <span class='ocrx_word' id='word_1_31' title='bbox 632 1005 710 1055; x_wconf 92' lang='lat' dir='ltr'><strong>non</strong></span> <span class='ocrx_word' id='word_1_32' title='bbox 734 977 926 1055; x_wconf 89' lang='lat' dir='ltr'><strong>debebant</strong></span> <span class='ocrx_word' id='word_1_33' title='bbox 952 976 1123 1054; x_wconf 79' lang='lat' dir='ltr'><strong>confiteri</strong></span> <span class='ocrx_word' id='word_1_34' title='bbox 1145 977 1237 1052; x_wconf 89' lang='lat' dir='ltr'><strong>aliis.</strong></span> <span class='ocrx_word' id='word_1_35' title='bbox 1258 975 1493 1054; x_wconf 88' lang='lat' dir='ltr'><strong>Elemosinas</strong></span> <span class='ocrx_word' id='word_1_36' title='bbox 1515 994 1553 1053; x_wconf 90' lang='lat' dir='ltr'><strong>at</strong></span> <span class='ocrx_word' id='word_1_37' title='bbox 1571 977 1864 1083; x_wconf 85' lang='lat' dir='ltr'><strong>hospitalitatem</strong></span> 
     </span>
     <span class='ocr_line' id='line_1_6' title="bbox 443 1105 1865 1214; baseline 0 -27"><span class='ocrx_word' id='word_1_38' title='bbox 443 1108 535 1187; x_wconf 85' lang='lat' dir='ltr'><strong>vidit</strong></span> <span class='ocrx_word' id='word_1_39' title='bbox 555 1108 819 1185; x_wconf 86' lang='lat' dir='ltr'><strong>convenienter</strong></span> <span class='ocrx_word' id='word_1_40' title='bbox 831 1107 914 1184; x_wconf 89' lang='lat' dir='ltr'><strong>lieri</strong></span> <span class='ocrx_word' id='word_1_41' title='bbox 930 1125 968 1183; x_wconf 87' lang='lat' dir='ltr'><strong>et</strong></span> <span class='ocrx_word' id='word_1_42' title='bbox 987 1107 1121 1183; x_wconf 89' lang='lat' dir='ltr'><strong>servari</strong></span> <span class='ocrx_word' id='word_1_43' title='bbox 1141 1107 1180 1182; x_wconf 95' lang='lat' dir='ltr'><strong>in</strong></span> <span class='ocrx_word' id='word_1_44' title='bbox 1200 1106 1378 1183; x_wconf 89' lang='lat' dir='ltr'><strong>domibus</strong></span> <span class='ocrx_word' id='word_1_45' title='bbox 1395 1105 1538 1183; x_wconf 89' lang='lat' dir='ltr'><strong>ordinis</strong></span> <span class='ocrx_word' id='word_1_46' title='bbox 1566 1106 1607 1183; x_wconf 92' lang='lat' dir='ltr'><strong>in</strong></span> <span class='ocrx_word' id='word_1_47' title='bbox 1634 1108 1773 1214; x_wconf 92' lang='lat' dir='ltr'><strong>quibus</strong></span> <span class='ocrx_word' id='word_1_48' title='bbox 1804 1140 1865 1186; x_wconf 87' lang='lat' dir='ltr'><strong>ex-</strong></span> 
     </span>
     <span class='ocr_line' id='line_1_7' title="bbox 443 1235 1863 1343; baseline 0 -26"><span class='ocrx_word' id='word_1_49' title='bbox 443 1239 519 1317; x_wconf 91' lang='lat' dir='ltr'><strong>titit</strong></span> <span class='ocrx_word' id='word_1_50' title='bbox 543 1255 813 1330; x_wconf 87' lang='lat' dir='ltr'><strong>commoratus,</strong></span> <span class='ocrx_word' id='word_1_51' title='bbox 838 1255 877 1314; x_wconf 92' lang='lat' dir='ltr'><strong>et</strong></span> <span class='ocrx_word' id='word_1_52' title='bbox 900 1236 1187 1313; x_wconf 87' lang='lat' dir='ltr'><strong>delleudebatur</strong></span> <span class='ocrx_word' id='word_1_53' title='bbox 1212 1237 1337 1315; x_wconf 89' lang='lat' dir='ltr'><strong>eisne</strong></span> <span class='ocrx_word' id='word_1_54' title='bbox 1361 1235 1529 1312; x_wconf 90' lang='lat' dir='ltr'><strong>indebite</strong></span> <span class='ocrx_word' id='word_1_55' title='bbox 1548 1237 1787 1343; x_wconf 88' lang='lat' dir='ltr'><strong>acquirerent</strong></span> <span class='ocrx_word' id='word_1_56' title='bbox 1803 1270 1863 1317; x_wconf 86' lang='lat' dir='ltr'><strong>or-</strong></span> 
     </span>
     <span class='ocr_line' id='line_1_8' title="bbox 444 1366 1860 1473; baseline 0.001 -28"><span class='ocrx_word' id='word_1_57' title='bbox 444 1369 537 1446; x_wconf 89' lang='lat' dir='ltr'><strong>dini.</strong></span> <span class='ocrx_word' id='word_1_58' title='bbox 551 1371 693 1446; x_wconf 87' lang='lat' dir='ltr'><strong>Eorum</strong></span> <span class='ocrx_word' id='word_1_59' title='bbox 710 1367 883 1473; x_wconf 89' lang='lat' dir='ltr'><strong>capitulia</strong></span> <span class='ocrx_word' id='word_1_60' title='bbox 902 1368 1015 1454; x_wconf 83' lang='lat' dir='ltr'><strong>clam,</strong></span> <span class='ocrx_word' id='word_1_61' title='bbox 1031 1367 1146 1443; x_wconf 90' lang='lat' dir='ltr'><strong>nullis</strong></span> <span class='ocrx_word' id='word_1_62' title='bbox 1165 1368 1404 1471; x_wconf 88' lang='lat' dir='ltr'><strong>presentibus</strong></span> <span class='ocrx_word' id='word_1_63' title='bbox 1419 1367 1490 1443; x_wconf 88' lang='lat' dir='ltr'><strong>nisi</strong></span> <span class='ocrx_word' id='word_1_64' title='bbox 1509 1366 1685 1446; x_wconf 80' lang='lat' dir='ltr'><strong>[ratribus</strong></span> <span class='ocrx_word' id='word_1_65' title='bbox 1701 1370 1860 1460; x_wconf 87' lang='lat' dir='ltr'><strong>ordinis,</strong></span> 
     </span>
     <span class='ocr_line' id='line_1_9' title="bbox 443 1495 1861 1606; baseline -0.001 -30"><span class='ocrx_word' id='word_1_66' title='bbox 443 1496 679 1588; x_wconf 85' lang='lat' dir='ltr'><strong>tenebantur,</strong></span> <span class='ocrx_word' id='word_1_67' title='bbox 699 1497 899 1602; x_wconf 89' lang='lat' dir='ltr'><strong>aliquando</strong></span> <span class='ocrx_word' id='word_1_68' title='bbox 919 1513 1003 1572; x_wconf 91' lang='lat' dir='ltr'><strong>ante</strong></span> <span class='ocrx_word' id='word_1_69' title='bbox 1024 1496 1142 1586; x_wconf 87' lang='lat' dir='ltr'><strong>diem,</strong></span> <span class='ocrx_word' id='word_1_70' title='bbox 1165 1512 1206 1572; x_wconf 90' lang='lat' dir='ltr'><strong>ut</strong></span> <span class='ocrx_word' id='word_1_71' title='bbox 1223 1514 1376 1602; x_wconf 85' lang='lat' dir='ltr'><strong>possent</strong></span> <span class='ocrx_word' id='word_1_72' title='bbox 1394 1495 1591 1573; x_wconf 86' lang='lat' dir='ltr'><strong>intendere</strong></span> <span class='ocrx_word' id='word_1_73' title='bbox 1617 1499 1779 1606; x_wconf 85' lang='lat' dir='ltr'><strong>negociis</strong></span> <span class='ocrx_word' id='word_1_74' title='bbox 1798 1528 1861 1575; x_wconf 87' lang='lat' dir='ltr'><strong>oo-</strong></span> 
     </span>
     <span class='ocr_line' id='line_1_10' title="bbox 444 1625 1860 1731; baseline -0.001 -26"><span class='ocrx_word' id='word_1_75' title='bbox 444 1655 542 1705; x_wconf 86' lang='lat' dir='ltr'><strong>rum.</strong></span> <span class='ocrx_word' id='word_1_76' title='bbox 574 1626 690 1705; x_wconf 89' lang='lat' dir='ltr'><strong>Licita</strong></span> <span class='ocrx_word' id='word_1_77' title='bbox 712 1625 881 1702; x_wconf 90' lang='lat' dir='ltr'><strong>ordinata</strong></span> <span class='ocrx_word' id='word_1_78' title='bbox 910 1654 976 1730; x_wconf 87' lang='lat' dir='ltr'><strong>per</strong></span> <span class='ocrx_word' id='word_1_79' title='bbox 995 1625 1213 1731; x_wconf 85' lang='lat' dir='ltr'><strong>Magistrum</strong></span> <span class='ocrx_word' id='word_1_80' title='bbox 1244 1654 1330 1702; x_wconf 88' lang='lat' dir='ltr'><strong>cum</strong></span> <span class='ocrx_word' id='word_1_81' title='bbox 1356 1641 1546 1703; x_wconf 86' lang='lat' dir='ltr'><strong>conventu</strong></span> <span class='ocrx_word' id='word_1_82' title='bbox 1565 1645 1741 1705; x_wconf 86' lang='lat' dir='ltr'><strong>servasset</strong></span> <span class='ocrx_word' id='word_1_83' title='bbox 1759 1647 1860 1706; x_wconf 91' lang='lat' dir='ltr'><strong>totus</strong></span> 
     </span>
     <span class='ocr_line' id='line_1_11' title="bbox 445 1754 1861 1862; baseline 0 -29"><span class='ocrx_word' id='word_1_84' title='bbox 445 1758 555 1844; x_wconf 91' lang='lat' dir='ltr'><strong>ordo,</strong></span> <span class='ocrx_word' id='word_1_85' title='bbox 578 1773 838 1861; x_wconf 86' lang='lat' dir='ltr'><strong>contraquam</strong></span> <span class='ocrx_word' id='word_1_86' title='bbox 857 1781 958 1831; x_wconf 89' lang='lat' dir='ltr'><strong>nune</strong></span> <span class='ocrx_word' id='word_1_87' title='bbox 974 1754 1127 1862; x_wconf 84' lang='lat' dir='ltr'><strong>grandia</strong></span> <span class='ocrx_word' id='word_1_88' title='bbox 1154 1755 1341 1842; x_wconf 87' lang='lat' dir='ltr'><strong>scaudala,</strong></span> <span class='ocrx_word' id='word_1_89' title='bbox 1362 1755 1527 1860; x_wconf 91' lang='lat' dir='ltr'><strong>suspicio</strong></span> <span class='ocrx_word' id='word_1_90' title='bbox 1550 1772 1588 1833; x_wconf 90' lang='lat' dir='ltr'><strong>et</strong></span> <span class='ocrx_word' id='word_1_91' title='bbox 1606 1757 1754 1835; x_wconf 77' lang='lat' dir='ltr'><strong>infamia</strong></span> <span class='ocrx_word' id='word_1_92' title='bbox 1772 1777 1861 1836; x_wconf 88' lang='lat' dir='ltr'><strong>sunt</strong></span> 
     </span>
     <span class='ocr_line' id='line_1_12' title="bbox 445 1884 1859 1994; baseline 0.004 -32"><span class='ocrx_word' id='word_1_93' title='bbox 445 1903 585 1977; x_wconf 87' lang='lat' dir='ltr'><strong>exorta,</strong></span> <span class='ocrx_word' id='word_1_94' title='bbox 609 1905 647 1963; x_wconf 90' lang='lat' dir='ltr'><strong>et</strong></span> <span class='ocrx_word' id='word_1_95' title='bbox 663 1903 791 1962; x_wconf 90' lang='lat' dir='ltr'><strong>contra</strong></span> <span class='ocrx_word' id='word_1_96' title='bbox 808 1914 923 1991; x_wconf 89' lang='lat' dir='ltr'><strong>quem</strong></span> <span class='ocrx_word' id='word_1_97' title='bbox 942 1885 1063 1961; x_wconf 89' lang='lat' dir='ltr'><strong>dictus</strong></span> <span class='ocrx_word' id='word_1_98' title='bbox 1078 1884 1252 1990; x_wconf 83' lang='lat' dir='ltr'><strong>Magister</strong></span> <span class='ocrx_word' id='word_1_99' title='bbox 1269 1902 1307 1962; x_wconf 90' lang='lat' dir='ltr'><strong>et</strong></span> <span class='ocrx_word' id='word_1_100' title='bbox 1326 1884 1389 1967; x_wconf 83' lang='lat' dir='ltr'><strong>alii</strong></span> <span class='ocrx_word' id='word_1_101' title='bbox 1410 1886 1588 1965; x_wconf 89' lang='lat' dir='ltr'><strong>dicuutur</strong></span> <span class='ocrx_word' id='word_1_102' title='bbox 1602 1886 1726 1994; x_wconf 89' lang='lat' dir='ltr'><strong>aliqua</strong></span> <span class='ocrx_word' id='word_1_103' title='bbox 1745 1888 1859 1967; x_wconf 89' lang='lat' dir='ltr'><strong>luisse</strong></span> 
     </span>
     <span class='ocr_line' id='line_1_13' title="bbox 445 2015 1650 2124; baseline 0 -29"><span class='ocrx_word' id='word_1_104' title='bbox 445 2015 624 2108; x_wconf 83' lang='lat' dir='ltr'><strong>confessi;</strong></span> <span class='ocrx_word' id='word_1_105' title='bbox 649 2017 698 2094; x_wconf 94' lang='lat' dir='ltr'><strong>ad</strong></span> <span class='ocrx_word' id='word_1_106' title='bbox 716 2017 821 2124; x_wconf 89' lang='lat' dir='ltr'><strong>cujus</strong></span> <span class='ocrx_word' id='word_1_107' title='bbox 841 2015 984 2092; x_wconf 91' lang='lat' dir='ltr'><strong>ordinis</strong></span> <span class='ocrx_word' id='word_1_108' title='bbox 1003 2015 1274 2093; x_wconf 83' lang='lat' dir='ltr'><strong>deffensionem</strong></span> <span class='ocrx_word' id='word_1_109' title='bbox 1290 2044 1329 2094; x_wconf 90' lang='lat' dir='ltr'><strong>se</strong></span> <span class='ocrx_word' id='word_1_110' title='bbox 1352 2045 1430 2094; x_wconf 90' lang='lat' dir='ltr'><strong>non</strong></span> <span class='ocrx_word' id='word_1_111' title='bbox 1451 2015 1650 2096; x_wconf 89' lang='lat' dir='ltr'><strong>obtulerat.</strong></span> 
     </span>
    </p>

    <p class='ocr_par' dir='ltr' id='par_1_3' title="bbox 442 2146 1860 3417">
     <span class='ocr_line' id='line_1_14' title="bbox 501 2146 1858 2255; baseline 0 -30"><span class='ocrx_word' id='word_1_112' title='bbox 501 2148 715 2255; x_wconf 86' lang='lat' dir='ltr'><strong>Requisitus</strong></span> <span class='ocrx_word' id='word_1_113' title='bbox 729 2148 760 2224; x_wconf 90' lang='lat' dir='ltr'><strong>si</strong></span> <span class='ocrx_word' id='word_1_114' title='bbox 775 2149 827 2224; x_wconf 91' lang='lat' dir='ltr'><strong>sic</strong></span> <span class='ocrx_word' id='word_1_115' title='bbox 843 2146 1066 2251; x_wconf 89' lang='lat' dir='ltr'><strong>deposuerat</strong></span> <span class='ocrx_word' id='word_1_116' title='bbox 1080 2175 1205 2252; x_wconf 88' lang='lat' dir='ltr'><strong>prece,</strong></span> <span class='ocrx_word' id='word_1_117' title='bbox 1223 2146 1579 2251; x_wconf 88' lang='lat' dir='ltr'><strong>precepto,timore,</strong></span> <span class='ocrx_word' id='word_1_118' title='bbox 1594 2176 1737 2237; x_wconf 87' lang='lat' dir='ltr'><strong>amore,</strong></span> <span class='ocrx_word' id='word_1_119' title='bbox 1752 2152 1858 2237; x_wconf 90' lang='lat' dir='ltr'><strong>odio,</strong></span> 
     </span>
     <span class='ocr_line' id='line_1_15' title="bbox 444 2275 1860 2385; baseline 0.002 -31"><span class='ocrx_word' id='word_1_120' title='bbox 444 2277 503 2377; x_wconf 77' lang='lat' dir='ltr'><strong>vel</strong></span> <span class='ocrx_word' id='word_1_121' title='bbox 517 2277 716 2383; x_wconf 87' lang='lat' dir='ltr'><strong>temporali</strong></span> <span class='ocrx_word' id='word_1_122' title='bbox 739 2276 899 2354; x_wconf 92' lang='lat' dir='ltr'><strong>comodo</strong></span> <span class='ocrx_word' id='word_1_123' title='bbox 925 2277 1053 2352; x_wconf 92' lang='lat' dir='ltr'><strong>habito</strong></span> <span class='ocrx_word' id='word_1_124' title='bbox 1077 2276 1136 2353; x_wconf 89' lang='lat' dir='ltr'><strong>vel</strong></span> <span class='ocrx_word' id='word_1_125' title='bbox 1163 2275 1356 2366; x_wconf 85' lang='lat' dir='ltr'><strong>habendo,</strong></span> <span class='ocrx_word' id='word_1_126' title='bbox 1387 2278 1583 2382; x_wconf 91' lang='lat' dir='ltr'><strong>respondit</strong></span> <span class='ocrx_word' id='word_1_127' title='bbox 1608 2280 1713 2385; x_wconf 92' lang='lat' dir='ltr'><strong>quod</strong></span> <span class='ocrx_word' id='word_1_128' title='bbox 1733 2280 1860 2358; x_wconf 89' lang='lat' dir='ltr'><strong>illicita</strong></span> 
     </span>
     <span class='ocr_line' id='line_1_16' title="bbox 444 2407 1856 2516; baseline 0.004 -33"><span class='ocrx_word' id='word_1_129' title='bbox 444 2408 648 2486; x_wconf 86' lang='lat' dir='ltr'><strong>consessata</strong></span> <span class='ocrx_word' id='word_1_130' title='bbox 669 2436 737 2514; x_wconf 89' lang='lat' dir='ltr'><strong>per</strong></span> <span class='ocrx_word' id='word_1_131' title='bbox 758 2436 847 2483; x_wconf 86' lang='lat' dir='ltr'><strong>eum</strong></span> <span class='ocrx_word' id='word_1_132' title='bbox 867 2407 1009 2483; x_wconf 83' lang='lat' dir='ltr'><strong>dixerat</strong></span> <span class='ocrx_word' id='word_1_133' title='bbox 1029 2407 1079 2483; x_wconf 93' lang='lat' dir='ltr'><strong>ob</strong></span> <span class='ocrx_word' id='word_1_134' title='bbox 1101 2423 1246 2483; x_wconf 92' lang='lat' dir='ltr'><strong>metum</strong></span> <span class='ocrx_word' id='word_1_135' title='bbox 1270 2435 1431 2511; x_wconf 80' lang='lat' dir='ltr'><strong>pemeus</strong></span> <span class='ocrx_word' id='word_1_136' title='bbox 1445 2436 1519 2486; x_wconf 86' lang='lat' dir='ltr'><strong>¹sue</strong></span> <span class='ocrx_word' id='word_1_137' title='bbox 1539 2439 1655 2516; x_wconf 90' lang='lat' dir='ltr'><strong>quem</strong></span> <span class='ocrx_word' id='word_1_138' title='bbox 1681 2411 1856 2502; x_wconf 84' lang='lat' dir='ltr'><strong>habebat,</strong></span> 
     </span>
     <span class='ocr_line' id='line_1_17' title="bbox 444 2532 1858 2646; baseline 0.004 -33"><span class='ocrx_word' id='word_1_139' title='bbox 444 2555 481 2614; x_wconf 87' lang='lat' dir='ltr'><strong>et</strong></span> <span class='ocrx_word' id='word_1_140' title='bbox 498 2539 629 2617; x_wconf 87' lang='lat' dir='ltr'><strong>eadem</strong></span> <span class='ocrx_word' id='word_1_141' title='bbox 650 2538 841 2616; x_wconf 84' lang='lat' dir='ltr'><strong>consessus</strong></span> <span class='ocrx_word' id='word_1_142' title='bbox 861 2535 980 2612; x_wconf 82' lang='lat' dir='ltr'><strong>luerat</strong></span> <span class='ocrx_word' id='word_1_143' title='bbox 1001 2565 1124 2614; x_wconf 89' lang='lat' dir='ltr'><strong>coram</strong></span> <span class='ocrx_word' id='word_1_144' title='bbox 1145 2536 1246 2612; x_wconf 90' lang='lat' dir='ltr'><strong>dicto</strong></span> <span class='ocrx_word' id='word_1_145' title='bbox 1267 2537 1425 2615; x_wconf 90' lang='lat' dir='ltr'><strong>domino</strong></span> <span class='ocrx_word' id='word_1_146' title='bbox 1443 2532 1722 2646; x_wconf 81' lang='lat' dir='ltr'><strong>archiepiscopo</strong></span> <span class='ocrx_word' id='word_1_147' title='bbox 1737 2543 1858 2618; x_wconf 88' lang='lat' dir='ltr'><strong>Turo-</strong></span> 
     </span>
     <span class='ocr_line' id='line_1_18' title="bbox 445 2665 1858 2776; baseline 0.003 -31"><span class='ocrx_word' id='word_1_148' title='bbox 445 2671 568 2758; x_wconf 85' lang='lat' dir='ltr'><strong>nensi,</strong></span> <span class='ocrx_word' id='word_1_149' title='bbox 587 2686 631 2746; x_wconf 93' lang='lat' dir='ltr'><strong>ut</strong></span> <span class='ocrx_word' id='word_1_150' title='bbox 645 2669 754 2754; x_wconf 82' lang='lat' dir='ltr'><strong>dixit,</strong></span> <span class='ocrx_word' id='word_1_151' title='bbox 772 2695 859 2743; x_wconf 91' lang='lat' dir='ltr'><strong>cum</strong></span> <span class='ocrx_word' id='word_1_152' title='bbox 874 2667 942 2742; x_wconf 93' lang='lat' dir='ltr'><strong>diu</strong></span> <span class='ocrx_word' id='word_1_153' title='bbox 956 2665 1088 2744; x_wconf 89' lang='lat' dir='ltr'><strong>luisset</strong></span> <span class='ocrx_word' id='word_1_154' title='bbox 1107 2665 1146 2740; x_wconf 92' lang='lat' dir='ltr'><strong>iu</strong></span> <span class='ocrx_word' id='word_1_155' title='bbox 1163 2692 1309 2743; x_wconf 85' lang='lat' dir='ltr'><strong>carcere</strong></span> <span class='ocrx_word' id='word_1_156' title='bbox 1328 2668 1505 2744; x_wconf 89' lang='lat' dir='ltr'><strong>detentus</strong></span> <span class='ocrx_word' id='word_1_157' title='bbox 1520 2686 1721 2776; x_wconf 87' lang='lat' dir='ltr'><strong>postquam</strong></span> <span class='ocrx_word' id='word_1_158' title='bbox 1736 2674 1858 2776; x_wconf 91' lang='lat' dir='ltr'><strong>primo</strong></span> 
     </span>
     <span class='ocr_line' id='line_1_19' title="bbox 443 2797 1857 2908; baseline 0.002 -32"><span class='ocrx_word' id='word_1_159' title='bbox 443 2817 639 2908; x_wconf 88' lang='lat' dir='ltr'><strong>negaverat</strong></span> <span class='ocrx_word' id='word_1_160' title='bbox 664 2799 827 2905; x_wconf 87' lang='lat' dir='ltr'><strong>predicta</strong></span> <span class='ocrx_word' id='word_1_161' title='bbox 859 2825 982 2874; x_wconf 86' lang='lat' dir='ltr'><strong>coram</strong></span> <span class='ocrx_word' id='word_1_162' title='bbox 1012 2797 1111 2875; x_wconf 90' lang='lat' dir='ltr'><strong>dicto</strong></span> <span class='ocrx_word' id='word_1_163' title='bbox 1136 2797 1293 2875; x_wconf 91' lang='lat' dir='ltr'><strong>domino</strong></span> <span class='ocrx_word' id='word_1_164' title='bbox 1319 2797 1595 2904; x_wconf 84' lang='lat' dir='ltr'><strong>archiepiscopo</strong></span> <span class='ocrx_word' id='word_1_165' title='bbox 1625 2803 1857 2894; x_wconf 78' lang='lat' dir='ltr'><strong>Turonensi3</strong></span> 
     </span>
     <span class='ocr_line' id='line_1_20' title="bbox 444 2927 1857 3035; baseline 0.002 -30"><span class='ocrx_word' id='word_1_166' title='bbox 444 2958 519 3008; x_wconf 90' lang='lat' dir='ltr'><strong>uon</strong></span> <span class='ocrx_word' id='word_1_167' title='bbox 545 2948 672 3009; x_wconf 90' lang='lat' dir='ltr'><strong>tamen</strong></span> <span class='ocrx_word' id='word_1_168' title='bbox 690 2927 812 3005; x_wconf 86' lang='lat' dir='ltr'><strong>luerat</strong></span> <span class='ocrx_word' id='word_1_169' title='bbox 832 2929 1102 3032; x_wconf 88' lang='lat' dir='ltr'><strong>questiouatus.</strong></span> <span class='ocrx_word' id='word_1_170' title='bbox 1131 2927 1261 3005; x_wconf 84' lang='lat' dir='ltr'><strong>Postea</strong></span> <span class='ocrx_word' id='word_1_171' title='bbox 1289 2944 1429 3005; x_wconf 84' lang='lat' dir='ltr'><strong>tamen·</strong></span> <span class='ocrx_word' id='word_1_172' title='bbox 1446 2927 1538 3004; x_wconf 85' lang='lat' dir='ltr'><strong>dixit</strong></span> <span class='ocrx_word' id='word_1_173' title='bbox 1560 2930 1665 3035; x_wconf 90' lang='lat' dir='ltr'><strong>quod</strong></span> <span class='ocrx_word' id='word_1_174' title='bbox 1690 2932 1857 3034; x_wconf 88' lang='lat' dir='ltr'><strong>predicta</strong></span> 
     </span>
     <span class='ocr_line' id='line_1_21' title="bbox 444 3056 1853 3165; baseline 0.004 -33"><span class='ocrx_word' id='word_1_175' title='bbox 444 3059 585 3134; x_wconf 86' lang='lat' dir='ltr'><strong>dixerat</strong></span> <span class='ocrx_word' id='word_1_176' title='bbox 605 3087 673 3162; x_wconf 91' lang='lat' dir='ltr'><strong>pro</strong></span> <span class='ocrx_word' id='word_1_177' title='bbox 688 3057 839 3133; x_wconf 88' lang='lat' dir='ltr'><strong>veritate</strong></span> <span class='ocrx_word' id='word_1_178' title='bbox 856 3058 1031 3143; x_wconf 88' lang='lat' dir='ltr'><strong>dicenda,</strong></span> <span class='ocrx_word' id='word_1_179' title='bbox 1050 3075 1089 3134; x_wconf 88' lang='lat' dir='ltr'><strong>at</strong></span> <span class='ocrx_word' id='word_1_180' title='bbox 1102 3058 1190 3162; x_wconf 88' lang='lat' dir='ltr'><strong>quia</strong></span> <span class='ocrx_word' id='word_1_181' title='bbox 1206 3083 1292 3134; x_wconf 82' lang='lat' dir='ltr'><strong>vera</strong></span> <span class='ocrx_word' id='word_1_182' title='bbox 1303 3056 1462 3137; x_wconf 80' lang='lat' dir='ltr'><strong>luerent.</strong></span> <span class='ocrx_word' id='word_1_183' title='bbox 1474 3058 1547 3137; x_wconf 84' lang='lat' dir='ltr'><strong>cui</strong></span> <span class='ocrx_word' id='word_1_184' title='bbox 1558 3056 1629 3137; x_wconf 84' lang='lat' dir='ltr'><strong>luit</strong></span> <span class='ocrx_word' id='word_1_185' title='bbox 1641 3059 1853 3165; x_wconf 87' lang='lat' dir='ltr'><strong>injunctum</strong></span> 
     </span>
     <span class='ocr_line' id='line_1_22' title="bbox 442 3186 1855 3295; baseline 0.005 -34"><span class='ocrx_word' id='word_1_186' title='bbox 442 3187 547 3290; x_wconf 91' lang='lat' dir='ltr'><strong>quod</strong></span> <span class='ocrx_word' id='word_1_187' title='bbox 558 3214 633 3261; x_wconf 90' lang='lat' dir='ltr'><strong>uon</strong></span> <span class='ocrx_word' id='word_1_188' title='bbox 649 3186 828 3262; x_wconf 85' lang='lat' dir='ltr'><strong>revelaret</strong></span> <span class='ocrx_word' id='word_1_189' title='bbox 841 3186 936 3260; x_wconf 87' lang='lat' dir='ltr'><strong>hanc</strong></span> <span class='ocrx_word' id='word_1_190' title='bbox 949 3215 1054 3263; x_wconf 88' lang='lat' dir='ltr'><strong>suam</strong></span> <span class='ocrx_word' id='word_1_191' title='bbox 1070 3187 1367 3290; x_wconf 90' lang='lat' dir='ltr'><strong>deposicionem,</strong></span> <span class='ocrx_word' id='word_1_192' title='bbox 1386 3216 1584 3295; x_wconf 85' lang='lat' dir='ltr'><strong>quousque</strong></span> <span class='ocrx_word' id='word_1_193' title='bbox 1599 3193 1855 3269; x_wconf 81' lang='lat' dir='ltr'><strong>attestationes</strong></span> 
     </span>
     <span class='ocr_line' id='line_1_23' title="bbox 442 3312 799 3417; baseline -0.006 -28"><span class='ocrx_word' id='word_1_194' title='bbox 442 3312 581 3390; x_wconf 87' lang='lat' dir='ltr'><strong>luerint</strong></span> <span class='ocrx_word' id='word_1_195' title='bbox 601 3313 799 3417; x_wconf 89' lang='lat' dir='ltr'><strong>publicata.</strong></span> 
     </span>
    </p>
   </div>
   <div class='ocr_carea' id='block_1_3' title="bbox 436 3574 1855 4856">
    <p class='ocr_par' dir='ltr' id='par_1_4' title="bbox 436 3574 1855 4856">
     <span class='ocr_line' id='line_1_24' title="bbox 497 3574 1853 3676; baseline 0.009 -25"><span class='ocrx_word' id='word_1_196' title='bbox 497 3576 624 3653; x_wconf 87' lang='lat' dir='ltr'><strong>Frater</strong></span> <span class='ocrx_word' id='word_1_197' title='bbox 651 3574 940 3665; x_wconf 68' lang='lat' dir='ltr'><strong>Bartholomeus¹</strong></span> <span class='ocrx_word' id='word_1_198' title='bbox 965 3580 1168 3658; x_wconf 85' lang='lat' dir='ltr'><strong>Bartlroleti</strong></span> <span class='ocrx_word' id='word_1_199' title='bbox 1196 3584 1378 3676; x_wconf 88' lang='lat' dir='ltr'><strong>serviens,</strong></span> <span class='ocrx_word' id='word_1_200' title='bbox 1406 3583 1655 3665; x_wconf 81' lang='lat' dir='ltr'><strong>xantonensis</strong></span> <span class='ocrx_word' id='word_1_201' title='bbox 1680 3585 1853 3671; x_wconf 88' lang='lat' dir='ltr'><strong>diocesis,</strong></span> 
     </span>
     <span class='ocr_line' id='line_1_25' title="bbox 442 3706 1855 3822; baseline 0.01 -43"><span class='ocrx_word' id='word_1_202' title='bbox 442 3706 545 3781; x_wconf 87' lang='lat' dir='ltr'><strong>testis</strong></span> <span class='ocrx_word' id='word_1_203' title='bbox 564 3733 674 3810; x_wconf 91' lang='lat' dir='ltr'><strong>supra</strong></span> <span class='ocrx_word' id='word_1_204' title='bbox 688 3709 851 3813; x_wconf 88' lang='lat' dir='ltr'><strong>juratus,</strong></span> <span class='ocrx_word' id='word_1_205' title='bbox 880 3710 1099 3786; x_wconf 90' lang='lat' dir='ltr'><strong>mantellum</strong></span> <span class='ocrx_word' id='word_1_206' title='bbox 1120 3711 1264 3790; x_wconf 89' lang='lat' dir='ltr'><strong>ordinis</strong></span> <span class='ocrx_word' id='word_1_207' title='bbox 1285 3732 1322 3791; x_wconf 91' lang='lat' dir='ltr'><strong>et</strong></span> <span class='ocrx_word' id='word_1_208' title='bbox 1340 3714 1494 3792; x_wconf 89' lang='lat' dir='ltr'><strong>barbam</strong></span> <span class='ocrx_word' id='word_1_209' title='bbox 1515 3715 1718 3807; x_wconf 79' lang='lat' dir='ltr'><strong>defferens,</strong></span> <span class='ocrx_word' id='word_1_210' title='bbox 1744 3719 1855 3822; x_wconf 87' lang='lat' dir='ltr'><strong>quin-</strong></span> 
     </span>
     <span class='ocr_line' id='line_1_26' title="bbox 440 3837 1855 3949; baseline 0.008 -39"><span class='ocrx_word' id='word_1_211' title='bbox 440 3837 689 3939; x_wconf 90' lang='lat' dir='ltr'><strong>quagenarius</strong></span> <span class='ocrx_word' id='word_1_212' title='bbox 710 3837 767 3915; x_wconf 85' lang='lat' dir='ltr'><strong>vel</strong></span> <span class='ocrx_word' id='word_1_213' title='bbox 794 3838 908 3928; x_wconf 90' lang='lat' dir='ltr'><strong>circa,</strong></span> <span class='ocrx_word' id='word_1_214' title='bbox 942 3869 1027 3915; x_wconf 89' lang='lat' dir='ltr'><strong>cum</strong></span> <span class='ocrx_word' id='word_1_215' title='bbox 1059 3871 1134 3945; x_wconf 89' lang='lat' dir='ltr'><strong>quo</strong></span> <span class='ocrx_word' id='word_1_216' title='bbox 1170 3844 1395 3949; x_wconf 90' lang='lat' dir='ltr'><strong>inquisitum</strong></span> <span class='ocrx_word' id='word_1_217' title='bbox 1422 3843 1564 3932; x_wconf 88' lang='lat' dir='ltr'><strong>luerat,</strong></span> <span class='ocrx_word' id='word_1_218' title='bbox 1589 3845 1784 3923; x_wconf 89' lang='lat' dir='ltr'><strong>absolutus</strong></span> <span class='ocrx_word' id='word_1_219' title='bbox 1816 3865 1855 3921; x_wconf 90' lang='lat' dir='ltr'><strong>et</strong></span> 
     </span>
     <span class='ocr_line' id='line_1_27' title="bbox 439 3966 1852 4081; baseline 0.009 -43"><span class='ocrx_word' id='word_1_220' title='bbox 439 3966 696 4044; x_wconf 88' lang='lat' dir='ltr'><strong>reconciliatus</strong></span> <span class='ocrx_word' id='word_1_221' title='bbox 710 3996 788 4073; x_wconf 90' lang='lat' dir='ltr'><strong>per</strong></span> <span class='ocrx_word' id='word_1_222' title='bbox 812 3967 1008 4045; x_wconf 87' lang='lat' dir='ltr'><strong>officialem</strong></span> <span class='ocrx_word' id='word_1_223' title='bbox 1034 3972 1301 4063; x_wconf 84' lang='lat' dir='ltr'><strong>Pictavensem,</strong></span> <span class='ocrx_word' id='word_1_224' title='bbox 1331 3974 1437 4051; x_wconf 87' lang='lat' dir='ltr'><strong>lectis</strong></span> <span class='ocrx_word' id='word_1_225' title='bbox 1457 3991 1496 4051; x_wconf 89' lang='lat' dir='ltr'><strong>et</strong></span> <span class='ocrx_word' id='word_1_226' title='bbox 1515 3975 1713 4081; x_wconf 85' lang='lat' dir='ltr'><strong>diligenter</strong></span> <span class='ocrx_word' id='word_1_227' title='bbox 1737 4004 1852 4080; x_wconf 87' lang='lat' dir='ltr'><strong>expo-</strong></span> 
     </span>
     <span class='ocr_line' id='line_1_28' title="bbox 437 4096 1853 4210; baseline 0.007 -38"><span class='ocrx_word' id='word_1_228' title='bbox 437 4096 516 4172; x_wconf 88' lang='lat' dir='ltr'><strong>sitis</strong></span> <span class='ocrx_word' id='word_1_229' title='bbox 544 4098 614 4174; x_wconf 88' lang='lat' dir='ltr'><strong>sibi</strong></span> <span class='ocrx_word' id='word_1_230' title='bbox 642 4098 819 4176; x_wconf 89' lang='lat' dir='ltr'><strong>omnibus</strong></span> <span class='ocrx_word' id='word_1_231' title='bbox 843 4119 880 4176; x_wconf 89' lang='lat' dir='ltr'><strong>et</strong></span> <span class='ocrx_word' id='word_1_232' title='bbox 900 4100 1056 4206; x_wconf 88' lang='lat' dir='ltr'><strong>singulis</strong></span> <span class='ocrx_word' id='word_1_233' title='bbox 1082 4105 1263 4191; x_wconf 89' lang='lat' dir='ltr'><strong>articulis,</strong></span> <span class='ocrx_word' id='word_1_234' title='bbox 1294 4105 1492 4210; x_wconf 88' lang='lat' dir='ltr'><strong>respondit</strong></span> <span class='ocrx_word' id='word_1_235' title='bbox 1518 4133 1557 4182; x_wconf 90' lang='lat' dir='ltr'><strong>se</strong></span> <span class='ocrx_word' id='word_1_236' title='bbox 1583 4106 1747 4193; x_wconf 88' lang='lat' dir='ltr'><strong>nescire,</strong></span> <span class='ocrx_word' id='word_1_237' title='bbox 1783 4134 1853 4182; x_wconf 85' lang='lat' dir='ltr'><strong>nee</strong></span> 
     </span>
     <span class='ocr_line' id='line_1_29' title="bbox 438 4227 1852 4342; baseline 0.006 -40"><span class='ocrx_word' id='word_1_238' title='bbox 438 4227 604 4318; x_wconf 86' lang='lat' dir='ltr'><strong>credere,</strong></span> <span class='ocrx_word' id='word_1_239' title='bbox 634 4257 703 4306; x_wconf 89' lang='lat' dir='ltr'><strong>nec</strong></span> <span class='ocrx_word' id='word_1_240' title='bbox 725 4231 916 4312; x_wconf 41' lang='lat' dir='ltr'><strong>audivissex</strong></span> <span class='ocrx_word' id='word_1_241' title='bbox 937 4233 1010 4310; x_wconf 88' lang='lat' dir='ltr'><strong>dici</strong></span> <span class='ocrx_word' id='word_1_242' title='bbox 1031 4235 1078 4310; x_wconf 87' lang='lat' dir='ltr'><strong>de</strong></span> <span class='ocrx_word' id='word_1_243' title='bbox 1102 4235 1288 4313; x_wconf 85' lang='lat' dir='ltr'><strong>contentis</strong></span> <span class='ocrx_word' id='word_1_244' title='bbox 1311 4235 1350 4311; x_wconf 90' lang='lat' dir='ltr'><strong>iu</strong></span> <span class='ocrx_word' id='word_1_245' title='bbox 1372 4235 1426 4312; x_wconf 88' lang='lat' dir='ltr'><strong>eis</strong></span> <span class='ocrx_word' id='word_1_246' title='bbox 1447 4235 1519 4312; x_wconf 88' lang='lat' dir='ltr'><strong>uisi</strong></span> <span class='ocrx_word' id='word_1_247' title='bbox 1539 4235 1645 4342; x_wconf 92' lang='lat' dir='ltr'><strong>quod</strong></span> <span class='ocrx_word' id='word_1_248' title='bbox 1659 4237 1852 4342; x_wconf 89' lang='lat' dir='ltr'><strong>sequitur:</strong></span> 
     </span>
     <span class='ocr_line' id='line_1_30' title="bbox 436 4351 1853 4470; baseline 0.005 -36"><span class='ocrx_word' id='word_1_249' title='bbox 436 4357 537 4435; x_wconf 86' lang='lat' dir='ltr'><strong>Dixit</strong></span> <span class='ocrx_word' id='word_1_250' title='bbox 556 4387 718 4466; x_wconf 90' lang='lat' dir='ltr'><strong>namque</strong></span> <span class='ocrx_word' id='word_1_251' title='bbox 739 4389 776 4436; x_wconf 90' lang='lat' dir='ltr'><strong>se</strong></span> <span class='ocrx_word' id='word_1_252' title='bbox 798 4359 910 4438; x_wconf 85' lang='lat' dir='ltr'><strong>luisse</strong></span> <span class='ocrx_word' id='word_1_253' title='bbox 929 4382 1121 4467; x_wconf 87' lang='lat' dir='ltr'><strong>receptum</strong></span> <span class='ocrx_word' id='word_1_254' title='bbox 1144 4366 1182 4441; x_wconf 93' lang='lat' dir='ltr'><strong>in</strong></span> <span class='ocrx_word' id='word_1_255' title='bbox 1202 4364 1344 4470; x_wconf 85' lang='lat' dir='ltr'><strong>capella</strong></span> <span class='ocrx_word' id='word_1_256' title='bbox 1361 4365 1499 4442; x_wconf 91' lang='lat' dir='ltr'><strong>domus</strong></span> <span class='ocrx_word' id='word_1_257' title='bbox 1518 4351 1667 4470; x_wconf 89' lang='lat' dir='ltr'><strong>Templi</strong></span> <span class='ocrx_word' id='word_1_258' title='bbox 1694 4366 1742 4443; x_wconf 90' lang='lat' dir='ltr'><strong>de</strong></span> <span class='ocrx_word' id='word_1_259' title='bbox 1765 4368 1853 4443; x_wconf 90' lang='lat' dir='ltr'><strong>Ber-</strong></span> 
     </span>
     <span class='ocr_line' id='line_1_31' title="bbox 437 4491 1853 4600; baseline 0.007 -40"><span class='ocrx_word' id='word_1_260' title='bbox 437 4514 530 4593; x_wconf 90' lang='lat' dir='ltr'><strong>nayo</strong></span> <span class='ocrx_word' id='word_1_261' title='bbox 550 4491 799 4567; x_wconf 88' lang='lat' dir='ltr'><strong>Xantonensis</strong></span> <span class='ocrx_word' id='word_1_262' title='bbox 819 4491 993 4576; x_wconf 89' lang='lat' dir='ltr'><strong>diocesis,</strong></span> <span class='ocrx_word' id='word_1_263' title='bbox 1012 4493 1050 4567; x_wconf 93' lang='lat' dir='ltr'><strong>in</strong></span> <span class='ocrx_word' id='word_1_264' title='bbox 1071 4494 1383 4582; x_wconf 83' lang='lat' dir='ltr'><strong>instantemense</strong></span> <span class='ocrx_word' id='word_1_265' title='bbox 1402 4495 1628 4600; x_wconf 83' lang='lat' dir='ltr'><strong>septembris</strong></span> <span class='ocrx_word' id='word_1_266' title='bbox 1651 4511 1764 4573; x_wconf 89' lang='lat' dir='ltr'><strong>erunt</strong></span> <span class='ocrx_word' id='word_1_267' title='bbox 1783 4496 1853 4584; x_wconf 53' lang='lat' dir='ltr'><strong>cire</strong></span> 
     </span>
     <span class='ocr_line' id='line_1_32' title="bbox 437 4616 1850 4731; baseline 0.006 -42"><span class='ocrx_word' id='word_1_268' title='bbox 437 4616 528 4692; x_wconf 90' lang='lat' dir='ltr'><strong>citer</strong></span> <span class='ocrx_word' id='word_1_269' title='bbox 543 4643 650 4694; x_wconf 80' lang='lat' dir='ltr'><strong>xxviii</strong></span> <span class='ocrx_word' id='word_1_270' title='bbox 665 4620 770 4706; x_wconf 92' lang='lat' dir='ltr'><strong>anni,</strong></span> <span class='ocrx_word' id='word_1_271' title='bbox 793 4647 859 4724; x_wconf 88' lang='lat' dir='ltr'><strong>per</strong></span> <span class='ocrx_word' id='word_1_272' title='bbox 878 4618 1030 4694; x_wconf 77' lang='lat' dir='ltr'><strong>fratrem</strong></span> <span class='ocrx_word' id='word_1_273' title='bbox 1046 4622 1296 4700; x_wconf 85' lang='lat' dir='ltr'><strong>Amblardum</strong></span> <span class='ocrx_word' id='word_1_274' title='bbox 1320 4625 1367 4701; x_wconf 90' lang='lat' dir='ltr'><strong>de</strong></span> <span class='ocrx_word' id='word_1_275' title='bbox 1383 4625 1501 4705; x_wconf 89' lang='lat' dir='ltr'><strong>Viena</strong></span> <span class='ocrx_word' id='word_1_276' title='bbox 1519 4626 1732 4731; x_wconf 88' lang='lat' dir='ltr'><strong>quondam,</strong></span> <span class='ocrx_word' id='word_1_277' title='bbox 1747 4642 1850 4699; x_wconf 84' lang='lat' dir='ltr'><strong>-tunc</strong></span> 
     </span>
     <span class='ocr_line' id='line_1_33' title="bbox 436 4748 1848 4856; baseline 0.006 -38"><span class='ocrx_word' id='word_1_278' title='bbox 436 4763 691 4845; x_wconf 88' lang='lat' dir='ltr'><strong>preceptorem</strong></span> <span class='ocrx_word' id='word_1_279' title='bbox 724 4748 900 4833; x_wconf 85' lang='lat' dir='ltr'><strong>Pictavie,</strong></span> <span class='ocrx_word' id='word_1_280' title='bbox 932 4750 1168 4849; x_wconf 86' lang='lat' dir='ltr'><strong>presentibus</strong></span> <span class='ocrx_word' id='word_1_281' title='bbox 1200 4752 1377 4833; x_wconf 76' lang='lat' dir='ltr'><strong>fratribus</strong></span> <span class='ocrx_word' id='word_1_282' title='bbox 1408 4752 1615 4833; x_wconf 89' lang='lat' dir='ltr'><strong>Guillelmo</strong></span> <span class='ocrx_word' id='word_1_283' title='bbox 1640 4756 1713 4832; x_wconf 91' lang='lat' dir='ltr'><strong>deu</strong></span> <span class='ocrx_word' id='word_1_284' title='bbox 1738 4752 1848 4856; x_wconf 68' lang='lat' dir='ltr'><strong>laege</strong></span> 
     </span>
    </p>
   </div>
   <div class='ocr_carea' id='block_1_4' title="bbox 0 0 2120 5956">
    <p class='ocr_par' dir='ltr' id='par_1_5' title="bbox 0 0 2120 5956">
     <span class='ocr_line' id='line_1_34' title="bbox 0 0 2120 5956; baseline 0 4"><span class='ocrx_word' id='word_1_285' title='bbox 0 0 2120 5956; x_wconf 95' lang='lat' dir='ltr'><strong> </strong></span> 
     </span>
    </p>
   </div>
  </div>
 </body>
</html>
