4230 5956
733 448 930 541 raocas
961 467 1059 541 ons
1089 466 1394 557 enuntians.
1700 477 1775 547 mc

355 608 495 685 instans
513 604 651 682 festum
669 604 906 689 Ascensionis
924 607 1077 686 Domini
1098 624 1208 684 erunt
1221 635 1317 687 xxvu
1337 607 1435 695 anni,
1457 611 1693 713 presentibus
1707 611 1777 691 ira-

353 736 473 814 tribus
493 735 661 813 iohanne
681 735 735 813 las
750 736 981 817 Chaussadas
1000 754 1219 843 preceptore
1239 736 1337 814 dicte
1358 735 1509 826 domus,
1536 737 1708 820 Dionisio
1728 743 1775 820 de

353 864 491 943 Castris
519 881 556 943 et
587 866 774 945 Ademaro
805 868 840 945 la
873 867 1074 976 Brugieyra
1108 867 1370 958 servientibus,
1403 866 1618 959 deffunctis3
1647 899 1669 945 a
1700 900 1776 979 quo

353 1013 561 1101 receptore,
586 997 790 1083 instructus
813 1027 882 1106 per
905 997 1013 1086 alios,
1039 998 1152 1105 peciit
1174 1026 1310 1104 panem
1331 1015 1369 1075 et
1392 1027 1526 1106 aquam
1553 1016 1591 1077 et
1621 1001 1776 1095 societa-

352 1144 429 1202 tem
459 1126 619 1216 ordinis3
646 1145 684 1204 et
711 1130 857 1206 cumei
884 1130 1096 1234 predictum
1120 1129 1251 1207 luisset
1282 1129 1386 1236 quod
1408 1131 1506 1208 bene
1534 1131 1773 1223 deliberaret,

352 1256 440 1361 quia
466 1274 656 1362 oporteret
680 1286 767 1337 eum
793 1259 911 1336 multa
930 1258 1023 1337 dura
1050 1276 1089 1336 et
1111 1287 1239 1365 aspera
1265 1260 1464 1350 sustinere,
1494 1280 1530 1338 et
1555 1261 1716 1341 finaliter
1740 1266 1775 1347 ei

352 1387 517 1490 predicta
539 1389 798 1479 concessisset,
825 1388 913 1467 fecit
941 1418 1029 1470 eum
1057 1418 1189 1468 vovere
1219 1407 1256 1468 et
1282 1391 1408 1497 jurare
1435 1392 1656 1484 castitatem,
1683 1395 1775 1473 obe-

352 1516 551 1605 dienciam,
574 1534 612 1594 et
629 1518 750 1597 vivere
774 1519 853 1597 sine
876 1520 1047 1627 proprio,
1079 1549 1222 1598 servare
1245 1521 1367 1599 bonos
1384 1550 1475 1599 usus
1503 1523 1775 1614 etbonascou-

350 1647 568 1725 suetudines
595 1647 757 1739 ordinis,
781 1680 859 1729 non
883 1651 1044 1730 revelare
1069 1668 1210 1730 secreta
1238 1652 1486 1758 capitulorum
1518 1681 1586 1730 nec
1614 1654 1773 1739 modum

348 1779 578 1883 recepcionis
592 1808 677 1869 sue,
694 1798 733 1859 et
750 1783 857 1889 quod
876 1781 1017 1860 dictum
1038 1782 1211 1859 ordinem
1225 1811 1301 1860 non
1317 1782 1523 1861 dimitteret
1532 1811 1601 1888 pro
1621 1783 1712 1874 alio;
1736 1802 1774 1860 et

348 1909 525 2014 imposito
544 1910 613 1988 sibi
631 1912 810 1990 mantello
831 1928 868 1990 et
886 1940 981 2018 aqua
999 1912 1196 1990 benedicta
1215 1940 1361 2017 aspersa
1380 1939 1492 2016 super
1511 1939 1600 1991 eum
1617 1941 1687 2020 per
1704 1911 1772 2003 fra·

348 2054 446 2115 tram
464 2042 503 2115 P.
530 2039 578 2117 de
597 2043 755 2147 Remeys
778 2041 1040 2146 presbiterum,
1062 2041 1128 2146 qui
1149 2041 1265 2117 eciam
1286 2041 1427 2130 aderat,
1451 2070 1566 2148 quem
1586 2027 1706 2124 credit
1724 2045 1772 2120 vi·

348 2196 449 2258 vere,
477 2188 513 2247 et
540 2172 641 2248 dicto
670 2171 812 2276 psalmo
840 2171 1004 2250 Ecclesia
1035 2171 1148 2264 Quam
1185 2173 1320 2259 bonum,
1349 2188 1518 2278 receptor
1545 2189 1584 2248 et
1611 2191 1769 2251 astantes

348 2299 501 2377 fuerunt
524 2329 612 2379 enm
635 2301 790 2380 osculati
814 2301 853 2377 in
878 2330 959 2392 ore,
987 2318 1025 2377 et
1048 2301 1128 2406 ipse
1151 2302 1256 2380 testis
1278 2300 1350 2378 tuit
1374 2303 1491 2380 eciam
1511 2302 1698 2387 osculatus
1716 2333 1770 2381 re

349 2445 537 2536 captorem
554 2449 654 2510 retro
669 2431 709 2510 in
724 2432 884 2509 humero
899 2459 1011 2538 super
1031 2449 1159 2509 vestes.
1173 2432 1365 2538 Postque,
1381 2432 1565 2511 instructo
1579 2434 1661 2539 ipso
1673 2452 1767 2514 teste

349 2560 510 2667 qualiter
523 2578 671 2669 regeret
692 2590 732 2640 se
757 2563 797 2638 in
821 2561 971 2653 ordine,
988 2562 1155 2670 precepit
1178 2562 1302 2639 dictus
1320 2579 1492 2668 receptor
1518 2562 1643 2641 eidem
1664 2566 1766 2657 testi,

349 2691 388 2765 in
409 2692 603 2797 presencia
622 2692 802 2783 aliorum,
824 2692 928 2798 quod
952 2672 1154 2800 abnegaret
1176 2692 1349 2780 lhesum,
1372 2709 1410 2769 et
1429 2693 1508 2797 ipse
1527 2694 1634 2772 testis
1653 2693 1768 2790 abne-

348 2824 445 2929 gavit
453 2823 608 2900 lbesum
625 2851 707 2912 ore,
724 2851 800 2902 non
817 2824 942 2902 corde.
954 2823 1103 2901 Deinde
1116 2821 1223 2899 duxit
1235 2823 1359 2927 ipsum
1372 2838 1507 2900 testem
1522 2822 1572 2899 ad
1583 2823 1762 2930 angulum

349 2952 446 3030 dicte
472 2951 630 3059 capelle,
652 2981 697 3030 ex
725 2969 828 3059 parte
848 2954 992 3043 dextra,
1014 2953 1110 3035 intra
1132 2952 1247 3030 altare
1278 2969 1318 3029 et
1336 2952 1509 3043 chorum,
1540 2969 1580 3030 et
1612 2951 1705 3030 dixit
1728 2954 1762 3030 ei

348 3085 452 3190 quod
475 3101 627 3191 spueret
649 3084 690 3161 in
714 3084 814 3162 dicto
843 3084 947 3176 loco,
965 3084 1060 3190 quia
1093 3083 1144 3160 ibi
1168 3100 1248 3163 erat
1267 3083 1431 3190 quedam
1452 3111 1556 3175 crux,
1577 3112 1692 3190 (Ῑιιειῐι
1713 3103 1764 3162 ta-

220 3312 223 3317 ,
347 3242 435 3291 men
456 3213 535 3318 ipse
557 3213 664 3291 testis
684 3241 763 3291 non
784 3214 893 3303 vidit,
919 3215 1007 3322 qsria
1033 3213 1138 3293 locus
1165 3231 1244 3293 erat
1267 3212 1464 3305 obscurus,
1491 3231 1529 3291 et
1555 3213 1634 3319 ipse
1660 3216 1765 3295 testis

348 3346 448 3451 spuit
461 3346 501 3422 in
517 3345 618 3422 dicto
636 3345 739 3435 loc03
754 3373 833 3423 non
851 3363 983 3425 tamen
997 3345 1197 3424 declaravit
1217 3345 1253 3423 ei
1267 3346 1372 3453 quod
1385 3345 1554 3451 predicta
1567 3363 1692 3432 essent
1715 3347 1764 3425 de
1840 3334 1842 3340 ’

346 3477 495 3582 punctis
514 3476 670 3555 ordinis.
696 3475 778 3555 Alia
797 3476 928 3557 illicita
956 3505 1034 3556 non
1064 3477 1347 3556 intervenerunt
1371 3476 1410 3555 in
1434 3476 1533 3554 dicta
1556 3504 1622 3554 sua
1644 3505 1765 3585 recep

347 3607 455 3685 cione
472 3634 542 3684 nec
561 3623 662 3713 post,
685 3623 723 3684 et
749 3608 797 3685 de
821 3608 931 3686 dictis
948 3607 1089 3685 illicitis
1113 3606 1206 3683 dixit
1235 3635 1275 3684 se
1305 3605 1418 3684 fixisse
1448 3606 1676 3695 confessum,
1703 3636 1764 3685 ne·

346 3737 416 3815 scit
431 3738 516 3815 cni..
530 3739 646 3832 item,
676 3737 769 3814 dixit
795 3739 899 3845 quod
924 3754 1013 3816 sunt
1036 3737 1183 3817 circiter
1200 3764 1275 3815 xxu
1295 3738 1385 3814 anni
1413 3738 1518 3844 quod
1546 3736 1625 3841 ipse
1640 3738 1760 3829 testis,

346 3870 434 3974 quia
458 3869 675 3976 frequenter
698 3869 891 3946 audiverat
910 3868 1048 3947 cantari
1077 3868 1185 3946 Jltesu
1215 3870 1371 3946 salvator
1407 3869 1532 3953 secali,
1565 3866 1678 3971 peciit
1706 3896 1763 3944 se-

209 4057 215 4063 .
347 4017 447 4076 creto
470 4029 492 4075 a
523 3998 635 4077 fratre
656 4000 696 4078 P.
716 3998 838 4079 Dalbo
861 3998 1074 4105 quondam,
1097 4015 1317 4105 preceptore
1336 4015 1430 4075 tunc
1457 3997 1594 4074 domus
1612 3998 1762 4106 Templi

347 4128 394 4206 de
410 4129 521 4208 Ulmo
538 4131 686 4209 Tuandi
711 4131 952 4211 Bituricensis
972 4129 1149 4222 diocesis,
1175 4128 1331 4234 antiquo
1358 4125 1529 4217 homine,
1550 4155 1666 4234 quare
1686 4159 1764 4236 pre

346 4258 554 4364 cipiebatur
570 4258 746 4339 iratribus
767 4259 911 4338 ordinis
932 4258 1036 4365 quod
1053 4258 1284 4366 abnegarent
1298 4257 1471 4350 Jbesum,
1493 4286 1580 4335 cum
1599 4260 1673 4345 boc
1691 4287 1764 4338 ma·

345 4389 425 4466 lum
449 4405 560 4481 esset,
582 4388 670 4495 quia
696 4389 818 4467 dictus
845 4387 1164 4498 hypnusdicabat
1188 4378 1394 4494 quoderat
1421 4385 1579 4465 salvator
1594 4387 1765 4486 saculiet

344 4518 447 4597 iilius
460 4518 623 4628 Virginis
646 4517 779 4610 Marie3
803 4535 842 4596 et
857 4518 980 4597 dictus
994 4517 1107 4597 frater
1130 4518 1263 4596 Petrus
1286 4517 1481 4623 respondit
1504 4517 1539 4594 ei
1557 4517 1663 4624 quod
1686 4547 1764 4598 non

345 4667 442 4729 esset
469 4650 637 4729 curiosus
665 4648 715 4730 ad
739 4648 1009 4756 inquirendum
1032 4649 1079 4727 de
1102 4649 1196 4742 boc,
1225 4648 1314 4756 quia
1334 4678 1379 4728 ex
1396 4648 1468 4726 hoc
1492 4666 1620 4755 posset
1643 4649 1763 4729 imm

344 4808 427 4861 rere
442 4782 747 4893 indignacionem
772 4780 928 4882 fratrum
945 4797 985 4861 et
996 4780 1233 4889 superiorum
1253 4780 1413 4873 ordinis,
1436 4797 1473 4858 et
1493 4779 1597 4887 quod
1623 4779 1695 4858 iret
1712 4781 1762 4861 ad
