4268 5946
359 504 408 580 se
750 483 950 577 procus
974 503 1072 575 nns
1095 504 1401 576 reuertens.

356 647 473 757 recipi
495 647 538 723 in
560 645 717 735 ordine,
742 672 814 722 nec
836 641 1058 759 ithat
1080 645 1254 752 capitulis
1276 674 1429 736 eorum,
1451 647 1542 753 quia
1564 647 1798 726 intendebat

357 780 409 857 ad
428 776 713 888 agriculturam,
733 774 1045 859 undeneeiebat
1059 778 1108 855 de
1121 777 1312 855 eontentis
1327 778 1372 853 in
1383 778 1498 854 dietis
1514 777 1699 868 articulis,
1717 808 1798 859 net

358 910 539 991 credebat
557 939 628 990 nec
647 886 927 987 aedivent'ffici
943 910 1013 985 nisi
1028 911 1134 1017 quod
1151 910 1338 1017 sequitur.
1354 894 1458 987 Dixit
1470 910 1576 987 enim
1588 910 1798 1020 quodipe

360 1059 535 1150 receptus
561 1040 684 1120 fuerat
707 1040 748 1118 iu
774 1039 917 1148 apella
941 1040 1082 1120 domus
1099 1041 1253 1149 Templi
1276 1040 1327 1118 de
1351 1040 1460 1118 bello
1489 1042 1601 1120 Vrrsu
1629 1042 1800 1125 diocesis

361 1175 607 1263 Sunonensis,
620 1173 909 1280 dominicapost
922 1175 1067 1252 imtans
1078 1173 1221 1252 festum
1232 1175 1475 1252 Penteoostos
1485 1179 1798 1254 mummi

361 1307 420 1387 vei
438 1309 550 1399 cirea,
567 1333 639 1414 per
655 1305 812 1384 fratrem
832 1306 1046 1384 lobannem
1069 1306 1119 1384 de
1138 1308 1273 1383 Turno
1290 1306 1506 1414 quondam
1524 1323 1618 1382 tunc
1635 1306 1800 1386 tberru-

360 1439 501 1519 urium
534 1438 801 1527 Parisiensem,
833 1437 1076 1546 presentibus
1107 1437 1289 1516 iratribus
1320 1436 1490 1514 boberto
1520 1437 1668 1514 Pimdi
1695 1456 1799 1519 tunc

354 1587 578 1685 preceptore
597 1569 647 1647 de
665 1568 816 1659 furcis,
841 1586 881 1645 et
902 1559 1076 1671 Johairne
1094 1570 1195 1678 Lupi
1215 1569 1411 1646 vineatore
1433 1569 1537 1646 dicte
1555 1568 1695 1647 domm
1716 1599 1800 1649 reru

357 1703 562 1791 rientibus,
582 1701 806 1793 deffunctis3
825 1729 847 1778 a
863 1729 944 1809 quo
965 1702 1069 1778 dieto
1086 1718 1281 1809 reoeptore
1304 1730 1395 1778 eum
1411 1701 1599 1777 instanter
1615 1702 1798 1808 petiiset

356 1860 494 1941 prnem
520 1851 560 1911 et
585 1861 739 1942 aquam,
759 1833 979 1911 societatem
999 1851 1040 1911 et
1061 1861 1270 1940 pauperem
1291 1834 1473 1911 rffltum
1494 1831 1658 1919 ordinis,
1687 1850 1728 1910 et
1752 1837 1795 1911 ei

355 1965 612 2075 respondisset
635 1965 744 2074 quod
767 1963 868 2042 bene
892 1965 1140 2052 deliberaret,
1166 1967 1257 2072 quia
1280 1981 1476 2072 oporteret
1494 1959 1585 2042 eum
1604 1964 1795 2043 voluntati

355 2098 491 2206 mbjici
508 2098 648 2188 aliene,
669 2115 710 2175 et
728 2096 851 2174 multa
867 2097 964 2175 dura
981 2115 1164 2206 etaspera
1180 2098 1386 2184 sustinere,
1406 2095 1573 2174 finaliter
1589 2096 1679 2174 fecit
1696 2125 1796 2174 eum

357 2256 491 2308 rovere
509 2233 687 2338 etjurare
707 2230 936 2317 castitatem,
955 2231 1237 2317 obedienciam,
1258 2248 1298 2307 et
1314 2230 1438 2308 rivere
1456 2230 1540 2307 siue
1557 2230 1727 2336 proprio,
1750 2249 1796 2306 et

357 2388 504 2439 serrare
524 2359 626 2438 bona
649 2359 813 2452 ordinis3
832 2378 920 2467 post
937 2389 1014 2466 que
1036 2362 1221 2467 imposuit
1237 2361 1311 2439 sibi
1329 2360 1572 2448 meltum,
1591 2359 1731 2464 etipse
1750 2379 1796 2438 et

357 2492 667 2571 moerentes
683 2491 943 2570 &eumcum
961 2491 1120 2571 oseulari
1137 2493 1181 2568 in
1198 2521 1278 2570 ure.
1298 2493 1518 2588 Quosaeo,
1537 2489 1796 2571 aliisduetns

358 2625 408 2703 de
428 2625 570 2733 capelia
586 2625 830 2717 exeuntibus,
851 2624 977 2701 dictus
987 2642 1161 2731 receptor
1173 2626 1344 2732 precepit
1357 2626 1430 2732 ipsi
1446 2626 1534 2702 testi
1550 2623 1660 2733 quod
1671 2622 1796 2700 abne·

355 2758 603 2864 garetDeum
627 2785 694 2836 ore
715 2786 794 2833 non
815 2755 947 2846 eorde3
970 2774 1010 2832 et
1034 2757 1224 2862 cumipse
1244 2773 1547 2862 testispecusset
1569 2784 1688 2863 quare
1712 2754 1796 2834 hot

355 2887 510 2976 fuceret,
526 2890 622 2965 dixit
634 2889 761 2966 dictus
775 2905 951 2993 receptor
962 2888 1067 2994 quod
1083 2916 1156 2994 pro
1171 2916 1219 2964 eo
1232 2888 1339 2995 quod
1352 2889 1443 2994 quia
1460 2888 1588 2964 eidem
1600 2889 1797 2994 receptori

357 3018 543 3125 placebat,
563 3036 605 3096 et
617 3036 710 3096 tunc
727 3018 809 3124 ipse
821 3018 929 3095 testis
943 3018 1140 3126 abnegavit
1153 3020 1279 3097 Deum
1291 3048 1358 3096 ore
1373 3047 1453 3095 non
1472 3019 1604 3110 corde,
1619 3035 1665 3096 ut
1680 3017 1794 3097 dixit.

356 3148 508 3228 Deinde
516 3150 688 3257 precepit
700 3149 737 3226 ei
751 3150 857 3257 quod
874 3167 1029 3256 spueret
1038 3149 1369 3257 superquamdam
1378 3178 1530 3227 crucem
1544 3149 1727 3257 ligneam,
1746 3151 1796 3228 in

358 3280 548 3388 quauulla
556 3281 758 3389 apparebat
765 3309 902 3390 ymago
911 3281 1102 3370 Crucifixi,
1116 3281 1357 3388 appodiatum
1362 3281 1470 3388 juxta
1480 3281 1666 3360 cancellos
1674 3281 1798 3360 eoele-

359 3412 431 3505 sie,
447 3430 487 3490 et
500 3415 582 3520 ipse
592 3413 716 3503 testis,
737 3414 828 3521 quia
837 3413 1063 3522 promiserat
1073 3413 1353 3501 obedienciam,
1372 3414 1477 3520 spuit
1495 3441 1573 3489 non
1587 3440 1701 3519 super
1718 3415 1795 3493 sed

353 3549 460 3650 juxta
470 3545 610 3623 dictam
619 3574 782 3624 crucem.
794 3547 1041 3624 Postmodum
1051 3547 1222 3653 precepit
1236 3546 1271 3623 ei
1280 3546 1388 3653 quod
1401 3546 1637 3624 oscularetur
1647 3546 1795 3624 eumin

359 3702 448 3762 ano,
469 3677 537 3754 sed
556 3704 636 3754 noo
655 3676 728 3754 fuit
746 3706 837 3756 eum
855 3677 909 3754 ibi
920 3678 1127 3769 osculatus,
1149 3677 1219 3755 sed
1231 3677 1540 3784 superbraoesle.
1559 3677 1644 3754 Atia
1657 3675 1798 3757 illicita

359 3834 435 3885 non
460 3807 745 3885 intervenerunt
767 3810 806 3885 in
830 3810 1050 3916 reoepcione
1070 3838 1139 3886 sua
1156 3810 1371 3916 supradicta
1389 3841 1460 3888 nec
1472 3829 1576 3918 post,
1596 3809 1796 3889 necscivit

360 3967 429 4016 nec
439 3939 582 4016 audivit
595 3938 670 4016 dici
683 3941 787 4046 quod
800 3941 1071 4019 intervenirent
1083 3941 1123 4016 in
1138 3942 1424 4048 recepciouibus
1441 3943 1604 4018 aliorum
1617 3940 1676 4016 vel
1687 3960 1792 4045 post,

361 4096 430 4146 nee
454 4072 525 4148 seit
544 4100 616 4149 nec
639 4072 761 4150 credit
782 4101 898 4180 super
918 4075 992 4152 hoc
1017 4089 1062 4150 ut
1082 4073 1281 4178 respondit
1304 4074 1522 4183 requisitus.
1546 4073 1660 4162 Item,
1693 4071 1794 4150 dixit

360 4200 515 4306 prdie
530 4201 593 4278 die
610 4204 767 4281 Veneris
779 4222 905 4282 sancta
923 4203 1161 4281 adhorabant
1178 4204 1313 4282 devote
1333 4223 1373 4284 et
1389 4220 1606 4282 reverenter
1616 4229 1791 4296 crucem,

360 4348 399 4407 et
430 4331 536 4437 quod
567 4332 648 4440 ipse
675 4333 774 4413 bene
803 4337 986 4414 credebat
1016 4335 1273 4414 ecclesiasticis
1303 4337 1563 4423 sacramentis,
1600 4351 1639 4411 et
1666 4334 1794 4411 credit

358 4460 463 4566 prod
491 4460 556 4539 alii
583 4462 715 4542 fratres
740 4466 888 4541 ordinis
915 4467 1053 4543 eodem
1072 4467 1190 4544 modo
1210 4469 1425 4559 crederent,
1455 4485 1495 4545 et
1517 4468 1624 4575 quod
1652 4495 1793 4546 eorum

360 4592 573 4670 mesdeus
584 4592 714 4671 debite
729 4593 977 4671 celebrarent.
997 4597 1041 4673 ln
1056 4601 1278 4704 recepcione
1296 4630 1365 4679 sua
1380 4599 1505 4677 fuitei
1521 4599 1667 4676 dictum
1680 4599 1795 4704 quod

361 4718 488 4797 statim
512 4746 583 4826 pro
606 4722 775 4829 professo
799 4722 1020 4803 bibebatur.
1051 4727 1297 4809 Clandestine
1321 4732 1614 4839 recipiebantur,
1639 4758 1683 4805 er
1708 4757 1795 4835 quo

363 4846 484 4927 eredit
500 4850 607 4959 pared
635 4870 734 4932 erret
756 4855 918 4962 suspicio
938 4877 1066 4938 eontra
1088 4890 1164 4942 eos
1193 4864 1370 4941 Cordubs
1396 4862 1501 4940 unde
1525 4861 1705 4938 volebant
1729 4889 1795 4938 as-
