4230 5956
351 473 402 547 eo
741 453 937 542 esoces
965 469 1058 541 uss
1084 461 1380 542 reuertens

349 616 613 724 inquisitores,
641 610 708 688 sed
736 611 910 687 nondum
933 628 1012 686 erat
1037 610 1232 687 absolutus
1253 638 1323 687 nec
1346 611 1619 689 reconciliatus.
1647 615 1776 694 Lectis

347 765 474 824 autern
495 760 533 821 et
553 741 752 850 diligenter
769 740 944 846 expositis
964 740 1033 816 sibi
1052 740 1230 817 omnibus
1250 757 1288 816 et
1313 739 1470 847 singulis
1493 741 1677 836 articulis,
1709 774 1768 821 re-

349 876 501 983 spondit
515 902 553 951 se
569 872 733 956 nescire,
752 897 821 945 nec
839 870 1007 960 credere,
1026 897 1095 945 nec
1111 868 1291 946 audivisse
1307 869 1381 947 dici
1396 869 1443 948 de
1458 875 1646 951 contentis
1660 875 1699 951 in
1714 878 1766 952 eis

348 1009 417 1083 nisi
433 1004 537 1112 quod
549 1002 730 1108 sequitur.
744 1000 844 1075 Dixit
857 1026 1020 1105 namque
1033 1026 1071 1075 se
1080 998 1192 1076 fuisse
1205 1017 1414 1106 receptum,
1424 1001 1464 1077 in
1476 1001 1571 1080 sesto
1581 1003 1762 1082 Omnium

346 1140 569 1215 Sanctorum
593 1131 763 1237 proximo
788 1129 967 1234 preterito
990 1128 1144 1206 suerunt
1168 1156 1230 1205 sex
1254 1130 1363 1218 anni,
1390 1131 1429 1205 in
1455 1132 1597 1238 capella
1626 1135 1764 1214 domus

344 1265 491 1372 Templi
514 1265 560 1340 de
585 1261 784 1340 Blandesio
807 1259 1081 1337 Lemovieensis
1106 1259 1285 1350 diocesis,
1312 1289 1379 1366 per
1399 1259 1549 1339 fratrem
1576 1265 1764 1344 Humber·
1827 1278 1832 1288 '

342 1415 423 1472 tum
439 1397 485 1472 de
500 1392 731 1472 Comborino
747 1389 904 1465 militem
916 1388 1124 1494 quondam,
1138 1405 1397 1495 preceptorem
1410 1406 1503 1467 tunc
1517 1391 1564 1468 de
1577 1392 1757 1485 Pulbaco,

343 1526 580 1631 presentibus
592 1521 767 1599 fratribus
778 1522 888 1597 Petro
899 1519 946 1595 de
956 1521 1114 1627 Remeys
1123 1519 1342 1625 presbitero,
1356 1519 1562 1600 Guillelmo
1573 1523 1621 1600 de
1630 1525 1761 1604 Cham-

342 1655 500 1747 bouem,
518 1654 695 1733 Guidone
714 1652 760 1727 de
776 1650 812 1726 la
824 1649 1051 1728 Chastareda
1070 1665 1107 1725 et
1120 1648 1316 1755 Aymerico
1334 1650 1382 1727 de
1399 1651 1537 1757 Copiae
1558 1654 1756 1747 militibus,

341 1783 548 1862 Guillelmo
563 1784 724 1861 Calabro
739 1786 957 1886 preceptore
974 1777 1021 1854 de
1040 1779 1212 1867 Viveriis,
1228 1778 1436 1858 Guillelmo
1451 1783 1588 1860 Brivata
1604 1802 1641 1861 et
1652 1784 1760 1864 Guil-

340 1915 453 1991 lelmo
463 1911 760 1992 dePodioVinali
773 1911 1030 1998 servientibus,
1043 1911 1315 1987 Lemoviceusis
1325 1911 1599 2004 diocesisvivis,
1608 1914 1646 1989 in
1656 1916 1757 1994 bunc

340 2045 496 2120 modurn
513 2076 521 2119 t
536 2071 622 2119 nam
642 2043 760 2148 petito
777 2070 845 2147 per
863 2057 1094 2146 receptorem
1116 2069 1136 2115 a
1155 2039 1331 2118 fratribus
1345 2042 1521 2147 predictis
1538 2043 1578 2118 in
1593 2043 1757 2149 capitulo

339 2172 568 2277 congregatis
589 2173 619 2247 si
644 2170 810 2247 sciebant
829 2171 866 2245 in
891 2197 935 2245 eo
956 2168 1098 2275 aliquid
1121 2169 1453 2275 impedimentum,
1475 2188 1512 2248 et
1532 2173 1754 2251 concordate

339 2300 443 2406 quod
463 2328 551 2376 eum
571 2300 794 2403 reciperent,
810 2299 896 2375 dicti
918 2296 1048 2375 iratres
1062 2296 1291 2375 Guillelmus
1308 2298 1355 2373 de
1369 2297 1529 2375 Calabru
1543 2316 1582 2376 et
1601 2299 1757 2380 Guillel·

339 2459 423 2505 mus
434 2427 753 2515 dePodioVinali,
770 2426 873 2502 missi
888 2426 934 2501 ad
946 2454 1035 2501 eum
1051 2426 1090 2501 in
1102 2427 1264 2531 quadam
1277 2454 1437 2514 camera,
1454 2429 1695 2533 predixerunt
1716 2434 1751 2508 ei

336 2559 439 2664 quod
448 2559 545 2635 bene
557 2555 781 2633 deliberaret
791 2571 875 2631 ante
884 2556 1104 2662 ingressum,
1114 2556 1200 2661 quia
1208 2572 1398 2660 oporteret
1407 2558 1751 2637 eumaseabdicare

336 2689 523 2793 propriam
537 2686 764 2763 voluntatem
780 2700 817 2758 et
835 2683 966 2790 subjici
981 2682 1117 2773 aliene,
1140 2701 1179 2760 et
1197 2683 1316 2761 multa
1336 2685 1430 2761 dura
1446 2703 1483 2762 et
1500 2715 1627 2793 aspere
1642 2691 1753 2767 susti-

334 2846 439 2903 nere,
452 2834 583 2894 etcum
592 2813 955 2921 respondissetquod
964 2813 1091 2890 omnia
1102 2814 1312 2905 sustineret,
1325 2815 1753 2927 etinstructusabeispe-

335 2949 457 3023 ciisset
468 2977 487 3021 a
498 2961 689 3048 receptore
702 2971 838 3049 panem
852 2960 888 3018 ct
899 2971 1036 3050 aquam
1049 2959 1087 3019 et
1100 2943 1318 3020 societatem
1328 2944 1473 3021 ordinis
1492 2945 1563 3022 sibi
1579 2950 1748 3035 concedi,

334 3094 370 3150 et
391 3076 588 3151 obtulisset
603 3102 641 3149 se
659 3072 755 3148 velle
772 3072 852 3147 lieri
866 3100 1015 3147 servum
1033 3070 1216 3148 esclavum
1235 3072 1395 3163 ordinis,
1416 3072 1502 3149 lecit
1517 3102 1604 3150 eum
1618 3103 1750 3154 vovere

333 3220 369 3278 et
383 3205 510 3308 jurare
530 3231 644 3307 super
654 3201 857 3307 quemdam
879 3201 1038 3291 librum,
1060 3218 1247 3306 apertum,
1269 3202 1309 3277 in
1322 3229 1397 3307 quo
1415 3220 1492 3280 erat
1511 3232 1644 3313 ymago
1660 3207 1750 3287 Cru-

332 3334 446 3419 eifixi,
469 3332 572 3438 quod
591 3357 668 3407 non
683 3329 864 3406 revelaret
878 3346 1017 3406 secreta
1033 3329 1297 3436 capitulorum,
1315 3349 1354 3408 et
1368 3332 1471 3438 quod
1485 3355 1648 3415 servaret
1660 3367 1748 3417 usus

332 3480 368 3540 et
388 3462 681 3540 consuetudines
705 3461 770 3567 qui
790 3476 880 3536 tunc
905 3477 1011 3536 erant
1030 3462 1068 3536 in
1090 3461 1222 3537 ordine
1249 3463 1372 3568 etqui
1392 3463 1432 3538 in
1460 3481 1653 3568 posterum
1677 3469 1748 3543 im-

330 3610 559 3697 ponerentur
579 3620 646 3697 per
672 3591 905 3698 Magistrum,
929 3609 965 3667 et
985 3592 1091 3697 quod
1118 3591 1328 3697 acquireret
1360 3592 1483 3669 ordini
1508 3595 1747 3700 quibuscum·

328 3752 400 3828 que
430 3721 571 3811 modis,
604 3749 680 3797 non
709 3721 950 3825 exprimendo
977 3721 1088 3797 licitis
1116 3721 1173 3797 vel
1204 3719 1360 3811 illicitis,
1393 3740 1430 3797 et
1458 3726 1562 3828 quod
1586 3744 1745 3802 servaret

327 3855 549 3942 castitatem,
573 3850 847 3937 obedienciam,
870 3867 908 3926 et
927 3851 1063 3926 viveret
1086 3850 1349 3955 sine'proprio.
1369 3851 1454 3942 Quo
1478 3849 1589 3939 lacto,
1622 3853 1742 3930 dictus

327 4001 496 4089 receptor
512 3983 550 4057 in
571 3982 949 4088 presencia'omnium
971 3979 1225 4086 predictorum
1239 3982 1405 4086 precepit
1420 3981 1455 4057 ei
1470 3983 1572 4088 quod
1583 4001 1739 4087 spueret

325 4130 382 4187 ter
396 4142 505 4219 supra
521 4114 657 4190 dictam
670 4114 897 4222 ymaginem
914 4129 1054 4189 etcum
1073 4111 1154 4216 ipse
1168 4108 1273 4186 testis
1286 4111 1651 4217 responderet‘quod
1668 4112 1741 4190 boc

325 4241 431 4317 nullo
448 4241 563 4318 modo
579 4242 726 4330 laceret,
748 4244 840 4320 dixit
855 4241 888 4319 ei
905 4241 1009 4349 quod
1025 4242 1097 4318 boc
1119 4239 1317 4346 oportebat
1332 4267 1419 4316 eum
1434 4240 1571 4330 facere,
1588 4242 1676 4347 quia
1691 4243 1741 4319 ita

323 4370 505 4447 faciebant
524 4369 585 4446 alii
602 4389 638 4448 et
652 4372 722 4448 boc
739 4387 816 4449 erat
837 4372 884 4448 de
899 4372 1047 4477 punctis
1065 4371 1226 4456 ordinis,
1250 4387 1288 4445 et
1306 4368 1411 4475 quod
1428 4368 1565 4446 laceret
1576 4370 1739 4477 predicta

323 4519 359 4574 et
383 4529 457 4578 non
483 4519 644 4590 curaret,
671 4503 758 4607 quia
783 4529 859 4576 non
885 4517 1037 4606 propter
1062 4499 1134 4574 boe
1160 4499 1284 4575 minus
1309 4499 1462 4587 valeret3
1489 4515 1527 4574 et
1549 4515 1642 4576 tunc
1659 4499 1738 4604 ipse

322 4633 425 4705 testis
448 4633 546 4735 spuit
571 4649 628 4708 ter
648 4658 758 4735 supra
785 4630 920 4705 dictam
947 4629 1169 4735 ymaginem.
1201 4631 1287 4722 Quo
1317 4628 1430 4715 laeto,
1461 4629 1736 4735 imposuitsibi

323 4759 556 4844 mantellum,
576 4761 675 4836 dicto
697 4759 902 4863 presbitero
922 4758 1068 4835 dicente
1082 4757 1259 4861 quasdam
1278 4760 1486 4846 oraciones,
1510 4777 1547 4836 et
1564 4775 1735 4863 receptor
