4230 5956
500 458 574 530 mr
881 436 1076 527 procos
1106 453 1202 526 ons
1232 453 1539 527 rennuens..

499 597 654 673 fuerunt
671 593 865 701 protostrti
884 611 970 670 onte
984 592 1245 699 juramentum
1263 591 1477 696 predictum
1496 592 1599 699 φα]
1614 619 1701 673 non¹
1716 594 1922 675 intendunt

499 725 678 801 recedere
702 751 723 800 a
747 720 1051 828 deposicionibus
1075 747 1143 826 per
1166 746 1232 799 eos
1255 720 1348 799 ilios
1371 719 1479 799 iactis
1506 748 1633 803 rorum
1658 720 1816 805 domino
1840 728 1920 831 opi-

360 920 363 924 ,
501 882 613 960 scopo
625 851 944 942 Clnmmontensi,
963 850 1046 928 etsi
1065 849 1158 957 quid
1176 849 1264 954 plus
1281 850 1340 927 vel
1358 849 1487 931 minus
1506 850 1692 943 dinami,
1714 852 1823 959 quod
1840 882 1919 937 non

499 982 708 1088 prejudicet
732 981 796 1058 eis.
819 981 906 1073 Quo
926 979 1039 1068 iacto,
1064 979 1187 1058 dictus
1205 977 1320 1058 irater
1342 980 1454 1084 nugo
1479 978 1529 1061 de
1546 980 1695 1071 lansec,
1714 982 1921 1090 quadrage-

500 1112 626 1187 narius
643 1110 703 1189 vel
719 1111 831 1200 circo,
852 1111 917 1216 qui
937 1108 1158 1187 montellum
1181 1107 1391 1187 voluntarie
1415 1107 1611 1189 dimisero
1627 1126 1668 1189 et
1684 1110 1767 1191 rodi
1785 1111 1921 1193 iooornt

499 1239 573 1317 sibi
590 1238 762 1330 barbam,
779 1267 866 1316 cum
885 1266 966 1345 quo
983 1237 1207 1343 inquisitum
1225 1235 1363 1328 luerat,
1383 1236 1586 1321 mmlntro
1601 1241 1921 1323 ot·r0e0nciliotur

500 1396 568 1472 per
580 1368 779 1445 dominnm
797 1367 1013 1473 episcopum
1029 1365 1398 1457 Cloronrontonsern,
1420 1364 1528 1447 lectis
1541 1365 1795 1474 etdiligenter
1808 1397 1920 1474 expo

500 1496 581 1573 sitis
606 1496 679 1573 sibi
707 1495 947 1589 omnibusot
971 1495 1129 1604 sinffilis
1154 1493 1339 1584 truculis,
1367 1495 1565 1601 rospondit
1589 1524 1633 1577 oe.
1652 1497 1814 1588 nescire,
1848 1526 1919 1577 nec

500 1626 671 1717 credere,
700 1653 770 1702 nco
788 1624 974 1703 audiuisse
993 1624 1066 1703 dici
1085 1625 1136 1703 do
1150 1624 1336 1703 contentis
1362 1624 1401 1701 in
1422 1625 1480 1705 eis
1495 1625 1698 1732 nisi.quod
1722 1629 1915 1733 seqnitur:

498 1752 672 1832 videlicet
690 1754 797 1860 quod
815 1754 900 1861 ipse
917 1771 1093 1860 receptus
1110 1753 1230 1833 iucmt
1255 1781 1324 1859 per
1347 1751 1501 1837 fratrem
1524 1755 1681 1837 Petrum
1704 1756 1753 1841 do
1774 1757 1916 1835 Mndito

498 1883 661 1960 militem
674 1885 885 1990 quondam,
903 1884 945 1961 'm
955 1882 1094 1990 capello
1110 1883 1247 1961 domus
1263 1882 1416 1988 Templi
1430 1883 1480 1963 de
1492 1884 1632 1965 Folhos
1645 1884 1806 1967 diocesis
1817 1887 1916 1967 Xon·

496 2014 682 2101 tenensis,
699 2013 794 2090 circe
807 2013 979 2090 medium
990 2012 1201 2119 Augustum
1219 2013 1423 2095 instantem
1439 2031 1554 2091 erunt
1577 2040 1624 2097 ιι
1644 2014 1755 2109 enni,
1772 2042 1918 2119 preren

498 2142 601 2218 tibus
618 2141 795 2219 frouibus
811 2145 952 2219 stmo
975 2142 1025 2219 de
1044 2141 1337 2248 Potmgoricinio
1358 2142 1559 2230 serviente.
1580 2143 1689 2249 cujus
1706 2170 1917 2249 cognomen

498 2271 660 2378 ignoret,
687 2271 878 2376 Stephano
905 2271 954 2347 do
979 2272 1107 2349 Monte
1131 2260 1252 2349 Acuto
1278 2270 1598 2356 Clommnmis
1617 2270 1796 2361 dioensis,
1821 2298 1916 2378 quos

499 2400 618 2477 credit
636 2400 777 2488 vivere;
802 2398 1010 2479 Guillolmo
1034 2399 1211 2481 Pictorini
1240 2418 1461 2508 preceptore
1487 2401 1536 2485 do
1560 2400 1693 2483 Castro
1714 2403 1914 2492 Bernnrdi‚

498 2544 537 2605 et
557 2529 720 2605 Robcrto
738 2526 893 2607 Guideti
918 2528 1179 2619 servientibus,
1205 2529 1419 2609 deiiunctis.
1439 2529 1472 2609 A
1488 2558 1574 2636 quo·
1592 2545 1786 2642 receptore
1799 2531 1915 2635 potita

497 2659 671 2736 societate
693 2656 836 2735 ordinis
859 2672 898 2733 et
921 2657 956 2733 ei
978 2684 1171 2745 concesse,
1195 2656 1284 2739 [crit
1306 2685 1542 2743 eumvorore
1567 2676 1606 2735 et
1621 2658 1750 2764 jurem
1774 2661 1916 2739 metito·

495 2805 589 2880 tem,
606 2786 888 2873 obedienciam,
903 2786 1024 2864 vivore
1043 2786 1123 2863 sino
1138 2786 1307 2892 proprio,
1327 2814 1475 2867 sorvnro
1490 2786 1616 2873 ὴοιὶοε,
1632 2816 1725 2865 uuis
1740 2788 1804 2894 qui
1826 2805 1915 2865 tunc

496 2935 601 2995 erant
615 2918 654 2994 in
673 2917 808 2993 ordine
824 2917 943 3020 etqui
961 2917 1002 2993 in
1017 2931 1212 3022 posterum
1229 2916 1517 3021 imponerentur
1531 2916 1580 3001 do
1598 2915 1756 3005 consito
1775 2917 1913 3021 probo-

497 3075 583 3121 rum
609 3045 768 3131 ordinis,
799 3072 877 3122 non
903 3045 1065 3123 revelem
1094 3061 1235 3125 seorsis
1261 3045 1550 3151 capitoliorum..
1575 3061 1614 3123 et
1631 3043 1736 3150 qnod
1755 3072 1833 3121 non
1854 3045 1913 3121 di-

496 3175 662 3250 mitteret
692 3173 865 3249 ordinem
893 3202 962 3278 pro
987 3173 1136 3251 forciori
1164 3173 1223 3250 vel
1250 3173 1438 3252 debiliori.
1469 3177 1658 3281 Postque
1685 3175 1851 3280 precepit
1878 3177 1912 3250 ei
1949 3166 1954 3177 '

496 3304 598 3379 idem
622 3317 803 3406 receptor,
824 3303 863 3377 in
883 3303 1073 3406 presencia
1094 3301 1274 3392 nliornm,
1302 3306 1407 3409 quod
1431 3303 1633 3411 nbnngerot
1655 3303 1798 3395 neum,
1826 3306 1914 3411 quia

495 3434 570 3509 boc
590 3448 668 3508 eret
684 3457 727 3508 ex
745 3447 921 3536 precepto
934 3431 1094 3519 ordinis,
1116 3449 1154 3507 et
1172 3432 1251 3536 ipse
1266 3433 1392 3521 tostis,
1406 3435 1474 3541 qui
1484 3435 1635 3542 juvenis
1649 3451 1728 3511 erat
1742 3451 1852 3523 tunc,
1871 3453 1912 3511 nt

497 3562 606 3652 dixit,
625 3559 818 3667 abnegavit
829 3559 952 3637 Deum
966 3585 1049 3647 ore,
1065 3587 1141 3639 non
1153 3561 1279 3639 corde.
1291 3561 1440 3647 Deinde
1460 3561 1569 3643 ulau
1589 3564 1911 3669 nescitperquem

495 3720 539 3767 ex
556 3690 666 3768 dictis
689 3688 869 3767 iratribus·
883 3688 1047 3795 quadam
1067 3718 1176 3769 cruce
1202 3691 1396 3777 metallino
1418 3693 1457 3771 in
1475 3722 1550 3799 que
1567 3709 1648 3771 oret
1663 3720 1797 3799 ymago
1817 3694 1912 3771 Cru-

494 3820 610 3913 cinxi,
642 3838 681 3896 et
702 3821 741 3897 in
766 3818 916 3928 gremio·
941 3818 1112 3925 ejusdem
1138 3821 1342 3926 receptoria
1369 3820 1565 3911 collocato,
1593 3819 1760 3927 precepit
1785 3820 1909 3899 eidem

495 3952 579 4028 testi
605 3950 710 4055 quod
737 3965 889 4054 spueret
914 3975 1026 4053 super
1054 3947 1192 4027 dictam
1217 3978 1384 4039 crucem,
1417 3952 1558 4057 etipse
1580 3949 1686 4029 tostis
1708 3976 1788 4031 non
1808 3951 1911 4055 spuit

494 4107 606 4183 supro
629 4079 696 4156 sed
710 4079 828 4186 juxte.
855 4077 1105 4161 Postmodum
1125 4078 1222 4157 dixit·
1236 4080 1275 4163 ei
1287 4081 1392 4187 qttnd
1406 4079 1590 4161 iratribus·
1606 4078 1749 4163 ordinis
1765 4095 1911 4184 poternt
1944 4172 1950 4179 ι

494 4208 691 4285 carnaliter
705 4207 957 4297 commisceri,
975 4226 1013 4287 et
1026 4208 1097 4315 ipsi
1117 4237 1204 4291 oum
1222 4236 1288 4299 θος
1304 4210 1377 4287 hoc
1388 4226 1517 4293 tuneo
1530 4236 1610 4293 non
1628 4207 1734 4298 tecit,
1751 4235 1825 4293 nec.
1840 4208 1910 4287 init

492 4340 712 4447 requisitus,
729 4367 800 4416 nec
810 4339 1049 4446 creditquod
1061 4340 1100 4418 in
1112 4339 1249 4419 ordino
1263 4340 1381 4427 lieret
1398 4339 1487 4432 Quo
1497 4338 1611 4428 fecto,
1625 4338 1728 4419 idem
1741 4354 1911 4443 receptor

493 4469 565 4547 init
580 4469 769 4547 osculatus
785 4468 910 4574 ipsum
926 4484 1061 4547 testem
1077 4469 1116 4547 in
1128 4468 1309 4553 umbilico
1328 4496 1442 4573 super
1461 4484 1595 4558 restes,
1614 4484 1651 4545 ot
1665 4465 1909 4574 postmodnm

493 4598 673 4705 imposuit
696 4598 769 4677 sibi
789 4594 1028 4685 montelium,
1049 4597 1116 4674 sed
1138 4624 1209 4677 noc
1231 4599 1311 4703 ipse
1329 4615 1500 4705 receptor
1521 4624 1592 4685 nec
1610 4613 1786 4685 amentes,
1806 4595 1907 4703 qnod

493 4725 572 4831 ipre
588 4727 744 4818 recolet,
770 4726 925 4805 inerunt
950 4725 1073 4833 ipsum
1094 4742 1228 4811 testem
1253 4725 1411 4813 osculati
1432 4728 1477 4813 ir.
1487 4754 1571 4815 oto.
1588 4724 1907 4827 Alia-ittonam
