4230 5956
710 444 904 538 rnocus
930 464 1025 535 uns
1049 462 1347 535 rnurmnns.
1661 466 1733 536 317

378 603 423 676 llt
443 627 512 706 ego
529 600 687 677 lacobus
701 601 747 678 de
764 603 910 680 Virtuto
929 604 1085 680 clericus
1101 602 1404 681 Cathalaunensis
1418 600 1592 692 diocesis,
1613 603 1737 707 publi-

326 759 390 807 cus
402 731 581 835 imperiali
593 733 808 809 auctoritate
819 733 994 821 notarius,
1006 734 1195 839 premissis
1206 731 1501 810 confessionibus
1512 750 1548 808 et
1562 732 1738 810 omnibus

326 860 409 935 aliis
425 877 461 936 et
476 861 644 966 singulis,
666 881 778 967 prout
792 864 830 938 in
845 862 963 940 tribus
978 865 1085 939 cartis
1106 866 1170 940 scu
1185 864 1300 969 peciis
1315 861 1529 939 immediate
1544 860 1740 968 preceden

329 990 428 1066 tibus
442 991 546 1095 signo
559 1019 645 1066 meo
659 992 810 1097 signatis
821 993 966 1098 plenius
978 994 1228 1080 continentur,
1241 1020 1316 1069 una
1326 1020 1412 1068 cum
1418 991 1674 1097 suprascriptis
1687 1009 1742 1068 te-

330 1120 446 1197 stibus
462 1139 498 1196 et
511 1121 840 1227 magistrisAmisio
852 1123 898 1199 de
908 1123 1118 1212 Aureliano,
1130 1123 1296 1201 lohanne
1313 1124 1360 1199 de
1376 1121 1548 1211 Pruvino,
1561 1121 1742 1199 Gaulrido

332 1249 520 1357 llnguelor
535 1250 786 1357 dictoChalop
799 1269 837 1329 et
849 1254 974 1329 Eveno
991 1251 1086 1330 Phili
1108 1253 1266 1359 publicis
1280 1253 1446 1343 notariis,
1467 1279 1619 1358 presens
1638 1253 1745 1328 inter·

330 1381 400 1469 lui,
415 1382 508 1457 etde
525 1382 698 1458 mandato
714 1383 801 1459 dicti
821 1383 1048 1488 inquisitoris
1058 1383 1146 1460 huic
1158 1385 1402 1460 instrumento
1419 1411 1480 1460 me
1497 1383 1695 1489 subscripsi
1706 1384 1743 1458 in

329 1512 585 1593 testimonium
606 1513 891 1615 premissorum,
909 1514 1088 1619 signoque
1109 1542 1193 1592 meo
1214 1514 1322 1592 solito
1342 1514 1477 1621 signavi
1497 1530 1659 1620 rogatus.

382 1776 423 1850 ln
448 1775 601 1851 nomine
621 1775 774 1852 Domini
796 1805 914 1853 amen.
941 1777 1047 1854 Anno
1068 1779 1235 1884 ejusdem
1262 1777 1461 1853 millesimo
1484 1776 1742 1851 trecentesimo

329 1906 505 2008 septimo,
527 1905 714 1982 indicione
728 1923 983 1994 sexta,1nense
999 1907 1178 1993 octobris,
1199 1906 1371 1983 vicesima
1388 1906 1545 2010 septima
1566 1904 1625 1979 die
1646 1904 1745 2009 ejus-

332 2035 419 2108 dem
437 2033 590 2120 mensis,
607 2034 842 2137 pontificatus
857 2035 1075 2111 sanctissimi
1095 2036 1210 2139 patris
1229 2034 1373 2110 domini
1394 2033 1597 2111 Clementis
1621 2032 1744 2109 divina

330 2161 566 2263 providencia
586 2189 706 2268 pappe
732 2165 854 2267 quinti
865 2190 971 2239 anno
997 2163 1178 2251 secundo,
1206 2192 1274 2269 per
1291 2166 1446 2270 pr'esens
1468 2162 1662 2269 publicum
1689 2164 1747 2237 in·

331 2307 582 2367 strumentum
603 2309 726 2395 pateat
745 2293 926 2369 universis
945 2293 1049 2399 quod
1070 2294 1288 2400 inreligiosi
1312 2311 1348 2369 et
1369 2294 1517 2369 honesti
1538 2292 1604 2368 viri
1625 2289 1746 2367 fratris

332 2420 523 2497 Guillelmi
551 2421 597 2498 dc
623 2423 757 2500 Sancto
776 2423 933 2500 Evurcio
957 2425 1093 2529 prioris
1117 2440 1321 2500 conventus
1344 2422 1627 2499 Predicatorum
1646 2421 1744 2497 Pari-

331 2553 424 2641 sius,
437 2553 868 2660 commissarii,religiosi
882 2554 1075 2630 ethonesti
1093 2556 1160 2631 viri
1173 2554 1296 2630 lratris
1310 2552 1506 2631 Guillermi
1526 2554 1574 2629 de
1589 2551 1748 2630 Parisius
1837 2643 1843 2651 ι

332 2683 562 2785 inquisitoris
576 2682 739 2759 heretice
751 2683 940 2788 pravitatis
953 2684 991 2760 in
1004 2712 1122 2790 regno
1136 2684 1305 2771 Francie,
1317 2684 1535 2760 auctoritate
1547 2681 1746 2788 apostolica

332 2811 518 2915 deputati,
534 2830 702 2889 nostrum
716 2813 946 2890 notariorum
956 2811 1196 2918 publicorum
1212 2831 1249 2890 et
1264 2811 1580 2917 infrascriptorum
1594 2810 1747 2887 testium

330 2943 541 3044 presencia,
553 2943 715 3018 indonro
725 2942 873 3049 Templi
885 2944 1109 3033 Parisiensis‚
1121 2942 1394 3050 personnaliter
1403 2942 1627 3019 constitutus
1635 2938 1749 3017 [mter

333 3071 541 3147 bernardus
566 3072 613 3146 de
638 3074 766 3150 Brocia
795 3090 920 3151 custos
948 3074 1084 3152 domus
1109 3074 1156 3151 de
1182 3074 1330 3178 Samay,
1353 3072 1459 3149 etatis
1482 3070 1750 3177 quinquaginta

332 3227 533 3289 annorum,
551 3220 594 3277 ut
608 3202 771 3292 dicebat,
787 3206 890 3281 testis
904 3206 1052 3310 juratus
1070 3204 1116 3280 de
1133 3233 1172 3281 se
1193 3222 1231 3280 et
1245 3203 1326 3279 aliis
1343 3203 1382 3279 in
1399 3230 1506 3280 causa
1520 3199 1609 3276 fidei
1625 3200 1749 3277 dicere

333 3330 541 3418 veritatem,
564 3331 656 3408 dixit
674 3361 742 3437 per
755 3335 1011 3440 juramentum
1032 3363 1142 3412 suum
1162 3334 1266 3442 quod
1291 3351 1461 3439 receptus
1482 3331 1554 3408 fuit
1575 3332 1615 3409 in
1636 3330 1750 3408 domo

333 3461 380 3535 (le
396 3461 494 3539 Malo
514 3463 931 3569 Repastu,perlratrem
951 3467 1158 3543 Johannem
1172 3465 1358 3541 deTurno
1377 3463 1650 3540 thesaurarium
1658 3478 1752 3538 tunc

333 3591 590 3681 Parisiensem‚
615 3594 745 3671 decem
763 3598 850 3671 anni
870 3614 957 3673 sunt
975 3598 1088 3702 elapsi
1113 3595 1169 3671 vel
1191 3597 1302 3680 circa,
1325 3592 1417 3668 dixit
1436 3592 1550 3667 eciam
1567 3617 1636 3695 per
1649 3589 1753 3696 jura-

334 3739 502 3833 mentum
519 3751 629 3799 suum
645 3725 767 3829 quod,
786 3743 870 3831 post
885 3725 1021 3801 multas
1040 3723 1306 3830 promissiones
1325 3722 1371 3797 dc
1387 3720 1531 3797 statutis
1549 3736 1587 3795 et
1602 3720 1751 3795 secretis

336 3851 478 3928 ordinis
495 3851 752 3941 observandis,
775 3871 811 3930 et
831 3853 1005 3930 mantello
1026 3854 1096 3930 sibi
1118 3851 1165 3929 ad
1185 3850 1323 3928 collum
1343 3851 1485 3955 posito,
1519 3849 1582 3927 ille
1605 3849 1669 3955 qui
1694 3878 1753 3925 re-

338 3980 435 4083 cepit
450 4008 538 4057 eum
549 3984 716 4087 precepit
733 3984 803 4060 sibi
815 3982 919 4090 quod
931 3982 1162 4059 oscularetur
1171 4008 1259 4057 eum
1275 3982 1312 4056 in
1329 3978 1520 4070 umbilico,
1534 3978 1639 4085 quod
1647 3978 1749 4067 lecit,

338 4126 376 4183 et
385 4111 560 4212 posteain
576 4140 658 4201 orc3
670 4141 747 4219 quo
762 4112 876 4202 facto,
896 4112 1060 4190 ostendit
1074 4111 1146 4188 sibi
1164 4111 1362 4216 quamdam
1375 4137 1522 4186 crucem
1534 4109 1575 4185 in
1589 4137 1665 4216 qua
1677 4126 1754 4187 erat

336 4265 470 4343 ymago
478 4238 595 4317 Jhesu
604 4241 811 4331 Christi,et
820 4242 907 4320 lecit
917 4270 1005 4320 eum
1016 4241 1198 4347 abnegare
1208 4240 1361 4318 lhesum
1370 4241 1559 4319 Christum
1572 4257 1609 4316 et
1620 4267 1753 4344 spuere

337 4366 452 4444 semel
471 4397 586 4474 supcr
602 4400 763 4448 crucem.
784 4372 883 4450 Dixit
899 4374 1013 4449 eciam
1034 4401 1102 4478 per
1115 4375 1369 4481 juramentum
1389 4400 1499 4450 suurn
1514 4370 1618 4477 quod
1632 4368 1752 4444 dictus

337 4499 521 4603 recipiens
541 4502 707 4606 precepit
740 4502 810 4579 sibi
845 4505 949 4610 quod
972 4504 1124 4582 omnino
1154 4504 1354 4580 abstineret
1378 4532 1399 4579 a
1422 4500 1659 4588 mulieribus,
1685 4496 1752 4575 sed

338 4625 447 4725 dabat
463 4629 533 4706 sibi
554 4629 745 4709 licenciam
767 4634 1032 4711 commiscendi
1047 4664 1085 4712 se
1102 4634 1294 4711 carnaliter
1309 4661 1394 4710 cum
1411 4630 1584 4708 frutribus
1604 4628 1694 4719 suis,
1715 4646 1753 4704 et

338 4759 439 4862 quod
457 4777 647 4864 pateretur
661 4762 708 4838 de
721 4764 830 4841 sociis
841 4765 916 4841 suis
928 4764 1012 4843 hoc.
1027 4766 1130 4843 ldem
1142 4765 1343 4872 requisitus
1355 4763 1403 4839 de
1419 4761 1599 4867 capite'de
1614 4788 1692 4868 quo
1712 4760 1754 4836 lit
