4230 5956
338 434 412 507 su
723 410 917 527 rnocns
941 430 1037 502 ons
1063 428 1361 503 rnurunns.

336 575 404 649 tim
424 575 686 677 interrogatus,
708 571 940 676 respondens
961 570 1054 655 dixit
1070 571 1174 676 quod
1186 569 1423 676 predicti-qui
1444 568 1488 644 in·
1502 567 1754 647 articulislra-

335 722 411 781 tres
424 719 642 783 ‚asseruntur
660 698 773 778 fuisse
794 691 882 781 dicti
909 701 1051 790 ordinis
1062 701 1224 806 Templi,
1239 703 1505 808 cujuscumque
1526 698 1753 788 conditionis

335 832 390 910 illi
409 830 546 911 luerint
564 820 807 936 quieonfessi
827 848 913 907 sunt
931 859 1093 920 errores,
1115 830 1268 907 crimina
1290 847 1328 907 et
1347 829 1438 905 vicia
1457 829 1497 906 in
1508 829 1673 919 articulis
1687 857 1754 905 no·

336 964 489 1048 minata,
514 961 604 1038 dicit
623 959 708 1037 illos
726 988 803 1037 non
823 959 935 1040 fuisse
961 958 1091 1037 fratres
1109 959 1274 1066 Templi,
1303 959 1369 1035 sed
1391 957 1562 1037 diabolos
1592 958 1631 1034 in
1658 958 1753 1063 pelle

338 1094 533 1174 hominum
561 1092 783 1180 incamatos3
806 1119 850 1169 eo
876 1090 980 1195 quod
1004 1088 1199 1177 salsitatem
1224 1090 1263 1164 in
1288 1088 1461 1166 omnibus
1483 1105 1520 1164 et
1545 1088 1755 1192 peremnia

339 1223 508 1303 dixerunt
527 1238 564 1298 et
583 1220 738 1297 confessi
759 1235 858 1308 sunt,
880 1220 1030 1297 veritate
1049 1248 1202 1326 prorsus
1222 1218 1498 1310 exclusasicut¹
1517 1218 1596 1322 ipse
1615 1217 1681 1324 qui
1699 1216 1756 1292 lo-

339 1354 465 1457 quitur
484 1351 643 1427 firmiter
661 1367 784 1454 sperat
804 1349 991 1442 etcredit,
1006 1349 1103 1427 salva
1119 1378 1267 1455 semper
1278 1349 1467 1427 sanctitate
1483 1327 1521 1424 et
1540 1348 1756 1427 excellentia

341 1481 560 1580 sanctissimi
582 1481 724 1561 domini
746 1482 861 1558 nostri
883 1510 978 1587 pape
999 1499 1037 1577 et
1056 1480 1135 1587 ejus
1155 1481 1247 1559 sacri
1269 1480 1494 1571 consistorii,
1515 1508 1679 1586 quorum
1695 1479 1758 1554 ho

339 1615 419 1690 nori
435 1612 647 1705 nullatenus
656 1612 816 1688 intendit
826 1611 1040 1699 detrahere,
1053 1610 1140 1687 licet
1155 1611 1248 1688 dixit
1260 1611 1381 1688 dictos
1395 1609 1523 1687 fratres
1537 1608 1758 1688 confitentes

339 1744 536 1830 salsitatem
568 1743 700 1819 dixisse
733 1743 772 1818 in
790 1743 866 1819 suis
893 1741 1189 1819 confessionibus
1208 1759 1245 1816 et
1270 1742 1460 1816 veritatem
1481 1768 1547 1845 per
1562 1741 1688 1816 omnia
1706 1757 1759 1815 ta·

341 1875 475 1964 cuisse‚
498 1892 540 1950 ut
559 1872 689 1949 credit.
845 1971 848 1976 ι

396 2003 453 2081 Ad
474 2003 591 2080 lxxxvi
607 2001 804 2079 articulum
820 2001 1015 2106 diligenter
1027 2003 1288 2109 interrogatus,
1306 2000 1535 2106 respondens
1549 2000 1642 2076 dixit
1656 2000 1759 2106 quod

341 2133 453 2207 frater
476 2132 716 2238 Raymuudus
740 2131 787 2207 de
813 2133 909 2223 Baco
932 2148 1023 2215 tunc
1049 2148 1245 2236 preceptor
1273 2131 1371 2208 dicte
1399 2131 1533 2207 domus
1551 2130 1670 2206 Mansi
1689 2131 1758 2206 Dei

316 2327 319 2332 .
342 2263 482 2370 reecpit
502 2263 623 2366 ipsum
644 2261 792 2347 fratrem
815 2262 881 2365 qui
902 2261 1069 2366 loquitur
1088 2261 1126 2336 in
1146 2259 1296 2337 fratrem
1317 2261 1405 2336 dicti
1426 2260 1582 2346 ordinis,
1606 2259 1669 2339 die
1684 2261 1759 2335 Do-

341 2391 476 2468 minica
494 2391 612 2496 prima
637 2409 721 2494 post
747 2390 882 2466 festum
907 2392 1025 2473 sancti
1049 2392 1198 2469 Andree
1220 2393 1385 2498 proxime
1406 2391 1574 2497 preteriti
1607 2389 1761 2466 fuerunt

341 2547 408 2609 xxx
428 2523 514 2599 anni
537 2521 649 2626 elapsi
669 2520 725 2597 vel
742 2522 855 2609 circa,
872 2523 909 2596 in
929 2521 1183 2626 capella-dicte
1205 2520 1340 2603 domus
1357 2522 1473 2608 Mansi
1493 2521 1583 2608 Dei,
1608 2547 1759 2625 presen-

339 2651 440 2731 tibus
451 2669 490 2728 et
498 2648 639 2729 ibidem
655 2650 860 2741 astantibus
870 2650 1011 2729 Jacobo
1023 2651 1070 2733 de
1084 2647 1236 2740 Oleniis,
1253 2652 1362 2728 Petro
1378 2650 1427 2726 de
1442 2650 1767 2755 Camporotundo,

232 2770 235 2775 ⁵
342 2800 380 2859 et
401 2783 563 2861 lordano
586 2783 632 2858 de
652 2781 883 2871 Pulcrovisu,
906 2799 943 2856 et
957 2780 1130 2887 pluribus
1144 2781 1226 2857 aliis
1243 2780 1419 2870 fratribus
1437 2780 1534 2857 dicti·
1547 2779 1701 2856 ordinis.

395 2913 452 2990 De
472 2913 588 2991 modo
603 2928 728 2989 autem
751 2940 818 2991 sue
841 2913 1070 3018 recepcionis
1093 2929 1131 2993 et
1150 2912 1451 3016 contingentibus
1471 2909 1645 2997 eandem,
1669 2909 1761 2985 dixit

343 3042 444 3120 idam
462 3045 501 3119 in
524 3044 660 3125 ellectu
684 3042 780 3119 sicut
795 3041 909 3119 frater
928 3042 1212 3121 Bartholomeus
1230 3043 1289 3120 de
1316 3042 1455 3131 Turre,
1475 3039 1619 3144 primus
1638 3040 1756 3124 testis,

343 3169 434 3244 dixit
452 3189 489 3245 et
508 3171 680 3272 deposuit
700 3172 736 3243 in
756 3168 828 3245 hoc
849 3172 982 3246 eodem
1003 3171 1170 3247 articulo.

401 3298 459 3377 td
478 3298 609 3387 lxxxvii
635 3315 672 3373 et
692 3300 838 3375 lxxxviii
859 3316 896 3374 et
916 3299 1096 3387 ultimum
1110 3301 1284 3376 articulos
1302 3301 1498 3405 diligenter
1518 3317 1555 3375 et
1572 3297 1758 3404 sigillatim

245 3498 248 3506 .
345 3430 607 3535 interrogatus,
631 3427 858 3531 respondeus
879 3428 969 3504 dixit
989 3458 1028 3507 se
1048 3410 1162 3504 nichil
1183 3430 1273 3506 scire
1294 3430 1339 3505 de
1362 3431 1545 3506 contentis
1564 3431 1605 3504 in
1622 3428 1686 3504 eis.

403 3561 522 3663 Super
534 3558 708 3634 aliisvero
719 3575 794 3634 tam
803 3559 1209 3665 circumstanciisquam
1219 3561 1481 3637 coherentibus
1496 3561 1584 3664 ipsis
1597 3557 1762 3634 'articulis

346 3687 542 3794 diligenter
556 3688 817 3794 interrogatus,
836 3689 928 3767 dixit
940 3718 978 3766 se
999 3690 1139 3766 nescire
1160 3689 1267 3794 plura
1287 3719 1354 3766 nec
1369 3692 1519 3767 credere
1536 3690 1640 3766 aliter
1660 3689 1759 3793 quod

346 3821 514 3925 superius
530 3837 585 3895 est
606 3819 807 3896 consessus.

401 4079 558 4184 Explicit
577 4081 767 4186 inquisitio
788 4108 854 4184 per
870 4109 939 4156 nos
959 4080 1156 4159 Elnensem
1177 4083 1392 4187 episcopum
1414 4099 1518 4187 cepta
1540 4099 1665 4157 contra
1682 4110 1760 4184 pre·

346 4202 464 4286 dictos
483 4210 613 4287 fratres
633 4210 770 4286 milicie
791 4210 955 4315 Templi,
974 4240 1017 4287 ex
1032 4212 1295 4289 commissione
1312 4212 1418 4288 nobis
1435 4210 1527 4288 sacta
1544 4240 1610 4315 per
1623 4213 1760 4288 Sedena

347 4342 603 4445 apostolicam,
627 4369 739 4447 super
758 4341 918 4416 articulis
937 4370 957 4416 a
977 4341 1074 4419 dicta
1096 4341 1192 4418 Sede
1212 4343 1322 4418 nohis
1335 4341 1556 4418 transmissis
1571 4358 1609 4416 et
1624 4371 1644 4416 a
1657 4370 1761 4416 reve-

346 4472 463 4547 rendo
477 4471 515 4548 in
529 4472 678 4552 Christo
699 4489 801 4577 patre
817 4488 853 4547 et
869 4470 1020 4547 domino
1036 4472 1168 4577 Egidio
1183 4489 1306 4547 sancte
1320 4471 1595 4548 Narbonnensis
1609 4469 1763 4546 ecclesie

348 4602 641 4707 archiepiscopo,
657 4604 721 4707 qui
738 4602 954 4677 auctoritate
978 4620 1205 4678 sacrosancte
1227 4602 1335 4680 Sedis
1356 4603 1522 4707 predicte
1545 4602 1763 4679 litteratorie

349 4730 630 4832 inquisitionem
642 4733 737 4808 hanc
753 4761 818 4837 per
830 4761 898 4811 nos
912 4733 1078 4837 precepit
1092 4731 1190 4822 fieri,
1208 4751 1321 4838 prout
1331 4733 1378 4810 de
1390 4733 1464 4809 hiis
1478 4760 1520 4808 ex
1537 4731 1765 4837 preambnlis
