4230 5956
1206 344 1216 393 t

706 438 900 530 nuocbs
925 456 1020 529 ons
1044 456 1348 529 renuimus.
1660 462 1729 533 321

321 612 360 674 et
374 594 551 685 mantello
569 594 640 671 sibi
656 595 703 671 ad
717 596 858 672 collum
878 596 1017 701 posito,
1034 596 1155 672 dictus
1168 596 1351 702 recipiens
1365 598 1532 702 precepit
1545 598 1615 675 sibi
1630 601 1735 705 quod

320 724 549 801 oscularetur
559 753 646 801 eum
661 725 699 802 in
710 725 908 819 umbilico;
923 725 1028 832 quod
1042 723 1140 801 fecit.
1154 726 1255 802 Dixit
1274 725 1390 801 eciam
1406 754 1474 831 per
1480 727 1734 833 juramentum

319 884 429 932 suum
448 856 553 962 quod
572 858 610 931 in
630 857 819 961 presencia
847 856 1016 932 omnium
1038 855 1182 931 ibidem
1207 856 1457 933 assistencium
1482 858 1647 933 ostendit
1664 858 1736 936 sibi

320 986 520 1091 quamdam
538 1014 702 1075 crucem,
721 1005 758 1063 et
775 986 890 1092 peciit
908 985 954 1063 ab
976 1013 1021 1062 eo
1042 986 1143 1061 idem
1159 986 1342 1092 recipiens
1362 1003 1489 1063 utrum
1509 988 1678 1064 crederet
1697 989 1736 1063 in

320 1116 385 1193 ilio
410 1116 474 1222 qui
500 1144 629 1221 passus
647 1115 769 1192 suerat
787 1117 826 1193 in
847 1142 971 1206 cruce,
997 1116 1137 1219 etipse
1162 1116 1253 1192 dixit
1277 1116 1381 1222 quod
1404 1117 1471 1204 sic,
1499 1133 1537 1192 et
1558 1132 1650 1192 tunc
1674 1116 1735 1193 ille

320 1246 487 1352 precepit
505 1245 576 1323 sibi
597 1245 701 1352 quod
719 1246 916 1353 abnegaret
934 1247 1089 1322 Jhcsum
1109 1245 1300 1323 Christum
1319 1263 1386 1334 ter,
1407 1262 1444 1322 et
1462 1245 1566 1352 quod
1586 1264 1738 1352 spueret

319 1394 377 1452 ter
395 1404 505 1481 supra
519 1404 688 1463 crucem,
705 1394 742 1453 et
761 1377 834 1453 hoc
852 1377 931 1482 ipse
949 1374 1037 1451 fecit
1055 1393 1123 1451 ter.
1144 1376 1246 1453 Dixit
1266 1376 1383 1452 eciam
1402 1402 1469 1480 per
1483 1375 1736 1481 juramentum

320 1533 430 1582 suum
445 1503 549 1611 quod
563 1506 720 1612 injunxit
738 1505 809 1583 sibi
830 1506 951 1583 dictus
970 1522 1140 1610 receptor
1153 1506 1275 1611 quod,
1296 1507 1327 1582 si
1347 1504 1447 1583 calor
1468 1505 1642 1582 naturalis
1657 1534 1737 1582 mo-

318 1650 420 1711 veret
435 1662 537 1723 eum,
560 1635 817 1713 commisceret
835 1664 875 1714 se
895 1663 980 1714 cum
1000 1636 1110 1713 sociis
1129 1637 1223 1724 suis,
1238 1653 1275 1712 et
1288 1634 1361 1712 boc
1375 1664 1396 1711 a
1410 1636 1519 1713 sociis
1538 1635 1614 1713 suis
1633 1650 1737 1739 pate-

319 1782 432 1841 retur.
448 1765 591 1840 Tamen
606 1765 698 1842 dixit
711 1793 778 1871 per
788 1765 1043 1873 juramentum
1057 1795 1165 1842 suum
1178 1767 1281 1870 qood
1293 1793 1483 1871 nunquam
1494 1763 1593 1843 fecit.
1604 1765 1737 1870 Requi-

319 1896 413 1972 situs
429 1913 556 1972 utrum
576 1896 627 1984 vi,
658 1897 716 1973 vel
732 1914 836 1973 metu
855 1897 1012 1972 carceris
1030 1897 1087 1971 vel
1106 1913 1394 1983 tormentorum,
1420 1895 1583 2000 aliquam
1605 1894 1737 1973 dixerit

319 2024 513 2101 falsitatem
530 2024 588 2103 vel
608 2026 853 2102 immiscuerit
871 2027 910 2101 in
932 2025 1171 2130 deposicione
1191 2055 1272 2117 sua,
1295 2026 1385 2102 dixit
1403 2054 1471 2132 per
1479 2025 1735 2130 juramentum

320 2181 431 2231 suum
449 2152 552 2260 quod
569 2182 664 2244 non,
680 2154 797 2231 immo
814 2154 907 2230 dixit
924 2155 1127 2231 veritatem.

374 2416 468 2493 Item
492 2415 605 2493 frater
628 2415 851 2495 Guillelmus
881 2414 1105 2495 de‘Yvriaco
1134 2415 1245 2505 frater
1270 2418 1432 2493 serviens
1459 2417 1547 2494 dicti
1574 2416 1734 2503 ordinis,

321 2547 425 2623 etatis
436 2546 619 2652 sexaginta
633 2574 816 2624 annorum
831 2546 1053 2653 etamplius,
1074 2564 1117 2622 ut
1129 2547 1292 2635 dicebat,
1310 2547 1457 2653 juratus
1474 2546 1609 2624 eodem
1621 2546 1737 2624 modo

320 2693 358 2754 et
376 2677 577 2783 requisitus
593 2680 641 2755 de
655 2696 827 2785 tempore
841 2694 879 2753 et
889 2677 1004 2754 modo
1021 2706 1088 2753 sue
1101 2678 1345 2782 recepcionis,
1361 2676 1454 2753 dixit
1464 2705 1533 2781 per
1546 2677 1738 2784 juramen·

319 2823 400 2883 tum
415 2836 526 2884 suum
539 2808 643 2912 quod
655 2808 727 2885 suit
741 2825 912 2912 receptus
927 2807 1026 2912 apud
1037 2808 1229 2883 Yvriacum
1244 2809 1282 2882 in
1296 2807 1568 2912 Veuquecinio,
1589 2834 1656 2911 per
1669 2804 1737 2881 fra·

318 2952 416 3012 trem
424 2936 647 3013 Ymbertum
661 2937 934 3014 thesaurarium
943 2937 1212 3025 tuncParisius,
1224 2953 1260 3011 et
1275 2935 1367 3013 dixit
1380 2935 1484 3041 quod
1498 2934 1738 3042 quadraginta

319 3067 404 3142 anni
423 3083 511 3143 sunt
532 3066 636 3172 quod
653 3066 725 3144 suit
742 3084 930 3172 receptus,
952 3093 1029 3143 non
1049 3066 1266 3143 recordatur
1287 3066 1334 3140 de
1354 3064 1570 3143 nominibus
1589 3091 1739 3171 presen-

318 3196 431 3283 cium,
448 3196 536 3302 quia
547 3197 685 3273 mortui
699 3214 794 3273 sunt.
811 3196 913 3273 Dixit
926 3196 1041 3272 eciam
1052 3224 1119 3301 per
1127 3197 1383 3303 juramentum
1398 3223 1509 3272 suum
1519 3196 1641 3301 quod,
1653 3211 1739 3301 post

317 3325 455 3402 multas
467 3326 719 3403 observancias
739 3326 829 3403 dicti
849 3325 992 3403 ordinis
1012 3324 1140 3414 factas,
1157 3326 1277 3402 dictus
1296 3343 1467 3430 receptor
1484 3324 1651 3432 precepit
1665 3323 1737 3403 sibi

317 3454 422 3561 quod
443 3455 671 3533 oscularetur
690 3484 777 3534 eum
797 3457 837 3532 in
857 3484 922 3534 ore
943 3473 980 3533 et
1003 3455 1042 3531 in
1063 3455 1257 3545 umbilico,
1273 3455 1381 3561 quod>
1393 3455 1493 3532 secit.
1516 3456 1563 3532 Et
1581 3454 1738 3561 injunxit

318 3570 529 3690 sibi'quod‚
551 3586 582 3663 si
602 3586 702 3664 calor
718 3586 898 3663 naturalis
916 3602 1082 3662 moveret
1102 3613 1205 3673 eum,
1222 3585 1478 3661 commisceret
1496 3612 1536 3659 se
1559 3611 1646 3659 cum
1667 3582 1738 3657 fra·

317 3713 439 3791 tribus
458 3715 550 3804 suis,
573 3731 611 3790 et
629 3716 702 3792 boc
721 3731 911 3819 pateretur
927 3714 974 3789 de
995 3714 1074 3790 aliis
1093 3713 1279 3791 fratribus.
1300 3712 1401 3789 Dixit
1419 3713 1536 3789 eciam
1557 3739 1624 3817 per
1637 3710 1736 3818 jura·

318 3860 488 3921 mentum
505 3871 615 3920 suum
634 3843 740 3949 quod
753 3843 873 3920 dictus
890 3842 1074 3948 recipiens
1089 3843 1253 3920 ostendit
1267 3841 1336 3920 sibi
1351 3840 1548 3947 quamdam
1568 3867 1733 3929 crucem,

320 3989 358 4048 et
375 3972 463 4050 fecit
482 4000 568 4050 eum
588 4001 700 4078 super
719 4002 868 4051 crucem
888 4002 1024 4078 spuere
1046 3990 1105 4049 ter
1125 3990 1163 4050 et
1180 3990 1238 4050 ter
1257 3973 1439 4078 abnegare
1459 3969 1614 4048 Jhcsum
1632 3970 1737 4049 Chri·

319 4117 434 4188 stum,
447 4118 485 4177 et
495 4099 597 4191 fecit,
614 4119 656 4178 ut
669 4101 776 4191 dixit,
793 4103 941 4179 invitus.
957 4102 1171 4207 Requisitus
1185 4086 1311 4178 utru‘r‘n
1330 4100 1381 4191 vi,
1395 4099 1454 4178 vel
1465 4116 1569 4177 metu
1582 4100 1737 4178 carceris

318 4227 377 4306 vel
386 4245 677 4321 tormentorum,
689 4231 850 4337 aliquam
861 4231 994 4309 dixerit
1009 4229 1204 4307 salsitatem
1216 4228 1273 4306 vel
1281 4230 1527 4306 immiscuerit
1539 4231 1578 4306 in
1587 4229 1738 4334 deposi-

320 4357 425 4434 cione
436 4387 519 4448 sua,
532 4359 623 4436 dixit
633 4388 701 4465 per
705 4360 964 4468 juramentum
974 4389 1085 4438 suum
1092 4360 1196 4467 quod
1206 4387 1299 4449 nom
1311 4359 1427 4438 immo
1436 4360 1734 4438 dixitveritatem.

921 4502 934 4541 ἱ

373 4619 465 4696 Item
485 4618 596 4698 frater
610 4619 695 4699 Odo
711 4621 759 4698 de
778 4622 989 4727 Latigniaco
1010 4621 1133 4714 Sicco,
1155 4621 1260 4699 etatis
1274 4622 1539 4729 quinquaginta
1555 4646 1737 4699 annorum

319 4749 376 4826 vel
391 4749 505 4838 circa,
527 4766 571 4827 ut
591 4751 755 4842 dicebat,
771 4752 918 4860 juratus
937 4752 1073 4831 eodem
1092 4751 1207 4829 modo
1228 4769 1266 4829 et
1284 4752 1486 4859 requisitus
1505 4752 1553 4830 de
1567 4767 1735 4855 tempore

401 4899 507 4958 rnocts
524 4916 576 4958 ons
591 4917 817 4958 rennuens-
832 4918 864 4957 n.
1527 4899 1563 4965 lat
