4230 5956
631 460 1267 591 eaocnsussrsurmnns.
1509 474 1513 481 ·
1585 481 1656 554 515

248 635 284 694 et
300 617 430 692 litteris
440 645 482 692 ac
496 617 732 696 documentis
745 617 827 695 aliis
843 621 1215 726 extraprecedentem
1228 620 1434 725 inquestam
1448 621 1661 696 vacantibus

247 746 355 851 plene
375 764 485 852 patet.
509 749 614 824 Unde
641 749 688 825 ad
710 767 872 825 eternam
893 751 1112 827 memoriam
1132 751 1416 855 premissorum,
1442 750 1660 852 prelibatam

246 877 454 981 inquestam
470 906 580 953 manu
595 878 744 982 publica
757 879 894 983 triplici
910 878 1150 955 tabellionum
1166 879 1401 984 publicorum
1415 880 1605 984 scriptam,
1626 898 1662 957 et

247 1007 445 1116 diligenter
461 1037 529 1112 per
545 1008 665 1084 dictos
680 1008 897 1086 tabelliones
918 1010 1159 1089 examinatam
1177 1029 1213 1086 et
1232 1025 1474 1115 compertam,
1493 1026 1536 1084 ut
1548 1010 1593 1085 ab
1610 1011 1662 1087 eis

247 1137 447 1213 didicimus
466 1167 533 1244 per
557 1138 679 1215 omnia
703 1140 879 1214 veraciter
899 1140 1108 1228 convenire,
1132 1140 1374 1244 subscriptam
1400 1139 1516 1215 eciam
1535 1138 1581 1214 ab
1601 1167 1664 1217 eo-

247 1296 330 1343 rum
356 1266 522 1372 singulis,
546 1286 588 1343 ut
608 1268 723 1345 moris
746 1267 845 1373 apud
868 1295 932 1344 eos
957 1285 1027 1356 ost,
1053 1286 1090 1345 et
1110 1269 1223 1374 signis
1248 1268 1363 1345 solitis
1392 1268 1662 1373 subsignatum,

248 1424 392 1472 necnon
410 1426 429 1471 a
445 1397 596 1502 collegis
616 1425 682 1473 seu
704 1399 839 1473 uostris
860 1397 1190 1503 coinquisitoribus
1210 1398 1381 1473 Elneusis
1401 1397 1554 1474 ecclesie
1578 1397 1664 1475 viris

248 1526 519 1603 venerabilibus
542 1527 800 1603 archidiacono
826 1544 863 1602 et
889 1528 1053 1616 sacrista,
1078 1529 1283 1633 ceterisque
1311 1528 1397 1602 viris
1417 1528 1597 1633 religiosis
1618 1527 1664 1602 de

247 1637 385 1760 'quibus
404 1656 443 1730 in
468 1657 755 1760 precedentibus
775 1658 895 1764 agitur
915 1658 1112 1747 accersitis,
1132 1658 1351 1734 eorumdem
1373 1655 1596 1763 collegarum
1618 1658 1666 1732 si-

246 1785 342 1891 gillis
367 1802 404 1861 et
422 1804 549 1862 nostro
576 1787 692 1861 cereis
712 1804 749 1861 et
769 1787 1035 1892 pendentibus,
1058 1787 1144 1863 licet
1171 1788 1306 1864 diebus
1326 1803 1362 1861 et
1383 1786 1465 1863 loco
1492 1786 1663 1872 diversis,

247 1943 315 1992 nos
339 1933 465 1990 tamen
494 1916 593 2019 apud
620 1916 768 2003 Eluam,
796 1917 834 1991 in
861 1917 974 1993 domo
1002 1934 1126 1992 nostra
1147 1915 1362 2021 episcopali,
1394 1944 1491 1993 anno
1514 1917 1665 1994 Domini

248 2044 448 2122 millesimo
460 2046 720 2122 trecentesimo
737 2046 899 2133 decimo,
917 2074 941 2123 rr
957 2046 1132 2123 kalendas
1145 2043 1380 2152 septembris,
1397 2046 1552 2125 lecimus
1563 2076 1666 2124 com·

251 2202 399 2252 munus.

303 2438 381 2542 Ego
398 2466 483 2514 vero
504 2439 632 2514 Petrus
652 2408 837 2544 Gayraudi
853 2440 1010 2517 clericus
1029 2457 1065 2517 et
1084 2440 1250 2518 notarius
1276 2439 1449 2546 publicus
1471 2439 1666 2516 reverendi

247 2567 286 2641 in
308 2566 454 2643 Christo
480 2568 592 2672 patris
617 2569 760 2644 domini
792 2569 956 2675 episcopi
984 2570 1203 2675 supradicti,
1232 2570 1410 2675 predictis
1435 2569 1611 2646 omnibus
1629 2585 1667 2644 et

248 2696 402 2801 singulis
430 2697 596 2786 interlui,
624 2714 661 2773 et
682 2727 724 2775 ea
746 2700 871 2774 omnia
893 2727 1006 2775 manu
1035 2679 1183 2805 propria
1206 2699 1351 2804 scripsi,
1382 2701 1482 2776 etin
1508 2698 1665 2775 sormam

248 2826 435 2930 publicam
454 2828 598 2932 redegi,
619 2845 656 2903 et
675 2829 778 2934 signo
800 2857 885 2905 meo
903 2844 1080 2904 consueto
1101 2828 1251 2934 signavi.
1274 2828 1326 2931 (L.
1344 2828 1398 2931 S.)
1423 2818 1424 2822 ¹
1484 2910 1486 2915 k

303 3087 380 3190 Ego
393 3086 522 3162 Petrus
532 3087 721 3191 Raynaudi
739 3085 908 3176 clericus,
926 3088 1092 3163 notarius
1107 3088 1154 3163 ad
1165 3087 1330 3192 predicta
1340 3114 1408 3192 per
1419 3085 1665 3163 reverendum

250 3215 444 3292 dominum
456 3215 654 3292 Elncnsem
675 3216 892 3322 episcopum
908 3216 1118 3322 predictum
1135 3217 1375 3307 constitutus,
1397 3216 1486 3292 huic
1502 3217 1666 3321 presenti

248 3346 487 3450 inquisicioni
517 3374 669 3451 presens
699 3345 770 3436 fui,
801 3365 837 3422 et
863 3346 963 3424 dicto
990 3347 1163 3425 mandato
1191 3346 1306 3450 ipsius
1332 3347 1477 3426 domiui
1503 3347 1689 3452 episcopi¹

251 3475 468 3582 subscripsi,
491 3494 527 3553 et
542 3478 614 3552 boc
628 3477 775 3582 siguum
796 3475 878 3554 leci.
904 3478 967 3579 (L.·
985 3479 1040 3579 S.)

304 3736 382 3838 Ego
404 3732 593 3811 lohannes
613 3734 660 3810 de
685 3732 878 3811 Villaclara
898 3732 1130 3809 notarius‘ad
1149 3733 1315 3838 predicta
1334 3762 1402 3840 per
1420 3735 1665 3810 reverendum

249 3863 445 3940 dominum
461 3860 658 3938 Elnensem
674 3864 888 3968 episcopum
908 3862 1117 3968 predictum
1138 3864 1377 3952 constitutus,
1400 3864 1488 3941 huic
1503 3867 1665 3969 presenti

249 3992 486 4099 inquisicioni
507 4021 657 4099 presens
682 3992 850 4082 interlui,
873 3994 976 4070 etde
998 3993 1170 4071 mandato
1193 3995 1308 4100 ipsius
1332 3995 1475 4072 domini
1503 3994 1664 4101 episcopi

249 4123 465 4229 subscripsi,
487 4140 525 4202 et
543 4152 628 4200 meo
651 4122 801 4228 publico
822 4140 859 4199 et
878 4122 987 4201 solito
1009 4122 1217 4230 subsignavi
1238 4125 1356 4232 signo.
1378 4126 1436 4229 (L.
1454 4124 1508 4226 S.)

740 4504 795 4553 rut
826 4504 873 4554 DU
902 4501 1002 4556 ΤΟΜΕ
1033 4503 1182 4555 SECOM).
