4230 5956
466 475 536 546 108
777 460 779 465 ’
847 453 1040 545 vnocss
1067 473 1490 546 oasrnuenrnns.

463 615 667 693 dicendum
686 614 869 721 predicta,
892 613 1087 719 respondit
1102 613 1206 720 quod
1227 642 1321 703 non,
1342 641 1412 692 nec
1426 613 1532 720 quod
1546 612 1682 720 aliquis
1703 617 1737 693 ei
1755 616 1877 694 fuerat

463 745 725 822 comminatus.

520 876 712 953 Predictus
741 874 853 952 irater
882 874 1071 953 Jobannes
1095 872 1266 950 Durandi
1294 872 1386 951 dixit
1417 901 1541 951 coram
1573 875 1682 952 dictis
1711 877 1876 955 dominis

464 1005 725 1082 commissariis
750 1034 788 1082 se
812 1004 926 1082 fuisse
944 1004 1144 1080 mentitum
1167 1030 1291 1080 coram
1316 1003 1429 1079 eisin
1453 1003 1525 1080 alia
1551 1032 1617 1081 sua
1635 1004 1876 1112 deposicione

464 1136 557 1212 facta
575 1162 697 1212 coram
717 1136 789 1225 eis;
810 1152 848 1212 et
857 1134 1071 1242 juramento
1088 1162 1156 1239 per
1170 1161 1258 1209 eum
1273 1133 1450 1238 prestito,
1468 1134 1562 1212 dixit
1575 1134 1739 1240 quodin
1756 1164 1880 1242 recep

466 1266 572 1342 cione
594 1292 660 1342 sua
671 1263 873 1373 abnegavit
890 1265 1045 1342 Jhesum
1068 1292 1133 1341 ore
1152 1291 1230 1340 non
1250 1261 1384 1354 corde,
1413 1264 1462 1342 de
1485 1264 1661 1341 mandato
1677 1268 1879 1371 receptoria

464 1396 542 1485 sui,
559 1395 795 1500 presentibus
811 1413 848 1472 et
861 1393 1070 1472 viventibus
1086 1393 1262 1471 fratribus
1277 1392 1447 1471 Gerardo
1463 1393 1511 1471 de
1525 1396 1655 1502 Nonay
1671 1397 1876 1502 etHngone

467 1524 514 1601 de
534 1525 683 1614 Narsac,
715 1525 753 1599 in
780 1551 945 1630 quorum
972 1523 1086 1599 eciam
1110 1522 1303 1628 presencia
1329 1523 1497 1629 precepit
1527 1523 1562 1600 ei
1594 1524 1698 1631 quod
1728 1543 1880 1630 spueret

466 1683 579 1760 super
600 1653 800 1760 quamdam
823 1681 972 1729 crucem
995 1653 1157 1760 ligneam
1176 1653 1217 1729 in
1236 1680 1311 1758 qua
1334 1679 1413 1730 non
1432 1669 1512 1730 erat
1528 1681 1662 1761 ymago
1682 1654 1877 1747 Crucibxi‚

466 1785 585 1862 nescit
607 1810 676 1890 per
700 1811 815 1888 quem
838 1783 1009 1874 allatam,
1037 1781 1180 1858 ibidem
1199 1782 1375 1886 positam,
1399 1800 1437 1860 et
1459 1782 1538 1888 ipse
1555 1783 1660 1860 testis
1683 1784 1784 1890 spuit
1799 1813 1877 1862 non

467 1911 579 2021 supr'a
597 1914 665 1991 sed
679 1916 783 2022 juxta
803 1941 897 1990 eam.
916 1911 1130 2017 Requisitus
1143 1909 1237 2018 quid
1255 1912 1434 2018 processit
1454 1913 1502 1991 de
1521 1912 1699 2019 predictis
1718 1911 1877 2020 abnega-

467 2046 574 2121 cione
595 2062 633 2121 et
658 2038 871 2150 spuicione‚
890 2042 1084 2150 respondit
1106 2070 1242 2119 senon
1268 2042 1467 2120 recordari.
1493 2042 1708 2148 Requisitus
1730 2044 1761 2119 si
1780 2073 1879 2121 reve

467 2173 604 2249 laverat
621 2173 732 2249 alicui
750 2200 857 2249 suam
877 2171 1155 2278 deposicionem
1174 2170 1309 2248 factam
1324 2199 1451 2248 coram
1471 2171 1579 2248 dictis
1595 2171 1760 2249 dominis
1776 2201 1879 2250 com-

466 2302 664 2390 missariis,
697 2303 892 2407 respondit
919 2300 1023 2407 quod
1048 2329 1137 2377 non.
1169 2301 1387 2407 Requisitus
1412 2301 1444 2378 si
1472 2300 1640 2407 predicta
1666 2301 1812 2407 spuicio
1841 2321 1879 2379 et

468 2431 669 2537 abnegacio
682 2428 834 2507 fuerunt
853 2447 1026 2535 precepta
1045 2447 1083 2506 et
1102 2427 1194 2506 sacta
1209 2430 1250 2506 in
1269 2429 1553 2536 recepcionibus
1570 2429 1725 2507 iliorum
1738 2431 1878 2535 quibus

469 2560 643 2666 deposuit
658 2589 695 2637 se
712 2558 889 2647 adfuisse,
909 2559 1104 2665 respondit
1118 2560 1222 2665 quod
1236 2561 1299 2637 sic.
1313 2558 1465 2637 Audivit
1477 2560 1639 2667 precipi‚
1661 2586 1740 2636 non
1751 2577 1878 2637 tamen

467 2689 559 2766 vidit
578 2691 676 2781 fieri,
695 2690 783 2796 quia
812 2689 923 2799 longe
951 2692 1053 2767 etin
1081 2690 1293 2767 recedendo
1322 2706 1401 2766 erat
1429 2705 1584 2795 propter
1613 2691 1880 2795 occupaciones

467 2846 560 2926 quas
574 2820 738 2899 habebat
752 2822 792 2898 in
810 2820 1092 2927 recepcionibus
1111 2818 1267 2896 fratrum
1279 2817 1483 2898 Guaufredi
1494 2817 1674 2897 Gomrnar
1683 2834 1722 2896 et
1731 2819 1881 2900 alterius

467 2948 598 3028 militis
611 2951 675 3056 qui
692 2950 805 3026 simul
820 2949 958 3056 recepti
976 2949 1146 3040 suerunt,
1164 2968 1202 3026 et
1216 2949 1335 3026 credit
1348 2949 1453 3056 quod
1469 2946 1602 3026 eadem
1613 2936 1885 3028 intervenirent

468 3080 720 3176 communiter
738 3083 777 3156 in
793 3081 1076 3186 recepcionibus
1091 3081 1251 3157 eborum
1272 3079 1329 3157 vel
1351 3097 1446 3187 post.
1469 3077 1549 3156 Alia
1568 3107 1645 3156 non
1659 3080 1739 3157 vult
1757 3080 1881 3156 inmu-
1921 3149 1923 3153 ,

467 3227 546 3285 tare
568 3209 606 3284 in
622 3238 687 3287 sua
703 3211 940 3316 deposicione
960 3209 1143 3316 predicta,
1163 3228 1207 3287 ut
1226 3210 1334 3299 dixit,
1353 3211 1420 3289 sed
1433 3238 1666 3319 perseverare
1681 3211 1721 3287 in
1737 3240 1791 3289 ea.
1811 3212 1881 3287 Re·

468 3337 628 3444 quisitus
643 3339 673 3416 si
695 3337 815 3416 suerat
834 3369 900 3446 per
919 3341 1082 3446 aliquem
1103 3340 1279 3417 inductus
1296 3341 1344 3416 ad
1364 3339 1567 3419 dicendum
1582 3341 1667 3432 ista,
1687 3340 1883 3448 respondit

468 3468 572 3573 quod
592 3497 680 3545 non.
698 3470 912 3576 Requisitus
930 3498 1044 3576 quare
1061 3472 1134 3547 hoc
1146 3498 1223 3547 non
1246 3472 1389 3548 dixerat
1402 3472 1555 3577 quando
1568 3471 1692 3576 primo
1709 3472 1882 3578 deposuit

468 3624 594 3675 coram
615 3596 725 3674 dictis
747 3598 910 3675 dominis
930 3599 1207 3687 commissariis‚
1234 3600 1429 3706 respondit
1454 3598 1560 3706 quod
1585 3600 1761 3677 credebat
1779 3598 1881 3677 suffi-

467 3755 569 3816 cere,
596 3728 683 3834 quia
707 3729 871 3833 predicta
905 3730 1129 3834 deposuerat
1153 3758 1277 3807 coram
1298 3729 1397 3807 dicto
1424 3729 1573 3809 officiali
1603 3731 1821 3816 Pictavensi‚
1844 3747 1881 3805 et

467 3859 572 3964 qu'od
592 3859 770 3936 celaverat
783 3859 850 3936 ista
869 3877 1022 3964 propter
1040 3860 1248 3936 fatuitatem
1267 3888 1384 3937 suam.

524 4121 714 4198 Predictus
733 4121 845 4199 frater
863 4123 1049 4200 Jobannes
1065 4124 1113 4199 de
1130 4124 1255 4199 bnans
1273 4148 1397 4199 coram
1412 4122 1589 4227 predictis
1600 4118 1766 4197 dominis
1778 4149 1882 4199 com-

468 4250 645 4326 missariis
658 4254 904 4344 constitutus,
915 4253 1131 4362 juramento
1151 4253 1269 4359 ipsius
1282 4253 1438 4359 prestito
1453 4281 1521 4358 per
1531 4252 1709 4330 cumdem
1722 4252 1771 4328 de
1785 4253 1881 4329 veri-

465 4397 540 4457 tate
555 4380 731 4469 dicenda,
749 4383 842 4460 dixit
851 4413 891 4460 se
902 4384 1015 4460 suisse
1031 4382 1240 4462 consessum
1257 4410 1381 4460 coram
1400 4382 1549 4460 officiali
1563 4382 1769 4459 Pictavensi
1779 4380 1882 4487 qnod

467 4529 617 4613 spueret
629 4540 738 4617 supra
752 4541 918 4613 crucem,
937 4529 974 4587 et
985 4512 1089 4618 quod
1104 4513 1348 4620 abnegaverat
1363 4513 1506 4600 Deum,
1528 4529 1567 4589 et
1580 4512 1691 4617 quod
1703 4511 1753 4588 ita
1768 4509 1882 4586 fiebat

467 4636 505 4711 in
529 4640 680 4729 ordine,
703 4658 741 4716 et
762 4640 865 4745 quod
884 4639 1064 4715 ,credebat
1088 4640 1362 4719 confessionem
1388 4643 1512 4750 magni
1536 4638 1700 4748 Magistri
1723 4654 1762 4715 et
1787 4637 1881 4714 alio-

467 4793 550 4840 rum
575 4769 855 4845 nominatorum
890 4770 928 4843 in
955 4767 1095 4845 licteris
1126 4770 1340 4875 apostolicis
1368 4798 1610 4858 asseverem.
1638 4767 1709 4848 Cui
1736 4765 1881 4844 confes-
