4230 5956
455 463 524 533 102
836 454 1031 531 PROCES
1056 459 1151 530 Des
1177 458 1479 533 TEMPLlllRS.

448 597 664 704 Requisitus
683 592 765 684 ubi,
788 597 958 701 quando,
980 626 1097 703 aquo
1126 614 1164 674 et
1190 597 1351 703 qualiter
1377 599 1455 705 ipse
1479 616 1517 677 et
1536 600 1659 678 dotus
1676 603 1866 682 lohannes

450 729 589 837 recepti
604 726 765 816 fuerant,
783 728 977 833 respondit
991 755 1030 805 se
1045 726 1158 805 luisse
1172 745 1368 834 receptum
1382 730 1423 806 in
1437 729 1578 836 capella
1597 731 1733 811 domus
1752 737 1866 812 Tem-

449 860 502 966 pli
518 859 564 937 de
579 858 697 936 Podio
712 857 852 934 Revelli
873 859 1097 935 Pictavensis
1113 858 1288 950 diocesis,
1306 877 1345 936 et
1362 889 1430 966 per
1446 859 1600 937 fratrem
1615 862 1862 942 Guillelmum

449 991 497 1068 de
514 989 622 1066 Blere
644 1004 904 1094 preceptorem
925 987 1023 1065 dicte
1044 989 1197 1081 domus,
1219 988 1286 1096 qui
1306 989 1499 1069 detinetur
1512 990 1614 1098 apud
1633 992 1862 1100 Caynonem,

340 1122 344 1129 ⁴
449 1119 636 1198 dominica
650 1136 733 1225 post
748 1119 888 1195 instans
903 1117 1041 1196 festum
1057 1119 1258 1198 nativitatis
1272 1120 1372 1198 beati
1384 1122 1566 1201 lobannis
1576 1122 1739 1227 Baptista
1755 1142 1865 1201 erunt

449 1250 587 1327 stanni
608 1249 665 1326 vel
686 1249 798 1339 cirea;
816 1248 1055 1354 presentibus
1073 1245 1250 1327 fratribus
1270 1249 1477 1330 Guillelmo
1497 1250 1742 1342 Cbarbonen,
1764 1253 1865 1331 Gua·
1961 1233 1964 1238 ⁴

447 1379 554 1458 [redo
569 1381 706 1456 Prioris
717 1397 755 1457 et
766 1379 986 1487 Raymondo
1002 1381 1175 1488 Pogneuz
1189 1380 1455 1471 servientibus,
1477 1382 1694 1473 dellunctis,
1708 1383 1748 1460 in
1763 1384 1865 1460 bunc

449 1511 606 1588 modum
623 1543 632 1587 z
649 1539 736 1586 nam
752 1539 838 1586 cum
855 1509 1029 1615 peciisset
1045 1512 1234 1588 caritatem
1253 1527 1291 1587 et
1307 1511 1523 1588 societatem
1538 1509 1697 1589 fratrum
1707 1512 1862 1601 ordinis,

324 1669 331 1680 ·
448 1657 487 1718 et
503 1668 727 1746 responsum
751 1640 882 1717 fuisset
904 1641 937 1716 ei
960 1641 1063 1746 quod
1082 1641 1265 1748 grandem
1285 1668 1366 1717 rem
1388 1640 1555 1746 petebat,
1577 1658 1615 1719 et
1636 1642 1742 1746 quod
1766 1642 1863 1720 bene

448 1769 853 1859 deliberaret,tandem
872 1771 953 1876 ipso
973 1771 1184 1848 instantese
1204 1770 1335 1877 recipi,
1354 1769 1476 1848 dietus
1492 1786 1675 1876 receptor,
1697 1799 1864 1849 annuens

448 1901 540 1979 votis
559 1902 656 2008 ejus,
678 1900 765 1978 fecit
793 1928 880 1978 eum
907 1929 1037 1978 vovere
1062 1919 1099 1978 et
1118 1901 1245 2006 jurare
1274 1901 1494 1987 castitatem,
1518 1900 1797 1990 obedienciam,
1826 1919 1865 1976 et

447 2031 566 2107 vivere
581 2032 663 2109 sine
677 2032 845 2137 proprio,
863 2047 902 2108 et
915 2058 1059 2107 servare
1074 2031 1173 2109 bona
1189 2047 1228 2107 et
1242 2030 1464 2107 elemosinas
1480 2028 1640 2117 ordinis;
1659 2056 1737 2133 quo
1751 2027 1862 2117 facto,

451 2161 631 2264 imposuit
646 2160 716 2236 sibi
737 2160 978 2248 mantellum,
993 2177 1032 2236 et
1050 2177 1125 2238 tam
1143 2162 1221 2264 ipse
1237 2186 1350 2265 quam
1363 2156 1425 2234 alii
1440 2174 1602 2235 astantes
1614 2158 1770 2235 osculati
1783 2159 1865 2237 lue-

448 2306 539 2365 runt
555 2317 644 2366 eum
659 2289 784 2365 inore.
796 2289 927 2365 Dictus
942 2317 1028 2365 vero
1045 2289 1235 2367 Jobannes
1249 2304 1420 2393 receptus
1433 2285 1506 2364 luit
1524 2287 1565 2363 in
1576 2288 1709 2365 eadem
1724 2289 1863 2394 capella

449 2434 487 2495 et
509 2447 577 2525 per
599 2418 777 2495 eumdem
798 2434 1047 2522 receptorem,
1069 2418 1108 2494 in
1132 2419 1302 2524 proximo
1327 2417 1422 2496 sesto
1447 2416 1762 2495 Annunciacionis
1785 2419 1862 2496 Do-

451 2549 587 2627 minice
606 2563 720 2624 erunt
738 2565 823 2624 octo
842 2548 929 2624 anni
949 2546 1008 2625 vel
1028 2547 1139 2636 cirea,
1159 2546 1396 2655 presentibus
1415 2546 1593 2625 batribus
1611 2547 1779 2627 Gerardo
1796 2551 1859 2625 Ju-

449 2679 543 2756 dieis
563 2680 610 2757 de
630 2677 866 2786 Auginbaeo‚
889 2694 983 2755 teste
1003 2705 1114 2783 supra
1142 2678 1369 2766 examinato,
1386 2677 1559 2756 lobanne
1578 2677 1627 2754 de
1651 2678 1805 2784 Ussayo,
1826 2697 1864 2756 et

448 2808 654 2890 Gnillelmo
668 2809 706 2887 lo
723 2811 834 2886 Breto
847 2808 1111 2895 servientibus,
1133 2807 1350 2895 deffunctis;
1364 2808 1404 2884 in
1422 2807 1529 2913 cujus
1539 2809 1721 2886 lobannis
1735 2836 1864 2915 recep-

448 2941 555 3018 cione
576 2938 743 3044 predicta
758 2939 859 3014 licita
874 2938 968 3014 lacta
988 2940 1027 3013 in
1047 2967 1114 3014 sua
1132 2939 1352 3044 recepcione
1378 2955 1517 3015 servata
1535 2936 1702 3015 fuerunt.
1722 2939 1861 3043 Requi-

451 3069 545 3146 situs
562 3068 592 3144 si
609 3068 678 3144 scit
697 3067 753 3146 vel
776 3068 896 3145 credit
912 3068 1017 3172 quod
1035 3067 1202 3173 predicta
1216 3068 1345 3144 illicite
1360 3068 1399 3144 in
1415 3067 1583 3144 articulis
1598 3083 1788 3156 contenta,
1805 3069 1862 3144 vel

449 3197 572 3304 aliqua
592 3199 722 3287 exeis,
742 3215 806 3275 aut
824 3197 950 3303 aliqua
964 3198 1036 3275 alia
1053 3199 1323 3278 intervenirent
1338 3201 1378 3275 in
1396 3199 1681 3306 recepcionibus
1700 3198 1861 3277 aliorum

448 3329 507 3405 vel
526 3345 627 3434 post,
651 3327 744 3403 dixit
769 3356 808 3404 se
828 3328 989 3412 nescire;
1019 3328 1139 3404 credit
1167 3345 1310 3419 umen,
1345 3345 1499 3435 propter
1528 3328 1688 3435 illaque
1707 3357 1862 3436 magnus

448 3458 624 3567 Magister
638 3458 752 3536 etalii
772 3461 810 3534 in
831 3458 969 3536 litteris
987 3459 1200 3564 apostolicis
1216 3461 1397 3537 nominati
1419 3457 1578 3537 confessi
1595 3457 1708 3537 finisse
1729 3459 1862 3537 dicun-

448 3605 521 3680 tur,
547 3590 651 3695 quod
676 3590 714 3664 in
738 3588 951 3695 aliquorum
975 3589 1258 3695 recepcionibus
1281 3591 1406 3695 aliqua
1432 3589 1561 3666 illicita
1580 3589 1858 3666 intervenirent.

448 3719 629 3797 Jurabant
650 3719 755 3824 quod
776 3747 852 3795 non
873 3720 1014 3795 exirent
1040 3718 1230 3807 ordinem,
1252 3737 1290 3796 et
1308 3721 1432 3798 statim
1457 3746 1527 3824 pro
1551 3717 1728 3825 professis
1746 3718 1861 3794 babe-

450 3850 599 3928 bantur.
630 3849 873 3929 Clandestine
902 3850 1189 3955 recipiebantur,
1217 3850 1359 3928 scilicet
1387 3849 1502 3927 nullis
1526 3848 1760 3956 presentibus
1788 3849 1858 3922 nisi

447 3981 624 4060 fratribus
646 3981 806 4069 ordinis,
839 3998 876 4059 et
899 3981 1020 4060 credit
1047 3984 1153 4089 quod
1176 4011 1219 4060 ex
1240 3984 1313 4059 boc
1338 3982 1548 4060 habebatur
1576 3980 1673 4056 mala
1696 3979 1858 4083 suspicio

447 4129 576 4188 contra
602 4141 678 4189 eos.
711 4113 767 4191 De
792 4111 914 4220 ydolis
934 4140 1010 4189 non
1030 4113 1172 4189 audivit
1195 4111 1316 4219 loqui,
1343 4112 1411 4190 sed
1430 4108 1597 4190 cordulis
1612 4107 1860 4214 cingebantur

446 4242 643 4346 assmnptis
656 4242 758 4319 unde
770 4242 961 4334 volebant,
976 4244 1015 4320 in
1030 4243 1180 4350 signum
1194 4243 1380 4320 eastitatis.
1394 4243 1470 4335 Qui
1484 4239 1710 4318 revelassent
1719 4253 1860 4314 secreta

445 4371 694 4478 capitulorum
727 4375 847 4478 puniti
874 4372 1054 4462 fuissent,
1086 4373 1155 4451 sed
1173 4374 1295 4452 nescit
1323 4371 1498 4478 qualiter.
1523 4371 1677 4476 Absque
1706 4367 1859 4444 licencia

445 4530 523 4579 non
559 4519 733 4608 poterant
767 4502 941 4579 confiteri
979 4502 1062 4578 aliis
1089 4529 1204 4606 quam
1233 4501 1491 4579 sacerdotibus
1520 4499 1682 4581 ordinis,
1714 4511 1754 4572 et
1787 4494 1860 4570 boe

448 4759 679 4865 negligentes
707 4761 860 4839 fuerunt
885 4761 973 4865 quia
993 4786 1070 4836 non
1095 4779 1337 4839 correxerunt
1356 4787 1422 4836 eos
1444 4788 1515 4837 nec
1538 4757 1859 4837 denunciaverunt
