4268 5946
441 443 515 515 sou
829 413 1025 510 raoots
1050 434 1147 508 nus
1173 433 1479 507 senenses.

440 599 539 661 tacta
559 581 684 658 dicere
701 578 742 654 in
757 604 865 654 causa
878 575 969 654 fidei
984 593 1060 652 tam
1077 574 1126 653 de
1145 603 1186 654 se
1199 603 1315 682 quam
1331 575 1379 652 de
1400 574 1482 654 aliis
1495 573 1665 681 plenam,
1680 604 1816 683 puram
1831 597 1870 657 et

441 715 625 822 integram
640 710 849 799 veritatem,
867 725 905 784 et
924 708 1173 823 interrogatus
1188 706 1236 784 de
1254 722 1425 812 tempore
1447 723 1484 784 et
1501 707 1617 785 modo
1636 711 1869 816 recepcionis

440 874 526 934 sue,
550 843 641 923 dixit
656 870 724 948 per
732 840 989 948 juramentum
1005 866 1116 915 suurn
1132 836 1237 945 quod
1251 853 1416 944 quatuor
1427 836 1535 915 annis
1553 837 1612 916 vel
1625 839 1721 918 circa
1733 839 1869 948 elapsis

440 992 613 1083 receptus
642 972 716 1050 luit
741 970 842 1077 apud
860 968 1063 1049 Marsiliam
1083 998 1152 1075 per
1169 967 1322 1047 fratrem
1343 970 1551 1077 Symonem
1576 969 1625 1048 de
1647 971 1867 1065 Quinciaco,

441 1103 679 1211 presentibus
698 1101 810 1179 lratre
826 1098 1008 1180 Gaufrido
1030 1099 1078 1176 de
1090 1098 1274 1177 Charnaio
1295 1115 1334 1177 et
1346 1097 1573 1205 quibusdam
1592 1098 1676 1177 aliis
1694 1099 1871 1181 fratribus

443 1237 533 1314 dicti
547 1233 696 1342 Templi
716 1233 781 1340 qui
802 1231 942 1310 suntin
961 1230 1087 1337 Cipro.

497 1369 591 1444 ltem
610 1365 788 1470 dixit'per
800 1363 1058 1470 jurameutum
1075 1390 1186 1439 suum
1205 1361 1328 1468 quod,
1342 1377 1428 1467 post
1445 1360 1583 1440 multas
1605 1363 1871 1471 promissiones

443 1500 491 1576 ab
511 1526 556 1576 eo
572 1497 685 1575 lactas
706 1496 753 1572 de
769 1494 915 1573 statutis
930 1511 968 1571 et
986 1493 1137 1571 secretis
1153 1492 1296 1571 ordinis
1320 1492 1578 1584 observandis,
1595 1494 1785 1574 osculatus
1800 1495 1870 1573 fuit

442 1629 688 1737 recipientem
708 1628 746 1704 in
767 1654 849 1714 ore,
875 1626 915 1701 iu
942 1623 1121 1702 umbilico
1141 1641 1179 1700 et
1202 1623 1241 1700 in
1266 1625 1343 1703 fine
1362 1624 1470 1732 spine
1498 1624 1617 1714 dorsi,
1644 1643 1682 1703 et
1704 1645 1870 1733 apostata

443 1760 513 1838 sibi
540 1788 665 1848 cruce,
688 1758 859 1836 fecerunt
884 1785 973 1835 eum
990 1773 1050 1833 ter
1076 1783 1210 1862 spuere
1235 1783 1351 1863 super
1374 1783 1455 1832 enm
1480 1756 1519 1832 in
1543 1755 1739 1863 despectu,
1762 1773 1799 1834 et
1827 1786 1869 1834 ea

442 1893 655 1970 intencione
668 1908 713 1968 ut
723 1889 924 1996 recipiens,
938 1888 1017 1993 ipse
1034 1887 1099 1996 qui
1119 1886 1289 1993 loquitur
1308 1905 1347 1966 et
1365 1886 1427 1965 alii
1447 1887 1579 1966 fratres
1592 1905 1787 1995 presentes
1804 1889 1871 1966 de·

442 2023 630 2129 spicerent
649 2050 811 2100 crucem.
828 2021 875 2097 Et
894 2019 986 2097 dixit
1005 2018 1111 2126 quod
1130 2017 1283 2096 luerunt
1303 2018 1381 2098 duo
1401 2019 1490 2100 anni
1507 2020 1605 2098 inter
1623 2020 1762 2099 festum
1778 2023 1872 2098 Pen-

440 2155 628 2231 thecostes
649 2170 686 2230 et
704 2152 929 2230 nativitatem
950 2150 1049 2228 beati
1076 2149 1257 2228 Johunnis
1282 2151 1465 2256 Baptiste,
1489 2151 1595 2258 quod
1615 2151 1695 2257 ipse
1714 2150 1810 2228 vidit
1834 2152 1871 2227 in

443 2284 572 2389 Cipro,
590 2282 729 2359 invilla
746 2282 793 2359 de
814 2282 1010 2372 Limecou,
1029 2280 1150 2387 capud
1170 2279 1266 2359 illud
1285 2281 1390 2388 quod
1405 2282 1574 2360 adorant.

499 2416 751 2522 interrogatus
761 2429 889 2490 utrum
902 2412 1085 2518 recipiens
1096 2412 1247 2491 dederit
1256 2413 1290 2490 ei
1301 2412 1496 2491 licenciam
1512 2412 1677 2493 habendi
1692 2441 1772 2491 rem
1787 2443 1870 2490 cum

445 2543 684 2631 mulieribus,
708 2543 801 2620 dixit
820 2544 925 2650 quod
944 2542 1017 2649 ipsi
1031 2544 1252 2650 prohibent,
1273 2545 1338 2623 sed
1359 2572 1437 2624 non
1456 2544 1663 2652 prohibent
1683 2545 1730 2622 de
1748 2545 1869 2624 horni-

445 2675 568 2753 nibus.
582 2676 629 2753 Et
645 2676 737 2752 dixit
752 2675 857 2782 quod
871 2675 991 2782 major
1005 2676 1181 2783 Magister
1201 2675 1289 2755 dicti
1308 2675 1461 2783 Templi
1474 2676 1610 2754 habuit
1626 2704 1708 2754 rem
1723 2705 1810 2754 curn
1827 2705 1871 2753 eo

445 2805 638 2883 carnaliter
666 2824 723 2882 ter
750 2805 788 2882 in
818 2835 893 2883 una
919 2825 1044 2894 nocte,
1075 2807 1114 2882 in
1134 2807 1259 2914 Cipro.
1288 2806 1505 2914 Requisitus
1527 2834 1596 2912 per
1615 2807 1871 2914 juramentum
1997 2870 2003 2881 .

445 2966 556 3015 suurn
571 2955 698 3015 utrum
714 2937 767 3025 vi,
784 2937 841 3014 vel
860 2955 965 3014 metu
973 2954 1267 3028 tormentorum,
1280 2936 1339 3014 vel
1350 2937 1485 3014 timore
1501 2935 1657 3044 alicujus
1670 2964 1785 3042 pene,
1804 2966 1871 3014 seu

446 3068 568 3176 aliqua
587 3068 657 3147 alia
676 3095 912 3176 quacumque
934 3068 980 3145 de
1001 3096 1125 3159 causa,
1143 3067 1305 3173 aliquam
1330 3066 1529 3146 salsitatem
1545 3067 1697 3146 dixisset
1719 3067 1778 3145 vel
1803 3069 1873 3144 irn-

445 3199 655 3279 miscuisset
674 3200 713 3276 in
729 3198 967 3305 deposicione
981 3228 1065 3288 sua,
1082 3197 1175 3276 dixit
1189 3198 1524 3307 perjuramentum
1540 3226 1653 3277 snum
1667 3199 1772 3306 quod
1781 3226 1870 3285 non,

447 3348 485 3407 et
499 3332 604 3435 quod
623 3359 754 3436 puram
776 3348 812 3406 et
829 3358 969 3407 meram
991 3329 1132 3407 dixerat
1148 3330 1354 3408 veritatem.

503 3595 594 3670 Item
616 3620 730 3681 anno,
752 3591 956 3681 indicione,
979 3620 1124 3685 mense,
1144 3589 1382 3699 pontificatu,
1403 3618 1502 3669 anno
1523 3609 1562 3669 et
1574 3592 1658 3670 loco
1678 3594 1871 3700 predictis,

449 3722 545 3801 dicta
573 3723 746 3802 vicesima
770 3723 892 3828 prima
912 3723 974 3800 die
995 3724 1165 3831 ejusdem
1184 3723 1323 3801 mensis
1343 3722 1525 3813 octobris,
1547 3724 1586 3801 in
1605 3723 1696 3802 dicti
1714 3724 1873 3832 inquisi-

447 3854 555 3942 toris,
578 3871 750 3933 nostrum
765 3855 998 3933 notariorum
1015 3871 1053 3932 et
1072 3853 1392 3962 infrascriptorum
1411 3855 1564 3932 testium
1583 3853 1774 3961 presencia
1792 3880 1873 3959 per-

448 3983 624 4062 sonaliter
637 3986 860 4064 constitutus
880 3985 992 4064 frater
1007 3986 1196 4065 Gerardus
1211 3987 1259 4064 de
1281 3984 1435 4067 Gauche
1460 3986 1570 4065 miles
1596 3985 1685 4063 dicti
1712 3982 1871 4073 ordinis,

448 4113 698 4194 Ruthenensis
727 4118 904 4207 diocesis,
934 4136 1133 4225 preceptor
1161 4118 1298 4196 domus
1324 4116 1372 4194 de
1393 4118 1535 4196 Bastito
1561 4114 1721 4197 diocesis
1742 4115 1874 4195 Catur-

449 4243 583 4337 censis,
613 4247 721 4324 etatis
743 4249 987 4356 quadraginta
1006 4250 1175 4358 quinque
1201 4276 1389 4327 annorum
1413 4247 1471 4328 vol
1496 4250 1612 4340 circu,
1635 4266 1680 4326 ut
1706 4246 1871 4335 dicebat,

447 4377 553 4456 testis
564 4377 711 4487 juratus
728 4379 777 4457 ad
791 4397 914 4459 sancta
929 4382 1001 4460 Dei
1015 4381 1213 4490 Evangelia
1225 4380 1272 4460 ab
1287 4409 1335 4460 eo
1352 4380 1599 4488 personaliter
1616 4398 1713 4459 tacta
1729 4380 1871 4467 dicere,

448 4509 487 4585 in
503 4539 612 4589 rausa
628 4509 736 4602 fidei,
759 4511 807 4589 de
828 4538 868 4589 se
889 4527 927 4587 et
944 4512 1027 4589 aliis
1049 4514 1258 4604 veritatem,
1285 4531 1322 4593 et
1346 4512 1552 4620 requisitus
1571 4511 1619 4590 de
1641 4531 1812 4618 tempore
1839 4526 1875 4587 et

447 4640 563 4718 modo
585 4668 652 4719 sue
681 4638 924 4748 receptionis,
958 4640 1052 4718 dixit
1078 4669 1146 4746 per
1168 4644 1427 4751 jurameutum
1450 4670 1562 4723 suum
1587 4643 1693 4750 quod
1714 4642 1755 4719 in
1780 4641 1875 4719 sesto

449 4771 705 4873 apostolorum
730 4773 832 4852 Petri
857 4787 896 4850 et
914 4769 1020 4849 Pauli
1047 4791 1158 4853 erunt
1179 4800 1216 4855 rx
1240 4776 1348 4868 anni,
1376 4774 1481 4883 quod
1507 4772 1579 4853 luit
1603 4789 1780 4878 receptus
1806 4797 1875 4875 per
