4230 5956
342 418 414 490 ara
724 398 920 488 raocns
945 414 1041 486 uas
1067 413 1368 489 caueamus.

396 561 503 635 Anno
518 574 555 634 et
573 557 636 637 die
652 554 791 662 quibus
804 584 927 662 supra.

394 689 471 769 le
491 689 618 771 Frater
644 685 826 764 Amaldus
850 685 1079 792 Septembris
1103 685 1151 763 de
1175 683 1308 762 ordine
1335 684 1425 763 dicti
1447 682 1596 788 Templi
1623 685 1760 763 domus

339 819 455 898 blansi
467 820 557 908 Dei,
572 819 675 895 testis
688 818 834 924 juratus
848 817 896 893 ad
914 835 1039 894 sancta
1050 817 1122 894 Dei
1138 815 1334 922 Evangelia
1352 843 1466 920 super
1483 813 1663 919 predictis
1676 817 1764 892 arti·

339 949 431 1028 culis
448 967 487 1026 et
505 976 636 1026 eorum
655 947 826 1055 quolibet
844 947 915 1027 sibi
936 948 1110 1053 expositis
1129 948 1168 1023 in
1184 946 1340 1053 vulgari,
1361 962 1405 1022 ut
1421 944 1639 1050 principalis
1655 945 1706 1024 de
1721 975 1763 1023 se

339 1082 436 1186 ipso,
448 1098 486 1158 et
499 1097 543 1157 ut
552 1079 658 1155 testis
677 1078 724 1154 de
740 1077 838 1167 aliis,
856 1077 1054 1186 diligenter
1066 1094 1105 1153 et
1122 1076 1311 1184 sigillatim
1327 1078 1591 1181 interrogatus,
1608 1104 1764 1182 respon-

341 1210 431 1288 dens
446 1211 493 1287 ad
509 1210 688 1316 primum,
701 1235 877 1287 u-xxtx
894 1207 1071 1286 articulos
1089 1206 1283 1297 inclusive,
1303 1207 1452 1315 negavit
1469 1207 1571 1312 ipsos
1587 1207 1764 1284 mtiarlos

341 1359 377 1416 ct
394 1341 519 1418 omnia
530 1341 720 1446 etsingula
734 1357 905 1417 contenta
920 1339 959 1414 in
976 1341 1047 1426 cis,
1068 1368 1113 1416 eo
1133 1338 1232 1414 salvo
1244 1337 1347 1443 quod
1364 1338 1432 1442 ipsi
1448 1335 1580 1413 francs
1594 1336 1764 1443 ejusdem

341 1471 484 1548 ordinis
503 1488 542 1547 et
559 1470 638 1576 ipse
657 1498 744 1547 cum
764 1471 818 1545 eis
835 1487 894 1545 ter
911 1470 951 1545 in
963 1497 1059 1547 anno
1075 1467 1284 1574 etsingulis
1297 1468 1404 1545 annis
1414 1495 1501 1544 cum
1517 1465 1646 1543 debita
1662 1494 1768 1544 reve·

341 1601 464 1677 rencia
493 1598 717 1690 ethonore,
744 1599 923 1705 depositis
950 1598 1085 1705 gladiis
1110 1616 1149 1674 et
1171 1596 1420 1675 calciamentis
1443 1597 1586 1702 pedum
1610 1626 1767 1676 saiorum

341 1757 486 1808 necnon
506 1728 596 1808 colis
609 1731 770 1836 capitum
785 1757 958 1817 suorum,
974 1729 1013 1804 in
1032 1727 1095 1804 die
1110 1728 1267 1806 Veneris
1285 1743 1411 1805 sancta
1428 1726 1563 1803 ultima
1582 1726 1768 1834 Cadrage·

340 1861 434 1939 sime
453 1859 610 1937 adorant
626 1889 774 1937 crucem
788 1876 950 1936 sanctam
963 1859 1002 1933 in
1021 1886 1095 1963 qua
1107 1857 1292 1935 Dominus
1305 1873 1433 1935 noster
1445 1856 1580 1936 lhesus
1595 1854 1767 1936 Christus

340 1990 411 2066 Dei
444 1989 544 2069 [ilius
572 2019 641 2096 pro
666 1989 780 2071 salute
806 1989 959 2066 humani
985 1988 1151 2095 generis,
1172 2014 1250 2064 non
1278 2015 1349 2093 pro
1372 1987 1451 2065 suis
1477 1988 1653 2093 peccatis,
1678 1989 1767 2093 quia

341 2147 525 2226 nusquam
547 2121 711 2225 peccavit
729 2148 798 2197 nec
816 2118 930 2197 dolus
948 2117 1020 2195 fuit
1037 2118 1078 2194 in
1104 2144 1169 2194 ore
1189 2118 1285 2224 ejus,
1308 2117 1378 2194 sed
1394 2145 1464 2222 pro
1482 2118 1623 2196 nosuis
1640 2119 1766 2195 crimi-

341 2250 455 2327 nibus
471 2251 603 2328 mortis
617 2250 815 2355 suplicium
834 2278 963 2354 passus
981 2247 1067 2339 biit,
1088 2248 1275 2326 dicendo:
1297 2248 1453 2326 «Adoro
1470 2266 1524 2338 te,
1545 2248 1711 2337 Christe,
1728 2266 1767 2326 et

340 2377 524 2454 benedico
543 2379 629 2466 tibi,
651 2380 740 2484 quia
760 2408 828 2482 per
846 2406 994 2455 crucem
1009 2397 1110 2455 trram
1126 2380 1317 2456 redemisti
1334 2379 1565 2456 mundum.»

396 2510 490 2585 ltem
513 2510 703 2587 annuatim
727 2509 846 2585 crucis
865 2508 1125 2587 adoracioucm
1142 2508 1282 2587 faciunt
1299 2511 1340 2588 in
1357 2509 1508 2588 duobus
1524 2508 1608 2587 aliis
1625 2508 1766 2588 festivis

341 2638 492 2727 diebus,
521 2638 691 2717 videlicet
714 2641 753 2715 in
773 2666 902 2716 mense
932 2638 1045 2717 madii
1071 2639 1133 2716 die
1158 2639 1290 2718 Sancte
1314 2639 1463 2728 Crucis,
1489 2667 1638 2719 necnon
1661 2657 1700 2717 et
1724 2640 1765 2716 in

341 2798 468 2847 mense
481 2769 702 2874 septembris
717 2770 757 2846 in
776 2769 838 2846 dic
852 2769 1096 2857 Exaltacionis
1115 2769 1248 2847 Sancte
1267 2770 1414 2860 Crucis,
1431 2799 1509 2848 non
1524 2787 1672 2849 tantum
1687 2771 1765 2849 dis·

341 2900 497 2979 calciatis
525 2901 701 3007 pedibus,
730 2901 798 2978 sed
824 2898 982 2977 cultellis
1006 2917 1045 2978 et
1070 2899 1161 2978 colis
1188 2899 1351 3005 capitum
1376 2900 1571 3007 depositis3
1598 2900 1763 2977 adiciens

341 3030 444 3133 quod
463 3049 689 3108 sacramenta
714 3031 876 3109 Ecclesie
894 3049 971 3108 tam
989 3031 1070 3136 ipse
1088 3060 1202 3138 quam
1222 3032 1336 3109 ceteri
1360 3031 1491 3109 fratres
1509 3032 1602 3108 dicti
1621 3031 1763 3109 ordinis

341 3155 449 3261 plene
463 3159 633 3248 credunt,
656 3175 767 3264 prout
781 3163 859 3264 ipse
878 3163 947 3238 scit
967 3162 1015 3237 de
1029 3190 1069 3239 se
1088 3162 1193 3268 ipso,
1217 3162 1322 3239 etde
1341 3161 1423 3239 aliis
1430 3160 1679 3240 confratribus
1690 3189 1764 3238 cre·

342 3285 412 3373 dit,
434 3287 530 3362 sicut
545 3304 667 3364 sancta
680 3283 842 3366 Ecclesia
855 3320 875 3366 a
889 3290 1118 3368 Christicolis
1128 3293 1240 3396 jubet
1253 3293 1368 3371 credi.
1387 3294 1625 3373 Sacramenta
1636 3310 1763 3369 autem

341 3416 523 3518 predicta,
546 3447 632 3493 cum
651 3419 698 3495 sit
716 3419 839 3525 laycus
855 3437 890 3497 et
906 3421 1093 3525 ignorans,
1116 3423 1322 3527 exprimere
1336 3443 1373 3500 et
1393 3423 1579 3500 declarare
1594 3423 1761 3508 nescivit,

341 3545 426 3623 licet
446 3548 522 3651 ipsa
543 3548 582 3623 in
599 3567 724 3625 mente
745 3579 809 3627 sua
831 3569 954 3627 teneat
974 3569 1011 3627 et
1027 3551 1176 3641 babeat,
1198 3570 1237 3651 et
1255 3583 1323 3658 per
1343 3582 1385 3629 ea
1410 3555 1534 3631 anime
1556 3582 1623 3630 sue
1643 3571 1762 3659 sperat

343 3675 480 3752 habere
501 3678 667 3756 salutem.

397 3806 454 3882 Ad
469 3834 702 3885 xxx—xxxin
720 3809 892 3887 articulos
914 3810 1101 3898 inclusive,
1126 3812 1321 3918 dibgenter
1339 3829 1376 3888 et
1400 3811 1587 3918 sigillatim
1607 3813 1762 3888 interro·

342 3952 462 4038 gatus,
484 3940 712 4042 respondens
727 3940 819 4016 dixit
835 3940 939 4045 quod
955 3940 1017 4016 dic
1036 3970 1103 4018 sue
1115 3943 1345 4047 recepcionis
1359 3943 1406 4019 ad
1421 3941 1593 4051 ordinem
1614 3941 1760 4048 Templi

341 4061 434 4139 lacte
452 4067 498 4140 de
515 4097 552 4143 sc
570 4070 666 4145 etde
682 4069 792 4144 fratre
808 4070 1008 4147 Guillclmo
1020 4071 1067 4147 de
1079 4072 1307 4149 Caramanno
1323 4102 1422 4149 nunc
1435 4091 1597 4159 mortue,
1612 4101 1681 4176 per
1696 4071 1762 4147 sra-

342 4210 435 4269 trem
457 4197 715 4301 Raymundum
739 4200 785 4275 de
805 4200 940 4277 Gardia
961 4221 1217 4307 preceptorem
1235 4203 1369 4280 domus
1383 4202 1531 4307 Templi
1553 4204 1670 4279 Mansi
1690 4203 1760 4279 Dei

341 4325 405 4427 qui
426 4325 548 4402 adhuc
566 4329 667 4417 vivit,
691 4347 886 4435 preceptor
905 4332 943 4407 in
968 4332 1104 4437 capella
1124 4333 1291 4438 ejusdcm
1311 4335 1461 4421 domus,
1478 4352 1561 4436 post
1574 4334 1762 4438 recepcio·

341 4480 426 4530 nem
449 4455 495 4533 de
515 4485 554 4533 se
574 4458 706 4536 lactem
723 4478 760 4536 et
780 4461 826 4536 de
842 4460 913 4536 alio
935 4462 1014 4568 ejus
1035 4463 1232 4553 confratre,
1259 4464 1361 4541 idem
1387 4464 1499 4541 frater
1519 4464 1761 4569 Raymundus

342 4605 535 4688 preceptor
560 4590 699 4695 recepit
722 4592 844 4695 ipsum
871 4609 907 4667 et
931 4591 1045 4669 alium
1072 4593 1296 4672 confratrem
1324 4597 1372 4672 ad
1398 4594 1569 4672 osculum
1595 4594 1697 4699 pacis
1720 4595 1760 4669 in

343 4709 487 4810 signum
507 4714 663 4794 fraterne
681 4719 892 4798 dileccionis
908 4738 945 4796 et
957 4724 1130 4812 caritatis,
1151 4742 1187 4800 et
1200 4724 1238 4799 in
1252 4752 1316 4800 ore
1329 4742 1473 4801 tantum
1486 4723 1675 4800 osculatus
1689 4722 1760 4799 luit
