4230 5956
463 474 536 545 212
838 447 1032 540 rnocns
1064 465 1161 536 urs
1192 464 1495 536 rrurmnns.

462 611 542 688 aliis
564 608 778 696 deffunctis,
806 608 845 682 in
868 607 971 683 huno
998 605 1178 682 modum:
1200 632 1287 680 nam
1311 632 1398 679 cum
1424 604 1675 711 requisivisset
1696 607 1878 683 instanter

462 741 677 819 societatem
688 737 893 844 proborum
908 736 1070 823 ordinis,
1096 752 1133 811 et
1156 733 1227 810 sibi
1244 759 1416 811 concessa
1435 731 1582 824 fuisset,
1600 734 1796 840 dictusque
1816 764 1877 811 re-

463 889 590 976 ceptor
612 869 699 945 lecit
724 895 813 943 eum
838 893 969 943 vovere
993 882 1030 941 et
1048 864 1175 971 jurare
1205 863 1430 955 castitatem,
1454 862 1730 952 obedienciam,
1756 863 1876 940 vivere

463 1001 542 1079 sine
558 998 728 1104 proprio,
752 996 857 1103 quod
870 1012 966 1072 esset
981 1022 1108 1071 servus
1128 991 1291 1069 esclavus
1306 992 1474 1080 ordinis,
1494 1009 1532 1069 et
1550 992 1658 1099 quod
1680 1020 1756 1069 non
1774 1022 1878 1070 reve-

463 1130 558 1207 laret
572 1144 713 1206 secreta
728 1125 1012 1233 capitoliorum3
1033 1140 1071 1200 et
1082 1123 1259 1228 imposito
1275 1122 1346 1199 sibi
1361 1121 1561 1214 mantello,
1575 1122 1657 1228 ipse
1671 1139 1708 1198 et
1720 1139 1880 1200 astantes

463 1256 617 1335 luerunt
633 1286 722 1334 eum
738 1254 892 1335 osculati
913 1255 951 1330 in
973 1281 1049 1330 ore.
1070 1253 1157 1346 Quo
1173 1251 1269 1328 facto
1282 1251 1385 1328 idem
1401 1269 1574 1358 receptor
1590 1251 1683 1329 dixit
1696 1254 1731 1330 ei
1747 1253 1785 1329 in
1798 1283 1881 1360 pre-

462 1389 587 1464 sencia
607 1386 765 1463 aliorum
792 1385 915 1491 quod,
941 1414 983 1461 ex
1004 1411 1081 1489 quo
1100 1382 1323 1488 promiserat
1349 1381 1522 1474 obedire,
1539 1383 1689 1461 volebat
1706 1401 1745 1461 et
1761 1386 1880 1490 preci-

463 1516 590 1622 piebat
609 1517 713 1622 quod
728 1516 929 1622 abnegaret
945 1515 1068 1590 Deum
1085 1529 1123 1588 et
1138 1512 1254 1588 eciam
1272 1540 1437 1602 crucem;
1459 1530 1497 1589 et
1514 1513 1595 1619 ipso
1612 1530 1709 1591 teste
1725 1541 1879 1619 respon·
1961 1587 1967 1593 .

466 1646 578 1722 dente
593 1645 697 1752 quod
710 1646 783 1722 hoc
796 1643 901 1720 nullo
914 1643 1030 1720 modo
1042 1640 1194 1732 faceret,
1208 1640 1301 1717 dixit
1310 1641 1416 1747 quod
1428 1643 1625 1749 oportebat
1638 1672 1725 1721 eum
1738 1641 1876 1735 lacere,

465 1773 552 1882 quia
572 1775 624 1851 ita
642 1791 720 1852 erat
739 1790 960 1850 consuetum
980 1771 1062 1847 fieri
1080 1772 1119 1846 in
1134 1769 1284 1860 ordine,
1308 1787 1346 1847 et
1359 1788 1450 1848 tuno
1468 1772 1548 1878 ipse
1563 1772 1667 1849 testis
1682 1772 1879 1881 abnegavit

466 1933 530 1981 ore
548 1932 625 1980 non
641 1902 770 1991 corde,
789 1920 832 1979 ut
846 1902 949 1979 dixit.
965 1901 1180 2007 Requisitus
1197 1899 1245 1977 de
1261 1900 1359 1977 dicta
1371 1929 1499 1992 cruce,
1513 1901 1580 1979 ubi
1597 1919 1635 1999 et
1649 1901 1769 2006 qualis
1782 1921 1876 1992 erat,

465 2035 658 2141 respondit
673 2033 777 2139 quod
792 2048 872 2109 erat
885 2048 1006 2109 erecta
1021 2059 1133 2137 supra
1151 2030 1282 2120 altare,
1304 2047 1342 2107 et
1356 2030 1555 2108 videbatur
1573 2049 1747 2140 argentea
1765 2032 1880 2109 deau-

465 2179 554 2239 rata.
577 2164 688 2252 Item,
716 2162 808 2238 dixit
829 2160 933 2267 quod
953 2178 1038 2267 post
1055 2159 1222 2266 predicta
1252 2159 1375 2238 dictus
1399 2177 1583 2267 receptor,
1612 2147 1808 2239 extrahens
1832 2160 1878 2236 de

466 2292 550 2368 sinu
568 2321 638 2369 suo
658 2291 858 2399 quamdam
879 2319 1027 2396 parvam
1046 2291 1259 2400 ymaginem
1280 2290 1327 2366 de
1345 2290 1457 2368 leone
1477 2291 1536 2368 vel
1551 2291 1599 2367 de
1612 2287 1721 2377 auro',
1737 2317 1811 2396 que
1826 2291 1880 2365 vi-

467 2420 625 2497 debatur
645 2421 783 2498 habere
804 2419 966 2526 effigiem
979 2421 1224 2513 muliebrem,
1247 2419 1339 2498 dixit
1359 2421 1393 2497 ei
1411 2420 1516 2528 quod
1536 2419 1705 2497 crederet
1723 2420 1875 2510 ineam,

467 2567 505 2626 et
522 2551 678 2629 haberet
691 2551 731 2626 in
746 2577 788 2627 ea
805 2549 1000 2638 fiduciam,
1016 2568 1056 2627 et
1071 2551 1169 2628 bene
1189 2551 1260 2627 sibi
1279 2568 1387 2628 esset.
1406 2551 1621 2658 Requisitus
1635 2552 1667 2629 si
1684 2550 1878 2627 declaravit

467 2680 501 2757 ei
519 2682 626 2788 cujus
644 2697 741 2759 esset
765 2680 864 2757 dicta
872 2708 1022 2789 ymago,
1042 2680 1101 2759 vel
1122 2681 1152 2758 si
1170 2682 1243 2759 hoc
1262 2682 1346 2770 soit,
1366 2680 1562 2787 respondit
1576 2681 1682 2786 quod
1699 2709 1792 2769 non,
1810 2709 1880 2757 nec

467 2826 618 2887 extunc
638 2811 730 2886 vidit
750 2838 849 2899 eam,
868 2811 954 2915 quia
979 2811 1195 2888 immediate
1223 2811 1345 2889 dictus
1363 2827 1533 2916 receptor
1551 2811 1719 2916 reposuit
1738 2838 1820 2885 eam
1840 2811 1879 2885 in

465 2940 551 3017 sinu
575 2968 663 3028 suo;
695 2940 824 3046 pocius
848 2956 974 3017 tamen
999 2940 1117 3017 credit
1140 2940 1245 3046 quod
1270 2956 1543 3046 representaret
1559 2938 1722 3044 aliquam
1745 2939 1878 3015 malam

465 3096 545 3145 rem
565 3098 677 3173 quam
697 3069 854 3153 bonam,
874 3086 1028 3174 propter
1044 3069 1334 3179 abnegacionem
1354 3070 1560 3176 predictam
1573 3097 1686 3176 quam
1701 3069 1875 3173 pecierat.

466 3199 574 3285 ltem,
590 3198 682 3272 dixit
697 3199 817 3304 quod,
832 3227 919 3274 cum
935 3198 1100 3304 predicta
1119 3215 1198 3275 acta
1211 3197 1384 3288 fuissent,
1400 3199 1523 3277 dictus
1533 3198 1755 3307 Raynaudus
1769 3199 1878 3276 miles

465 3325 558 3400 dixit
581 3326 609 3401 si
626 3325 790 3403 lacerent
809 3326 890 3404 fieri
912 3357 977 3433 per
993 3329 1117 3433 ipsum
1133 3346 1268 3405 testem
1290 3328 1461 3407 osculum
1480 3346 1608 3434 turpe,
1626 3345 1664 3406 et
1680 3328 1803 3405 dictus
1822 3358 1879 3406 re-

466 3472 593 3560 ceptor
613 3454 705 3533 dixit
729 3457 832 3562 quod
852 3457 1142 3563 supersederent
1160 3473 1270 3549 tunc,
1296 3458 1384 3564 quia
1400 3457 1490 3535 alias
1514 3457 1633 3535 [ieret.
1650 3455 1732 3533 Alia
1752 3458 1879 3536 illicita

466 3612 541 3661 non
562 3585 844 3662 intervenerunt
859 3586 898 3661 in
915 3587 1011 3663 dicta
1027 3616 1092 3664 sua
1107 3588 1328 3693 reeepoione
1342 3615 1411 3665 nec
1429 3605 1525 3694 post.
1542 3588 1653 3677 ltem,
1670 3588 1761 3665 dixit
1775 3590 1878 3694 quod

465 3744 532 3821 per
558 3715 735 3792 eumdem
763 3716 921 3792 modum
947 3717 1040 3794 vidit
1069 3718 1184 3823 recipi
1214 3717 1367 3794 fratrem
1407 3717 1626 3795 mnatrdum
1656 3718 1877 3794 servientem

465 3847 670 3954 quondam,
692 3845 987 3953 Engolismensis
1001 3846 1174 3936 diocesis,
1189 3865 1234 3924 ut
1246 3847 1381 3937 credit,
1397 3846 1504 3953 cujus
1513 3874 1721 3956 cognomen
1731 3848 1877 3956 ignorat

465 3977 502 4051 in
521 3979 681 4081 quadam
708 3994 854 4052 camera
877 3976 1047 4083 ejusdem
1070 3978 1144 4054 loci
1164 3993 1202 4054 et
1223 4004 1291 4082 per
1314 3977 1494 4054 eumdem
1513 3994 1760 4084 receptorem,
1788 3995 1879 4055 sunt

468 4105 614 4180 circiter
642 4133 776 4181 novem
809 4106 915 4197 anni,
941 4106 1179 4213 presentibus
1209 4106 1385 4184 fratribus
1415 4106 1622 4185 Guillelmo
1646 4107 1694 4183 de
1718 4108 1872 4184 Motone

466 4234 618 4311 detento
639 4236 739 4339 apud
765 4235 981 4341 Rupellam,
1012 4239 1123 4315 Petro
1151 4237 1298 4328 Auriol,
1331 4237 1485 4315 detento
1505 4238 1683 4328 Senonis,
1711 4253 1749 4314 et
1772 4237 1878 4316 Guil-

465 4362 580 4440 lelmo
597 4365 643 4439 de
660 4363 781 4440 Minae
796 4365 1104 4470 Engolismensis,
1128 4383 1171 4444 ut
1193 4366 1327 4455 credit,
1351 4365 1525 4455 diocesis,
1548 4394 1665 4472 quem
1687 4366 1807 4443 credit
1825 4368 1878 4443 vi-

463 4520 564 4583 vere,
592 4494 760 4570 lohanne
773 4492 912 4570 Costati
933 4496 1127 4599 quondam
1141 4496 1253 4572 fratre
1270 4496 1359 4572 dicti
1373 4496 1478 4573 Helie
1494 4494 1635 4585 Cotati,
1656 4513 1694 4572 et
1706 4496 1877 4601 predicto

463 4622 667 4726 Raynaudo
686 4622 883 4699 Bertrandi
902 4622 1022 4698 milite
1039 4657 1049 4714 3
1068 4653 1180 4729 quare
1197 4625 1317 4702 credit
1332 4626 1437 4731 quod
1451 4653 1520 4732 per
1535 4625 1702 4703 eundem
1718 4625 1875 4702 modum

463 4747 605 4854 ubique
624 4751 755 4829 fratres
773 4751 861 4829 dicti
877 4749 1020 4828 ordinis
1034 4752 1299 4858 reciperentur.
1319 4756 1431 4845 Item,
1453 4755 1546 4833 dixit
1562 4752 1668 4861 quod
1682 4755 1760 4859 ipse
1776 4752 1873 4830 bene
