4230 5956
724 481 922 575 rnocus
947 500 1044 574 uns
1067 499 1367 573 rennuens.
1681 508 1754 580 297

337 657 573 747 preceptores
604 642 804 720 castitatem
833 659 1015 750 quantum
1046 642 1094 718 ad
1119 639 1312 731 mulieres,
1348 642 1512 718 dicentes
1542 643 1576 719 ei
1602 646 1706 751 quod
1726 649 1756 724 si

336 770 467 877 aliquis
496 769 595 848 calor
619 771 795 850 naturalis
823 789 991 851 moveret
1015 801 1119 861 eum,
1147 771 1251 878 quod
1275 789 1420 878 poterat
1448 801 1487 847 se
1518 771 1757 880 refrigescere

336 931 419 979 cum
440 902 567 1008 aliquo
581 902 627 979 de
642 901 815 982 fratribus
829 904 988 994 ordinis,
1009 900 1076 979 sed
1090 903 1180 979 dixit
1193 932 1260 1008 per
1267 903 1521 1011 juramentum
1535 930 1645 979 suum
1653 904 1759 1010 quod

336 1060 529 1138 nunquam
544 1032 746 1110 immiscuit
765 1061 804 1110 se
826 1062 910 1111 cum
930 1032 1057 1140 aliquo
1077 1031 1243 1109 bomine.

391 1165 640 1270 Interrogatus
655 1163 702 1240 de
718 1164 863 1253 osculo,
881 1163 971 1240 dixit
984 1192 1051 1269 per
1060 1163 1313 1269 juramentum
1329 1191 1438 1240 suum
1454 1163 1560 1270 quod
1573 1162 1757 1243 osculatus

336 1294 406 1370 suit
421 1293 661 1398 recipientem
683 1311 719 1371 et
735 1294 827 1371 alios
845 1293 975 1371 fratres
993 1310 1184 1399 presentes
1205 1294 1242 1367 in
1264 1321 1328 1371 ore
1346 1293 1486 1383 solum,
1503 1310 1540 1370 et
1554 1310 1644 1371 tunc
1664 1295 1757 1372 reci-

336 1423 442 1527 piens
463 1421 578 1498 dixit:
596 1422 720 1501 «Satis
739 1434 810 1514 est,
840 1452 968 1501 eamus
986 1451 1174 1528 pransum.
1192 1460 1204 1490 i

391 1553 638 1658 interrogatus
656 1571 784 1630 utrum
802 1554 853 1644 vi,
880 1552 938 1631 vel
957 1570 1077 1641 metu,
1104 1553 1158 1630 vel
1179 1570 1284 1630 metu
1303 1558 1574 1631 tormentorum
1598 1553 1657 1631 vel
1680 1584 1760 1632 car-

336 1682 445 1771 ceris,
459 1681 516 1758 vel
533 1682 604 1758 alia
618 1682 665 1759 de
684 1712 807 1772 causa,
824 1683 989 1790 aliquam
1004 1683 1200 1762 salsitatem
1216 1684 1475 1774 immiscuerit,
1493 1700 1556 1760 aut
1568 1682 1759 1760 veritatem

336 1813 490 1890 tacuerit
508 1812 548 1889 iu
567 1842 632 1889 sua
650 1813 905 1920 deposicione,
929 1815 1022 1891 dixit
1039 1844 1107 1921 per
1127 1817 1383 1922 juramentum
1408 1841 1520 1891 suum
1539 1812 1643 1918 quod
1661 1839 1757 1903 non,

337 1944 413 2021 imo
432 1971 500 2049 pro
516 1943 631 2021 salute
653 1944 775 2020 anime
796 1973 861 2022 sue
882 1932 1022 2050 puram¹
1036 1961 1073 2020 et
1093 1945 1273 2048 integram
1291 1943 1431 2020 dixerat
1450 1943 1658 2021 veritatem'

393 2205 484 2280 ltem
508 2202 621 2280 irater
649 2202 878 2282 Guillermus
903 2204 949 2282 de
976 2200 1110 2312 Biceyo
1134 2205 1381 2310 Lingonensis
1408 2204 1582 2293 diocesis,
1605 2204 1760 2311 capelia·

337 2362 407 2411 nus
427 2334 578 2442 majoris
603 2335 768 2440 Magistri
795 2334 884 2412 dieti
907 2332 1064 2424 ordinis,
1094 2334 1229 2413 eodem
1249 2335 1370 2412 modo·
1378 2335 1526 2442 juratus
1545 2351 1583 2411 et
1600 2334 1760 2414 interro-

336 2483 440 2572 gatus
463 2464 509 2542 de
539 2483 706 2571 tempore
735 2480 773 2542 et
800 2462 915 2543 modo
935 2492 1001 2541 sue
1021 2464 1265 2570 recepcionis,
1295 2465 1388 2541 dixit
1412 2492 1480 2571 per
1502 2464 1759 2571 juramentum

337 2624 446 2673 suum
466 2596 569 2701 quod
589 2595 789 2673 duodecim
809 2596 896 2672 anni
918 2595 976 2673 vel
996 2594 1090 2672 circa
1111 2612 1198 2672 sunt
1218 2594 1330 2701 elapsi
1349 2594 1454 2700 quod
1473 2595 1553 2700 ipse
1573 2592 1645 2671 fuit
1663 2622 1761 2673 reee-

337 2743 421 2829 ptus
441 2727 541 2831 apud
563 2724 813 2833 Espeilieyum
838 2726 936 2803 dicte
958 2726 1117 2803 diocesis
1137 2725 1400 2831 Lingonensis,
1423 2752 1490 2829 per
1508 2723 1660 2801 fratrem
1684 2726 1761 2801 Hu-

337 2883 472 2962 gonem
497 2856 544 2932 de
568 2857 738 2934 Paraudo
763 2873 1019 2962 preceptorem
1045 2873 1134 2932 tune
1157 2854 1307 2932 ballivie
1332 2854 1501 2942 Francie,
1525 2852 1759 2961 presentibus

338 2985 446 3063 fratre
474 2986 662 3093 Stephano
684 2986 874 3092 capellano
896 2986 992 3063 dicte
1011 2985 1156 3063 domus.
1173 2984 1275 3062 Dixit
1295 2984 1412 3061 eciam
1424 3011 1492 3091 per
1505 2984 1759 3092 juramentum

337 3142 447 3191 suum
466 3117 585 3223 quod,
600 3133 686 3222 post
703 3115 838 3193 multas
857 3114 1122 3222 promissiones
1137 3115 1184 3193 de
1205 3114 1350 3192 statutis
1370 3131 1409 3191 et
1429 3115 1578 3192 secretis
1596 3113 1684 3191 dicti
1705 3141 1760 3193 or·

339 3245 436 3322 dinis
449 3244 689 3324 observandis
700 3245 812 3323 factas
825 3245 870 3324 ab
888 3274 950 3337 eo,
966 3243 1184 3323 mantellum
1200 3244 1270 3322 fuit
1282 3244 1354 3322 sibi
1367 3244 1530 3350 positum
1544 3242 1592 3320 ad
1603 3242 1757 3333 collum,

339 3392 376 3452 et
395 3375 581 3455 osculatus
600 3375 673 3454 fuit
692 3377 793 3454 idem
816 3394 988 3484 receptus
1011 3377 1253 3484 recipientem
1272 3376 1311 3453 in
1333 3404 1398 3453 ore
1419 3391 1457 3451 et
1475 3372 1605 3483 postea
1625 3375 1664 3451 in
1682 3372 1759 3452 fine

337 3507 441 3611 spine
463 3507 576 3583 dorsi.
596 3508 697 3586 Dixit
716 3510 831 3586 eciam
846 3538 914 3617 per
924 3510 1179 3614 juramentum
1200 3536 1310 3585 suum
1326 3506 1431 3613 quod
1444 3505 1566 3583 dictus
1579 3504 1762 3610 recipiens

337 3638 503 3742 precepit
522 3637 592 3713 sibi
609 3637 714 3743 quod
726 3638 924 3745 abnegaret
939 3640 1081 3717 dictum
1099 3638 1255 3715 Jhesum
1270 3636 1477 3724 Christum,
1488 3651 1526 3711 et
1539 3651 1599 3710 ter
1603 3649 1761 3778 spueret

338 3796 448 3872 supra
472 3796 636 3858 crucem,
664 3769 906 3874 despiciendo
932 3771 1141 3847 Dominum
1164 3767 1318 3844 Jhesum
1338 3766 1528 3844 Christum
1547 3764 1613 3869 qui
1632 3790 1760 3921 passus

338 3896 438 3972 tuit
427 3927 467 3973 ru
480 3927 540 3987 ea3
561 3928 633 4004 que
655 3897 741 3976 fecit
762 3928 842 3989 ore,
866 3914 921 3977 et
917 3929 994 3978 non
1015 3899 1144 3988 corde,
1167 3899 1262 3975 sicut
1285 3896 1387 3974 dixit.

394 4026 644 4134 Interrogatus
656 4044 782 4106 utrum
795 4030 898 4107 ahud
906 4030 979 4108 furt
993 4029 1086 4107 sibi
1077 4030 1300 4138 injunctum,
1316 4026 1407 4103 dixit
1421 4053 1489 4131 per
1497 4025 1757 4132 juramentum
1790 4074 1793 4082 ·

339 4184 449 4232 suum
469 4158 573 4262 quod
593 4158 662 4248 sic;
683 4186 769 4234 nam
796 4160 889 4238 dixit
907 4189 976 4266 per
995 4161 1250 4267 juramentum
1271 4184 1381 4233 suum
1403 4155 1507 4262 quod
1527 4153 1648 4232 dictus
1666 4154 1760 4230 reci·

340 4285 445 4389 piens
463 4286 631 4393 precepit
654 4287 723 4364 sibi
744 4289 901 4395 quod
873 4319 903 4365 s1
930 4290 1063 4398 aliquis
1086 4288 1242 4366 fratrum
1262 4286 1350 4364 dicti
1371 4285 1514 4364 ordinis
1537 4285 1647 4363 vellet
1677 4311 1757 4362 rem

341 4415 478 4493 habere
492 4417 684 4494 carnaliter
704 4447 790 4496 cum
811 4420 1094 4528 eo,qu0d1pse
1114 4418 1365 4528 permitterem
1385 4417 1486 4496 sed''
1466 4444 1546 4524 ipse
1566 4440 1760 4575 uunquam

340 4548 525 4652 permisit,
546 4569 589 4627 ut
609 4551 714 4628 dixit.

396 4680 645 4787 Interrogatus
673 4698 800 4758 utrum
834 4698 930 4759 esset
961 4680 1154 4789 presbyter
1185 4706 1271 4757 cum
1304 4678 1450 4757 intravit
1482 4676 1654 4755 ordinem
1684 4702 1765 4783 pre

343 4809 500 4899 dietum,
522 4812 614 4891 dixit
634 4840 700 4920 per
714 4806 971 4921 juramentum
992 4840 1102 4890 suurn
1124 4811 1229 4919 qnod
1243 4811 1306 4889 sie.
1378 4814 1383 4824 '

449 4970 554 5029 rnocts
570 4987 865 5031 resurrectum-
882 4989 914 5029 rr.
1556 4964 1597 5026 38
