<?xml version="1.0" encoding="UTF-8"?>
<!DOCTYPE html PUBLIC "-//W3C//DTD XHTML 1.0 Transitional//EN"
    "http://www.w3.org/TR/xhtml1/DTD/xhtml1-transitional.dtd">
<html xmlns="http://www.w3.org/1999/xhtml" xml:lang="en" lang="en">
 <head>
  <title>
</title>
<meta http-equiv="Content-Type" content="text/html;charset=utf-8" />
  <meta name='ocr-system' content='tesseract 3.04.00' />
  <meta name='ocr-capabilities' content='ocr_page ocr_carea ocr_par ocr_line ocrx_word'/>
</head>
<body>
  <div class='ocr_page' id='page_1' title='image "./procsdestemplie01defegoog/procsdestemplie01defegoog_0408.png"; bbox 0 0 4230 5956; ppageno 0'>
   <div class='ocr_carea' id='block_1_1' title="bbox 456 409 1485 513">
    <p class='ocr_par' dir='ltr' id='par_1_1' title="bbox 456 409 1485 513">
     <span class='ocr_line' id='line_1_1' title="bbox 456 409 1485 513; baseline -0.01 -6"><span class='ocrx_word' id='word_1_1' title='bbox 456 436 529 513; x_wconf 76' lang='lat' dir='ltr'><strong>aee</strong></span> <span class='ocrx_word' id='word_1_2' title='bbox 844 409 1037 505; x_wconf 73' lang='lat' dir='ltr'><strong>esoces</strong></span> <span class='ocrx_word' id='word_1_3' title='bbox 1068 428 1163 499; x_wconf 86' lang='lat' dir='ltr'><strong>uns</strong></span> <span class='ocrx_word' id='word_1_4' title='bbox 1189 427 1485 501; x_wconf 80' lang='lat' dir='ltr'><strong>rsurnrnns.</strong></span> 
     </span>
    </p>
   </div>
   <div class='ocr_carea' id='block_1_2' title="bbox 356 566 1873 2988">
    <p class='ocr_par' dir='ltr' id='par_1_2' title="bbox 356 566 1873 2988">
     <span class='ocr_line' id='line_1_2' title="bbox 455 566 1873 678; baseline -0.001 -27"><span class='ocrx_word' id='word_1_5' title='bbox 455 592 551 655; x_wconf 82' lang='lat' dir='ltr'><strong>ctam</strong></span> <span class='ocrx_word' id='word_1_6' title='bbox 562 570 838 651; x_wconf 81' lang='lat' dir='ltr'><strong>domumDixit</strong></span> <span class='ocrx_word' id='word_1_7' title='bbox 846 569 961 646; x_wconf 89' lang='lat' dir='ltr'><strong>eciam</strong></span> <span class='ocrx_word' id='word_1_8' title='bbox 971 595 1039 673; x_wconf 92' lang='lat' dir='ltr'><strong>per</strong></span> <span class='ocrx_word' id='word_1_9' title='bbox 1041 568 1298 673; x_wconf 89' lang='lat' dir='ltr'><strong>juramentum</strong></span> <span class='ocrx_word' id='word_1_10' title='bbox 1306 595 1414 645; x_wconf 88' lang='lat' dir='ltr'><strong>suum</strong></span> <span class='ocrx_word' id='word_1_11' title='bbox 1427 566 1546 672; x_wconf 81' lang='lat' dir='ltr'><strong>quod,</strong></span> <span class='ocrx_word' id='word_1_12' title='bbox 1556 584 1640 671; x_wconf 90' lang='lat' dir='ltr'><strong>post</strong></span> <span class='ocrx_word' id='word_1_13' title='bbox 1647 570 1784 648; x_wconf 85' lang='lat' dir='ltr'><strong>multas</strong></span> <span class='ocrx_word' id='word_1_14' title='bbox 1792 602 1873 678; x_wconf 90' lang='lat' dir='ltr'><strong>pro·</strong></span> 
     </span>
     <span class='ocr_line' id='line_1_3' title="bbox 456 696 1868 793; baseline -0.001 -10"><span class='ocrx_word' id='word_1_15' title='bbox 456 704 652 785; x_wconf 72' lang='lat' dir='ltr'>missiones</span> <span class='ocrx_word' id='word_1_16' title='bbox 672 700 719 779; x_wconf 89' lang='lat' dir='ltr'><strong>de</strong></span> <span class='ocrx_word' id='word_1_17' title='bbox 740 698 977 777; x_wconf 88' lang='lat' dir='ltr'><strong>observandis</strong></span> <span class='ocrx_word' id='word_1_18' title='bbox 992 696 1138 775; x_wconf 88' lang='lat' dir='ltr'><strong>statutis</strong></span> <span class='ocrx_word' id='word_1_19' title='bbox 1150 712 1189 772; x_wconf 90' lang='lat' dir='ltr'><strong>et</strong></span> <span class='ocrx_word' id='word_1_20' title='bbox 1205 697 1356 773; x_wconf 87' lang='lat' dir='ltr'><strong>secretis</strong></span> <span class='ocrx_word' id='word_1_21' title='bbox 1371 696 1459 775; x_wconf 89' lang='lat' dir='ltr'><strong>dicti</strong></span> <span class='ocrx_word' id='word_1_22' title='bbox 1475 696 1672 777; x_wconf 85' lang='lat' dir='ltr'><strong>ordinisah</strong></span> <span class='ocrx_word' id='word_1_23' title='bbox 1682 727 1728 779; x_wconf 90' lang='lat' dir='ltr'><strong>eo</strong></span> <span class='ocrx_word' id='word_1_24' title='bbox 1738 700 1868 793; x_wconf 84' lang='lat' dir='ltr'><strong>factas,</strong></span> 
     </span>
     <span class='ocr_line' id='line_1_4' title="bbox 457 826 1870 936; baseline -0.004 -21"><span class='ocrx_word' id='word_1_25' title='bbox 457 835 578 915; x_wconf 85' lang='lat' dir='ltr'><strong>dictus</strong></span> <span class='ocrx_word' id='word_1_26' title='bbox 602 832 786 936; x_wconf 90' lang='lat' dir='ltr'><strong>recipiens</strong></span> <span class='ocrx_word' id='word_1_27' title='bbox 810 830 969 905; x_wconf 84' lang='lat' dir='ltr'><strong>existens</strong></span> <span class='ocrx_word' id='word_1_28' title='bbox 989 829 1026 904; x_wconf 92' lang='lat' dir='ltr'><strong>in</strong></span> <span class='ocrx_word' id='word_1_29' title='bbox 1046 828 1207 932; x_wconf 90' lang='lat' dir='ltr'><strong>quadam</strong></span> <span class='ocrx_word' id='word_1_30' title='bbox 1226 855 1370 903; x_wconf 86' lang='lat' dir='ltr'><strong>camera</strong></span> <span class='ocrx_word' id='word_1_31' title='bbox 1392 828 1431 903; x_wconf 93' lang='lat' dir='ltr'><strong>in</strong></span> <span class='ocrx_word' id='word_1_32' title='bbox 1450 855 1525 931; x_wconf 85' lang='lat' dir='ltr'><strong>qua</strong></span> <span class='ocrx_word' id='word_1_33' title='bbox 1538 826 1685 934; x_wconf 83' lang='lat' dir='ltr'><strong>jacebat</strong></span> <span class='ocrx_word' id='word_1_34' title='bbox 1700 831 1870 912; x_wconf 90' lang='lat' dir='ltr'><strong>infirmus</strong></span> 
     </span>
     <span class='ocr_line' id='line_1_5' title="bbox 455 956 1872 1068; baseline -0.001 -28"><span class='ocrx_word' id='word_1_35' title='bbox 455 967 495 1040; x_wconf 92' lang='lat' dir='ltr'><strong>iu</strong></span> <span class='ocrx_word' id='word_1_36' title='bbox 515 963 628 1053; x_wconf 79' lang='lat' dir='ltr'><strong>lecto,</strong></span> <span class='ocrx_word' id='word_1_37' title='bbox 649 977 847 1066; x_wconf 77' lang='lat' dir='ltr'><strong>postquam</strong></span> <span class='ocrx_word' id='word_1_38' title='bbox 867 959 998 1035; x_wconf 88' lang='lat' dir='ltr'><strong>habuit</strong></span> <span class='ocrx_word' id='word_1_39' title='bbox 1025 957 1243 1035; x_wconf 89' lang='lat' dir='ltr'><strong>mantellum</strong></span> <span class='ocrx_word' id='word_1_40' title='bbox 1263 957 1310 1033; x_wconf 89' lang='lat' dir='ltr'><strong>ad</strong></span> <span class='ocrx_word' id='word_1_41' title='bbox 1327 956 1485 1047; x_wconf 87' lang='lat' dir='ltr'><strong>collum,</strong></span> <span class='ocrx_word' id='word_1_42' title='bbox 1505 958 1669 1035; x_wconf 76' lang='lat' dir='ltr'><strong>ostendit</strong></span> <span class='ocrx_word' id='word_1_43' title='bbox 1687 961 1757 1040; x_wconf 84' lang='lat' dir='ltr'>sibi</span> <span class='ocrx_word' id='word_1_44' title='bbox 1777 960 1872 1068; x_wconf 84' lang='lat' dir='ltr'><strong>figu-</strong></span> 
     </span>
     <span class='ocr_line' id='line_1_6' title="bbox 356 1087 1870 1201; baseline 0.001 -33"><span class='ocrx_word' id='word_1_45' title='bbox 356 1092 358 1096; x_wconf 73' lang='grc'><strong>’</strong></span> <span class='ocrx_word' id='word_1_46' title='bbox 456 1122 534 1171; x_wconf 89' lang='lat' dir='ltr'><strong>ram</strong></span> <span class='ocrx_word' id='word_1_47' title='bbox 551 1094 667 1170; x_wconf 85' lang='lat' dir='ltr'><strong>lhesu</strong></span> <span class='ocrx_word' id='word_1_48' title='bbox 678 1090 815 1168; x_wconf 82' lang='lat' dir='ltr'><strong>Christi</strong></span> <span class='ocrx_word' id='word_1_49' title='bbox 833 1088 1017 1193; x_wconf 86' lang='lat' dir='ltr'><strong>depictam</strong></span> <span class='ocrx_word' id='word_1_50' title='bbox 1031 1089 1069 1163; x_wconf 90' lang='lat' dir='ltr'><strong>in</strong></span> <span class='ocrx_word' id='word_1_51' title='bbox 1081 1088 1245 1195; x_wconf 88' lang='lat' dir='ltr'><strong>quodam</strong></span> <span class='ocrx_word' id='word_1_52' title='bbox 1260 1087 1414 1175; x_wconf 80' lang='lat' dir='ltr'><strong>missali,</strong></span> <span class='ocrx_word' id='word_1_53' title='bbox 1427 1103 1466 1163; x_wconf 94' lang='lat' dir='ltr'><strong>et</strong></span> <span class='ocrx_word' id='word_1_54' title='bbox 1476 1087 1665 1201; x_wconf 71' lang='lat' dir='ltr'><strong>petisitah</strong></span> <span class='ocrx_word' id='word_1_55' title='bbox 1679 1118 1727 1167; x_wconf 89' lang='lat' dir='ltr'><strong>eo</strong></span> <span class='ocrx_word' id='word_1_56' title='bbox 1745 1108 1870 1169; x_wconf 90' lang='lat' dir='ltr'><strong>utrum</strong></span> 
     </span>
     <span class='ocr_line' id='line_1_7' title="bbox 457 1216 1869 1326; baseline 0 -27"><span class='ocrx_word' id='word_1_57' title='bbox 457 1223 625 1299; x_wconf 89' lang='lat' dir='ltr'><strong>crederet</strong></span> <span class='ocrx_word' id='word_1_58' title='bbox 640 1221 679 1299; x_wconf 88' lang='lat' dir='ltr'><strong>in</strong></span> <span class='ocrx_word' id='word_1_59' title='bbox 696 1246 783 1297; x_wconf 89' lang='lat' dir='ltr'><strong>eum</strong></span> <span class='ocrx_word' id='word_1_60' title='bbox 799 1218 905 1323; x_wconf 86' lang='lat' dir='ltr'><strong>cujus</strong></span> <span class='ocrx_word' id='word_1_61' title='bbox 923 1217 1041 1322; x_wconf 85' lang='lat' dir='ltr'><strong>ligura</strong></span> <span class='ocrx_word' id='word_1_62' title='bbox 1058 1234 1137 1294; x_wconf 86' lang='lat' dir='ltr'><strong>erat</strong></span> <span class='ocrx_word' id='word_1_63' title='bbox 1155 1217 1209 1295; x_wconf 94' lang='lat' dir='ltr'><strong>ibi</strong></span> <span class='ocrx_word' id='word_1_64' title='bbox 1221 1216 1385 1321; x_wconf 79' lang='lat' dir='ltr'><strong>depicta,</strong></span> <span class='ocrx_word' id='word_1_65' title='bbox 1400 1218 1467 1322; x_wconf 88' lang='lat' dir='ltr'><strong>qui</strong></span> <span class='ocrx_word' id='word_1_66' title='bbox 1481 1219 1675 1325; x_wconf 91' lang='lat' dir='ltr'><strong>respondit</strong></span> <span class='ocrx_word' id='word_1_67' title='bbox 1687 1222 1793 1326; x_wconf 91' lang='lat' dir='ltr'><strong>quod</strong></span> <span class='ocrx_word' id='word_1_68' title='bbox 1806 1224 1869 1299; x_wconf 89' lang='lat' dir='ltr'><strong>sic.</strong></span> 
     </span>
     <span class='ocr_line' id='line_1_8' title="bbox 457 1347 1869 1456; baseline -0.001 -29"><span class='ocrx_word' id='word_1_69' title='bbox 457 1354 564 1429; x_wconf 92' lang='lat' dir='ltr'><strong>Tunc</strong></span> <span class='ocrx_word' id='word_1_70' title='bbox 579 1349 744 1456; x_wconf 86' lang='lat' dir='ltr'><strong>precepit</strong></span> <span class='ocrx_word' id='word_1_71' title='bbox 761 1347 867 1453; x_wconf 91' lang='lat' dir='ltr'><strong>quod</strong></span> <span class='ocrx_word' id='word_1_72' title='bbox 885 1364 1035 1452; x_wconf 85' lang='lat' dir='ltr'><strong>spueret</strong></span> <span class='ocrx_word' id='word_1_73' title='bbox 1053 1376 1180 1452; x_wconf 89' lang='lat' dir='ltr'><strong>supra;</strong></span> <span class='ocrx_word' id='word_1_74' title='bbox 1201 1348 1267 1453; x_wconf 93' lang='lat' dir='ltr'><strong>qui</strong></span> <span class='ocrx_word' id='word_1_75' title='bbox 1288 1347 1510 1425; x_wconf 69' lang='lat' dir='ltr'><strong>contradixit</strong></span> <span class='ocrx_word' id='word_1_76' title='bbox 1527 1367 1707 1455; x_wconf 90' lang='lat' dir='ltr'><strong>quantum</strong></span> <span class='ocrx_word' id='word_1_77' title='bbox 1723 1353 1845 1456; x_wconf 91' lang='lat' dir='ltr'><strong>potuit</strong></span> <span class='ocrx_word' id='word_1_78' title='bbox 1861 1385 1869 1426; x_wconf 93' lang='lat'>:</span> 
     </span>
     <span class='ocr_line' id='line_1_9' title="bbox 456 1475 1871 1584; baseline 0.001 -28"><span class='ocrx_word' id='word_1_79' title='bbox 456 1498 581 1556; x_wconf 88' lang='lat' dir='ltr'><strong>tamen</strong></span> <span class='ocrx_word' id='word_1_80' title='bbox 604 1480 695 1554; x_wconf 83' lang='lat' dir='ltr'><strong>dixit</strong></span> <span class='ocrx_word' id='word_1_81' title='bbox 713 1480 815 1584; x_wconf 90' lang='lat' dir='ltr'><strong>quod</strong></span> <span class='ocrx_word' id='word_1_82' title='bbox 836 1478 915 1583; x_wconf 89' lang='lat' dir='ltr'><strong>ipse</strong></span> <span class='ocrx_word' id='word_1_83' title='bbox 935 1477 1085 1568; x_wconf 86' lang='lat' dir='ltr'><strong>faceret,</strong></span> <span class='ocrx_word' id='word_1_84' title='bbox 1113 1475 1170 1552; x_wconf 90' lang='lat' dir='ltr'><strong>vel</strong></span> <span class='ocrx_word' id='word_1_85' title='bbox 1191 1476 1364 1582; x_wconf 91' lang='lat' dir='ltr'><strong>compelli</strong></span> <span class='ocrx_word' id='word_1_86' title='bbox 1383 1476 1520 1555; x_wconf 83' lang='lat' dir='ltr'><strong>laceret</strong></span> <span class='ocrx_word' id='word_1_87' title='bbox 1546 1506 1634 1557; x_wconf 90' lang='lat' dir='ltr'><strong>eum</strong></span> <span class='ocrx_word' id='word_1_88' title='bbox 1659 1480 1798 1557; x_wconf 90' lang='lat' dir='ltr'><strong>adhoc</strong></span> <span class='ocrx_word' id='word_1_89' title='bbox 1818 1480 1871 1558; x_wconf 86' lang='lat' dir='ltr'><strong>le-</strong></span> 
     </span>
     <span class='ocr_line' id='line_1_10' title="bbox 458 1608 1870 1715; baseline 0.001 -32"><span class='ocrx_word' id='word_1_90' title='bbox 458 1609 651 1701; x_wconf 84' lang='lat' dir='ltr'><strong>ciendum;</strong></span> <span class='ocrx_word' id='word_1_91' title='bbox 672 1625 710 1684; x_wconf 93' lang='lat' dir='ltr'><strong>et</strong></span> <span class='ocrx_word' id='word_1_92' title='bbox 730 1625 818 1688; x_wconf 87' lang='lat' dir='ltr'><strong>tunc</strong></span> <span class='ocrx_word' id='word_1_93' title='bbox 840 1608 976 1685; x_wconf 87' lang='lat' dir='ltr'><strong>invitus</strong></span> <span class='ocrx_word' id='word_1_94' title='bbox 995 1608 1095 1712; x_wconf 92' lang='lat' dir='ltr'><strong>spuit</strong></span> <span class='ocrx_word' id='word_1_95' title='bbox 1114 1635 1390 1712; x_wconf 87' lang='lat' dir='ltr'><strong>supracrucem</strong></span> <span class='ocrx_word' id='word_1_96' title='bbox 1406 1622 1444 1684; x_wconf 89' lang='lat' dir='ltr'><strong>et</strong></span> <span class='ocrx_word' id='word_1_97' title='bbox 1458 1608 1682 1715; x_wconf 80' lang='lat' dir='ltr'><strong>ymaginem,</strong></span> <span class='ocrx_word' id='word_1_98' title='bbox 1705 1626 1743 1685; x_wconf 92' lang='lat' dir='ltr'><strong>et</strong></span> <span class='ocrx_word' id='word_1_99' title='bbox 1757 1610 1870 1687; x_wconf 89' lang='lat' dir='ltr'><strong>abne·</strong></span> 
     </span>
     <span class='ocr_line' id='line_1_11' title="bbox 457 1736 1869 1844; baseline -0.003 -26"><span class='ocrx_word' id='word_1_100' title='bbox 457 1739 554 1844; x_wconf 84' lang='lat' dir='ltr'><strong>gavit</strong></span> <span class='ocrx_word' id='word_1_101' title='bbox 566 1736 683 1815; x_wconf 88' lang='lat' dir='ltr'><strong>semel</strong></span> <span class='ocrx_word' id='word_1_102' title='bbox 694 1737 848 1813; x_wconf 77' lang='lat' dir='ltr'><strong>ihesum</strong></span> <span class='ocrx_word' id='word_1_103' title='bbox 868 1737 1074 1827; x_wconf 81' lang='lat' dir='ltr'><strong>Christum,</strong></span> <span class='ocrx_word' id='word_1_104' title='bbox 1088 1766 1152 1813; x_wconf 88' lang='lat' dir='ltr'><strong>ore</strong></span> <span class='ocrx_word' id='word_1_105' title='bbox 1168 1737 1447 1824; x_wconf 88' lang='lat' dir='ltr'><strong>tantummodo,</strong></span> <span class='ocrx_word' id='word_1_106' title='bbox 1464 1755 1502 1815; x_wconf 90' lang='lat' dir='ltr'><strong>et</strong></span> <span class='ocrx_word' id='word_1_107' title='bbox 1516 1766 1593 1815; x_wconf 90' lang='lat' dir='ltr'><strong>non</strong></span> <span class='ocrx_word' id='word_1_108' title='bbox 1610 1738 1736 1821; x_wconf 89' lang='lat' dir='ltr'><strong>corde.</strong></span> <span class='ocrx_word' id='word_1_109' title='bbox 1750 1740 1869 1815; x_wconf 89' lang='lat' dir='ltr'><strong>Inter-</strong></span> 
     </span>
     <span class='ocr_line' id='line_1_12' title="bbox 457 1866 1870 1975; baseline 0 -32"><span class='ocrx_word' id='word_1_110' title='bbox 457 1886 605 1975; x_wconf 83' lang='lat' dir='ltr'><strong>rogatus</strong></span> <span class='ocrx_word' id='word_1_111' title='bbox 624 1868 672 1945; x_wconf 91' lang='lat' dir='ltr'><strong>de</strong></span> <span class='ocrx_word' id='word_1_112' title='bbox 702 1867 781 1943; x_wconf 92' lang='lat' dir='ltr'><strong>aliis</strong></span> <span class='ocrx_word' id='word_1_113' title='bbox 808 1866 986 1953; x_wconf 81' lang='lat' dir='ltr'><strong>articulis,</strong></span> <span class='ocrx_word' id='word_1_114' title='bbox 1013 1866 1104 1943; x_wconf 82' lang='lat' dir='ltr'><strong>dixit</strong></span> <span class='ocrx_word' id='word_1_115' title='bbox 1135 1896 1202 1972; x_wconf 91' lang='lat' dir='ltr'><strong>per</strong></span> <span class='ocrx_word' id='word_1_116' title='bbox 1221 1868 1473 1973; x_wconf 86' lang='lat' dir='ltr'><strong>juramentum</strong></span> <span class='ocrx_word' id='word_1_117' title='bbox 1497 1896 1608 1945; x_wconf 90' lang='lat' dir='ltr'><strong>suum</strong></span> <span class='ocrx_word' id='word_1_118' title='bbox 1631 1869 1737 1974; x_wconf 91' lang='lat' dir='ltr'><strong>quod</strong></span> <span class='ocrx_word' id='word_1_119' title='bbox 1755 1869 1870 1945; x_wconf 86' lang='lat' dir='ltr'><strong>nichil</strong></span> 
     </span>
     <span class='ocr_line' id='line_1_13' title="bbox 458 1996 1871 2103; baseline -0.001 -28"><span class='ocrx_word' id='word_1_120' title='bbox 458 1996 560 2075; x_wconf 82' lang='lat' dir='ltr'><strong>aliud</strong></span> <span class='ocrx_word' id='word_1_121' title='bbox 581 1999 654 2075; x_wconf 87' lang='lat' dir='ltr'><strong>luit</strong></span> <span class='ocrx_word' id='word_1_122' title='bbox 672 1997 741 2075; x_wconf 88' lang='lat' dir='ltr'><strong>sibi</strong></span> <span class='ocrx_word' id='word_1_123' title='bbox 764 1997 921 2085; x_wconf 84' lang='lat' dir='ltr'><strong>dictum,</strong></span> <span class='ocrx_word' id='word_1_124' title='bbox 949 2015 986 2074; x_wconf 92' lang='lat' dir='ltr'><strong>et</strong></span> <span class='ocrx_word' id='word_1_125' title='bbox 1000 1997 1117 2073; x_wconf 91' lang='lat' dir='ltr'><strong>credit</strong></span> <span class='ocrx_word' id='word_1_126' title='bbox 1135 1998 1240 2102; x_wconf 89' lang='lat' dir='ltr'><strong>quod</strong></span> <span class='ocrx_word' id='word_1_127' title='bbox 1258 1999 1330 2077; x_wconf 91' lang='lat' dir='ltr'><strong>hoc</strong></span> <span class='ocrx_word' id='word_1_128' title='bbox 1349 1997 1420 2076; x_wconf 86' lang='lat' dir='ltr'><strong>fuit</strong></span> <span class='ocrx_word' id='word_1_129' title='bbox 1438 1998 1502 2075; x_wconf 88' lang='lat' dir='ltr'><strong>illa</strong></span> <span class='ocrx_word' id='word_1_130' title='bbox 1520 1997 1669 2076; x_wconf 79' lang='lat' dir='ltr'><strong>racione</strong></span> <span class='ocrx_word' id='word_1_131' title='bbox 1689 2000 1777 2103; x_wconf 86' lang='lat' dir='ltr'><strong>quia</strong></span> <span class='ocrx_word' id='word_1_132' title='bbox 1797 2016 1871 2074; x_wconf 84' lang='lat' dir='ltr'><strong>tam</strong></span> 
     </span>
     <span class='ocr_line' id='line_1_14' title="bbox 457 2128 1873 2234; baseline -0.002 -27"><span class='ocrx_word' id='word_1_133' title='bbox 457 2130 642 2209; x_wconf 82' lang='lat' dir='ltr'><strong>resisteret</strong></span> <span class='ocrx_word' id='word_1_134' title='bbox 656 2132 695 2205; x_wconf 90' lang='lat' dir='ltr'><strong>in</strong></span> <span class='ocrx_word' id='word_1_135' title='bbox 711 2128 879 2206; x_wconf 78' lang='lat' dir='ltr'><strong>iaciendo</strong></span> <span class='ocrx_word' id='word_1_136' title='bbox 900 2129 1189 2234; x_wconf 85' lang='lat' dir='ltr'><strong>abnegacionem</strong></span> <span class='ocrx_word' id='word_1_137' title='bbox 1208 2146 1246 2206; x_wconf 88' lang='lat' dir='ltr'><strong>et</strong></span> <span class='ocrx_word' id='word_1_138' title='bbox 1260 2130 1508 2234; x_wconf 85' lang='lat' dir='ltr'><strong>spuicionem;</strong></span> <span class='ocrx_word' id='word_1_139' title='bbox 1529 2129 1633 2234; x_wconf 90' lang='lat' dir='ltr'><strong>quod</strong></span> <span class='ocrx_word' id='word_1_140' title='bbox 1649 2130 1771 2207; x_wconf 90' lang='lat' dir='ltr'><strong>dictus</strong></span> <span class='ocrx_word' id='word_1_141' title='bbox 1785 2130 1873 2207; x_wconf 91' lang='lat' dir='ltr'><strong>reci·</strong></span> 
     </span>
     <span class='ocr_line' id='line_1_15' title="bbox 456 2258 1870 2367; baseline 0.001 -31"><span class='ocrx_word' id='word_1_142' title='bbox 456 2260 562 2363; x_wconf 86' lang='lat' dir='ltr'><strong>piens</strong></span> <span class='ocrx_word' id='word_1_143' title='bbox 581 2276 660 2335; x_wconf 82' lang='lat' dir='ltr'><strong>eret</strong></span> <span class='ocrx_word' id='word_1_144' title='bbox 682 2275 783 2336; x_wconf 88' lang='lat' dir='ltr'><strong>totus</strong></span> <span class='ocrx_word' id='word_1_145' title='bbox 802 2258 984 2336; x_wconf 70' lang='lat' dir='ltr'><strong>fastiditus</strong></span> <span class='ocrx_word' id='word_1_146' title='bbox 1014 2277 1051 2335; x_wconf 89' lang='lat' dir='ltr'><strong>et</strong></span> <span class='ocrx_word' id='word_1_147' title='bbox 1074 2276 1176 2341; x_wconf 87' lang='lat' dir='ltr'><strong>totus</strong></span> <span class='ocrx_word' id='word_1_148' title='bbox 1195 2259 1314 2339; x_wconf 87' lang='lat' dir='ltr'><strong>fessus</strong></span> <span class='ocrx_word' id='word_1_149' title='bbox 1336 2278 1412 2339; x_wconf 91' lang='lat' dir='ltr'><strong>tam</strong></span> <span class='ocrx_word' id='word_1_150' title='bbox 1440 2277 1592 2367; x_wconf 89' lang='lat' dir='ltr'><strong>propter</strong></span> <span class='ocrx_word' id='word_1_151' title='bbox 1617 2258 1870 2339; x_wconf 86' lang='lat' dir='ltr'><strong>infirmitatem</strong></span> 
     </span>
     <span class='ocr_line' id='line_1_16' title="bbox 458 2388 1871 2495; baseline 0 -30"><span class='ocrx_word' id='word_1_152' title='bbox 458 2417 569 2493; x_wconf 87' lang='lat' dir='ltr'><strong>quam</strong></span> <span class='ocrx_word' id='word_1_153' title='bbox 583 2405 735 2492; x_wconf 90' lang='lat' dir='ltr'><strong>propter</strong></span> <span class='ocrx_word' id='word_1_154' title='bbox 752 2388 1003 2464; x_wconf 80' lang='lat' dir='ltr'><strong>resistenciam</strong></span> <span class='ocrx_word' id='word_1_155' title='bbox 1021 2417 1135 2493; x_wconf 90' lang='lat' dir='ltr'><strong>quam</strong></span> <span class='ocrx_word' id='word_1_156' title='bbox 1155 2388 1308 2480; x_wconf 84' lang='lat' dir='ltr'><strong>lecerat;</strong></span> <span class='ocrx_word' id='word_1_157' title='bbox 1322 2407 1360 2467; x_wconf 90' lang='lat' dir='ltr'><strong>et</strong></span> <span class='ocrx_word' id='word_1_158' title='bbox 1372 2389 1539 2494; x_wconf 90' lang='lat' dir='ltr'><strong>precepit</strong></span> <span class='ocrx_word' id='word_1_159' title='bbox 1549 2390 1654 2495; x_wconf 88' lang='lat' dir='ltr'><strong>quod</strong></span> <span class='ocrx_word' id='word_1_160' title='bbox 1674 2390 1871 2467; x_wconf 88' lang='lat' dir='ltr'><strong>duceretur</strong></span> 
     </span>
     <span class='ocr_line' id='line_1_17' title="bbox 456 2518 1870 2625; baseline 0.001 -30"><span class='ocrx_word' id='word_1_161' title='bbox 456 2519 502 2595; x_wconf 86' lang='lat' dir='ltr'><strong>ad</strong></span> <span class='ocrx_word' id='word_1_162' title='bbox 519 2518 721 2623; x_wconf 89' lang='lat' dir='ltr'><strong>quamdam</strong></span> <span class='ocrx_word' id='word_1_163' title='bbox 742 2518 897 2596; x_wconf 93' lang='lat' dir='ltr'><strong>domum</strong></span> <span class='ocrx_word' id='word_1_164' title='bbox 916 2519 1017 2610; x_wconf 88' lang='lat' dir='ltr'><strong>Brie‚</strong></span> <span class='ocrx_word' id='word_1_165' title='bbox 1040 2535 1078 2595; x_wconf 89' lang='lat' dir='ltr'><strong>et</strong></span> <span class='ocrx_word' id='word_1_166' title='bbox 1097 2519 1201 2625; x_wconf 92' lang='lat' dir='ltr'><strong>quod</strong></span> <span class='ocrx_word' id='word_1_167' title='bbox 1215 2519 1286 2597; x_wconf 92' lang='lat' dir='ltr'><strong>sibi</strong></span> <span class='ocrx_word' id='word_1_168' title='bbox 1306 2520 1507 2599; x_wconf 81' lang='lat' dir='ltr'><strong>insnneret</strong></span> <span class='ocrx_word' id='word_1_169' title='bbox 1525 2547 1613 2597; x_wconf 87' lang='lat' dir='ltr'><strong>eum</strong></span> <span class='ocrx_word' id='word_1_170' title='bbox 1632 2519 1720 2597; x_wconf 88' lang='lat' dir='ltr'><strong>alias</strong></span> <span class='ocrx_word' id='word_1_171' title='bbox 1733 2520 1772 2595; x_wconf 92' lang='lat' dir='ltr'><strong>in</strong></span> <span class='ocrx_word' id='word_1_172' title='bbox 1784 2549 1870 2625; x_wconf 92' lang='lat' dir='ltr'><strong>pre-</strong></span> 
     </span>
     <span class='ocr_line' id='line_1_18' title="bbox 457 2648 1871 2755; baseline -0.001 -26"><span class='ocrx_word' id='word_1_173' title='bbox 457 2649 573 2755; x_wconf 78' lang='lat' dir='ltr'><strong>ceptis</strong></span> <span class='ocrx_word' id='word_1_174' title='bbox 592 2665 630 2729; x_wconf 90' lang='lat' dir='ltr'><strong>et</strong></span> <span class='ocrx_word' id='word_1_175' title='bbox 650 2649 795 2727; x_wconf 87' lang='lat' dir='ltr'><strong>statutis</strong></span> <span class='ocrx_word' id='word_1_176' title='bbox 814 2649 968 2725; x_wconf 85' lang='lat' dir='ltr'><strong>ordinis.</strong></span> <span class='ocrx_word' id='word_1_177' title='bbox 991 2650 1204 2755; x_wconf 87' lang='lat' dir='ltr'><strong>Requisitus</strong></span> <span class='ocrx_word' id='word_1_178' title='bbox 1223 2666 1349 2729; x_wconf 89' lang='lat' dir='ltr'><strong>utrum</strong></span> <span class='ocrx_word' id='word_1_179' title='bbox 1374 2648 1435 2727; x_wconf 84' lang='lat' dir='ltr'><strong>alii</strong></span> <span class='ocrx_word' id='word_1_180' title='bbox 1456 2649 1586 2729; x_wconf 81' lang='lat' dir='ltr'><strong>fratres</strong></span> <span class='ocrx_word' id='word_1_181' title='bbox 1610 2649 1683 2727; x_wconf 89' lang='lat' dir='ltr'><strong>hoc</strong></span> <span class='ocrx_word' id='word_1_182' title='bbox 1701 2650 1871 2730; x_wconf 87' lang='lat' dir='ltr'><strong>audirent</strong></span> 
     </span>
     <span class='ocr_line' id='line_1_19' title="bbox 458 2778 1870 2885; baseline -0.001 -30"><span class='ocrx_word' id='word_1_183' title='bbox 458 2780 698 2867; x_wconf 76' lang='lat' dir='ltr'><strong>striderent,</strong></span> <span class='ocrx_word' id='word_1_184' title='bbox 721 2779 812 2857; x_wconf 86' lang='lat' dir='ltr'><strong>dixit</strong></span> <span class='ocrx_word' id='word_1_185' title='bbox 831 2779 934 2885; x_wconf 93' lang='lat' dir='ltr'><strong>quod</strong></span> <span class='ocrx_word' id='word_1_186' title='bbox 952 2778 1050 2857; x_wconf 88' lang='lat' dir='ltr'><strong>bene</strong></span> <span class='ocrx_word' id='word_1_187' title='bbox 1071 2795 1242 2884; x_wconf 86' lang='lat' dir='ltr'><strong>poterant</strong></span> <span class='ocrx_word' id='word_1_188' title='bbox 1259 2779 1404 2867; x_wconf 83' lang='lat' dir='ltr'><strong>audire,</strong></span> <span class='ocrx_word' id='word_1_189' title='bbox 1425 2778 1513 2883; x_wconf 87' lang='lat' dir='ltr'><strong>quin</strong></span> <span class='ocrx_word' id='word_1_190' title='bbox 1533 2793 1638 2855; x_wconf 88' lang='lat' dir='ltr'><strong>erant</strong></span> <span class='ocrx_word' id='word_1_191' title='bbox 1661 2778 1699 2853; x_wconf 90' lang='lat' dir='ltr'><strong>iu</strong></span> <span class='ocrx_word' id='word_1_192' title='bbox 1727 2806 1870 2856; x_wconf 89' lang='lat' dir='ltr'><strong>camera</strong></span> 
     </span>
     <span class='ocr_line' id='line_1_20' title="bbox 458 2908 1092 2988; baseline -0.003 -2"><span class='ocrx_word' id='word_1_193' title='bbox 458 2910 523 2987; x_wconf 91' lang='lat' dir='ltr'><strong>ubi</strong></span> <span class='ocrx_word' id='word_1_194' title='bbox 543 2909 615 2988; x_wconf 91' lang='lat' dir='ltr'><strong>hoc</strong></span> <span class='ocrx_word' id='word_1_195' title='bbox 635 2910 706 2988; x_wconf 86' lang='lat' dir='ltr'><strong>luit</strong></span> <span class='ocrx_word' id='word_1_196' title='bbox 723 2908 861 2987; x_wconf 85' lang='lat' dir='ltr'><strong>lactum</strong></span> <span class='ocrx_word' id='word_1_197' title='bbox 881 2926 919 2985; x_wconf 94' lang='lat' dir='ltr'><strong>et</strong></span> <span class='ocrx_word' id='word_1_198' title='bbox 938 2909 1092 2986; x_wconf 90' lang='lat' dir='ltr'><strong>dictum.</strong></span> 
     </span>
    </p>
   </div>
   <div class='ocr_carea' id='block_1_3' title="bbox 457 3038 1869 3503">
    <p class='ocr_par' dir='ltr' id='par_1_3' title="bbox 457 3038 1869 3503">
     <span class='ocr_line' id='line_1_21' title="bbox 512 3038 1869 3146; baseline -0.001 -31"><span class='ocrx_word' id='word_1_199' title='bbox 512 3042 762 3146; x_wconf 85' lang='lat' dir='ltr'><strong>Interrogatus</strong></span> <span class='ocrx_word' id='word_1_200' title='bbox 788 3054 916 3116; x_wconf 90' lang='lat' dir='ltr'><strong>utrum</strong></span> <span class='ocrx_word' id='word_1_201' title='bbox 939 3039 988 3126; x_wconf 85' lang='lat' dir='ltr'><strong>vi,</strong></span> <span class='ocrx_word' id='word_1_202' title='bbox 1016 3039 1074 3115; x_wconf 88' lang='lat' dir='ltr'><strong>vel</strong></span> <span class='ocrx_word' id='word_1_203' title='bbox 1097 3055 1202 3117; x_wconf 91' lang='lat' dir='ltr'><strong>metu</strong></span> <span class='ocrx_word' id='word_1_204' title='bbox 1221 3038 1377 3117; x_wconf 84' lang='lat' dir='ltr'><strong>carceris</strong></span> <span class='ocrx_word' id='word_1_205' title='bbox 1399 3066 1468 3121; x_wconf 85' lang='lat' dir='ltr'><strong>seu</strong></span> <span class='ocrx_word' id='word_1_206' title='bbox 1485 3053 1776 3125; x_wconf 89' lang='lat' dir='ltr'><strong>tormentorum,</strong></span> <span class='ocrx_word' id='word_1_207' title='bbox 1805 3055 1869 3115; x_wconf 86' lang='lat' dir='ltr'><strong>aut</strong></span> 
     </span>
     <span class='ocr_line' id='line_1_22' title="bbox 457 3167 1869 3272; baseline 0 -30"><span class='ocrx_word' id='word_1_208' title='bbox 457 3167 592 3244; x_wconf 86' lang='lat' dir='ltr'><strong>eliade</strong></span> <span class='ocrx_word' id='word_1_209' title='bbox 614 3195 738 3254; x_wconf 83' lang='lat' dir='ltr'><strong>causa,</strong></span> <span class='ocrx_word' id='word_1_210' title='bbox 766 3169 927 3272; x_wconf 89' lang='lat' dir='ltr'><strong>aliquam</strong></span> <span class='ocrx_word' id='word_1_211' title='bbox 948 3169 1081 3244; x_wconf 89' lang='lat' dir='ltr'><strong>dixerit</strong></span> <span class='ocrx_word' id='word_1_212' title='bbox 1100 3168 1295 3247; x_wconf 84' lang='lat' dir='ltr'><strong>falsitatem</strong></span> <span class='ocrx_word' id='word_1_213' title='bbox 1316 3169 1374 3245; x_wconf 83' lang='lat' dir='ltr'><strong>vel</strong></span> <span class='ocrx_word' id='word_1_214' title='bbox 1396 3167 1640 3249; x_wconf 88' lang='lat' dir='ltr'><strong>immiscuerit</strong></span> <span class='ocrx_word' id='word_1_215' title='bbox 1661 3168 1700 3243; x_wconf 93' lang='lat' dir='ltr'><strong>in</strong></span> <span class='ocrx_word' id='word_1_216' title='bbox 1722 3168 1869 3272; x_wconf 90' lang='lat' dir='ltr'><strong>deposi-</strong></span> 
     </span>
     <span class='ocr_line' id='line_1_23' title="bbox 458 3297 1869 3403; baseline 0 -30"><span class='ocrx_word' id='word_1_217' title='bbox 458 3297 563 3375; x_wconf 89' lang='lat' dir='ltr'><strong>cione</strong></span> <span class='ocrx_word' id='word_1_218' title='bbox 594 3327 674 3381; x_wconf 82' lang='lat' dir='ltr'><strong>sua,</strong></span> <span class='ocrx_word' id='word_1_219' title='bbox 698 3297 788 3373; x_wconf 89' lang='lat' dir='ltr'><strong>dixit</strong></span> <span class='ocrx_word' id='word_1_220' title='bbox 812 3326 878 3400; x_wconf 87' lang='lat' dir='ltr'><strong>per</strong></span> <span class='ocrx_word' id='word_1_221' title='bbox 900 3300 1152 3401; x_wconf 87' lang='lat' dir='ltr'><strong>juramentum</strong></span> <span class='ocrx_word' id='word_1_222' title='bbox 1173 3327 1280 3375; x_wconf 88' lang='lat' dir='ltr'><strong>suum</strong></span> <span class='ocrx_word' id='word_1_223' title='bbox 1302 3299 1405 3403; x_wconf 90' lang='lat' dir='ltr'><strong>quod</strong></span> <span class='ocrx_word' id='word_1_224' title='bbox 1431 3328 1523 3391; x_wconf 85' lang='lat' dir='ltr'><strong>non;</strong></span> <span class='ocrx_word' id='word_1_225' title='bbox 1545 3300 1660 3377; x_wconf 90' lang='lat' dir='ltr'><strong>immo</strong></span> <span class='ocrx_word' id='word_1_226' title='bbox 1680 3327 1812 3402; x_wconf 90' lang='lat' dir='ltr'><strong>puram</strong></span> <span class='ocrx_word' id='word_1_227' title='bbox 1831 3316 1869 3374; x_wconf 91' lang='lat' dir='ltr'><strong>et</strong></span> 
     </span>
     <span class='ocr_line' id='line_1_24' title="bbox 459 3427 970 3503; baseline 0.006 -4"><span class='ocrx_word' id='word_1_228' title='bbox 459 3455 597 3503; x_wconf 88' lang='lat' dir='ltr'><strong>meram</strong></span> <span class='ocrx_word' id='word_1_229' title='bbox 616 3427 755 3501; x_wconf 88' lang='lat' dir='ltr'><strong>dixerat</strong></span> <span class='ocrx_word' id='word_1_230' title='bbox 770 3427 970 3502; x_wconf 88' lang='lat' dir='ltr'><strong>veritatem.</strong></span> 
     </span>
    </p>
   </div>
   <div class='ocr_carea' id='block_1_4' title="bbox 454 3686 1870 4835">
    <p class='ocr_par' dir='ltr' id='par_1_4' title="bbox 454 3686 1870 4835">
     <span class='ocr_line' id='line_1_25' title="bbox 513 3686 1868 3793; baseline 0.001 -34"><span class='ocrx_word' id='word_1_231' title='bbox 513 3687 603 3761; x_wconf 91' lang='lat' dir='ltr'><strong>ltcm</strong></span> <span class='ocrx_word' id='word_1_232' title='bbox 618 3688 730 3761; x_wconf 78' lang='lat' dir='ltr'><strong>l&#39;rater</strong></span> <span class='ocrx_word' id='word_1_233' title='bbox 749 3687 935 3762; x_wconf 87' lang='lat' dir='ltr'><strong>Gerardus</strong></span> <span class='ocrx_word' id='word_1_234' title='bbox 961 3687 1006 3761; x_wconf 90' lang='lat' dir='ltr'><strong>de</strong></span> <span class='ocrx_word' id='word_1_235' title='bbox 1027 3686 1153 3775; x_wconf 83' lang='lat' dir='ltr'><strong>Gales,</strong></span> <span class='ocrx_word' id='word_1_236' title='bbox 1176 3689 1280 3763; x_wconf 90' lang='lat' dir='ltr'><strong>etatis</strong></span> <span class='ocrx_word' id='word_1_237' title='bbox 1299 3689 1566 3793; x_wconf 87' lang='lat' dir='ltr'><strong>quinquaginta</strong></span> <span class='ocrx_word' id='word_1_238' title='bbox 1587 3715 1781 3772; x_wconf 78' lang='lat' dir='ltr'><strong>annorum,</strong></span> <span class='ocrx_word' id='word_1_239' title='bbox 1806 3690 1868 3790; x_wconf 82' lang='lat' dir='ltr'><strong>ju-</strong></span> 
     </span>
     <span class='ocr_line' id='line_1_26' title="bbox 456 3794 1868 3902; baseline -0.002 -11"><span class='ocrx_word' id='word_1_240' title='bbox 456 3831 557 3893; x_wconf 85' lang='lat' dir='ltr'><strong>ratus</strong></span> <span class='ocrx_word' id='word_1_241' title='bbox 577 3817 710 3891; x_wconf 91' lang='lat' dir='ltr'><strong>eodem</strong></span> <span class='ocrx_word' id='word_1_242' title='bbox 734 3817 849 3891; x_wconf 90' lang='lat' dir='ltr'><strong>modo</strong></span> <span class='ocrx_word' id='word_1_243' title='bbox 875 3794 985 3892; x_wconf 87' lang='lat' dir='ltr'><strong>dese</strong></span> <span class='ocrx_word' id='word_1_244' title='bbox 1005 3834 1042 3892; x_wconf 91' lang='lat' dir='ltr'><strong>et</strong></span> <span class='ocrx_word' id='word_1_245' title='bbox 1057 3817 1137 3893; x_wconf 89' lang='lat' dir='ltr'><strong>eliis</strong></span> <span class='ocrx_word' id='word_1_246' title='bbox 1152 3817 1189 3892; x_wconf 90' lang='lat' dir='ltr'><strong>in</strong></span> <span class='ocrx_word' id='word_1_247' title='bbox 1205 3846 1312 3895; x_wconf 87' lang='lat' dir='ltr'><strong>causa</strong></span> <span class='ocrx_word' id='word_1_248' title='bbox 1328 3817 1418 3894; x_wconf 91' lang='lat' dir='ltr'><strong>lidei</strong></span> <span class='ocrx_word' id='word_1_249' title='bbox 1444 3818 1567 3897; x_wconf 91' lang='lat' dir='ltr'><strong>dicere</strong></span> <span class='ocrx_word' id='word_1_250' title='bbox 1595 3817 1800 3902; x_wconf 85' lang='lat' dir='ltr'><strong>veritatem,</strong></span> <span class='ocrx_word' id='word_1_251' title='bbox 1831 3833 1868 3889; x_wconf 89' lang='lat' dir='ltr'><strong>et</strong></span> 
     </span>
     <span class='ocr_line' id='line_1_27' title="bbox 457 3946 1868 4052; baseline 0 -33"><span class='ocrx_word' id='word_1_252' title='bbox 457 3946 704 4050; x_wconf 86' lang='lat' dir='ltr'><strong>interrogatus</strong></span> <span class='ocrx_word' id='word_1_253' title='bbox 721 3947 767 4022; x_wconf 90' lang='lat' dir='ltr'><strong>de</strong></span> <span class='ocrx_word' id='word_1_254' title='bbox 782 3963 948 4050; x_wconf 86' lang='lat' dir='ltr'><strong>tempore</strong></span> <span class='ocrx_word' id='word_1_255' title='bbox 965 3964 1002 4022; x_wconf 91' lang='lat' dir='ltr'><strong>et</strong></span> <span class='ocrx_word' id='word_1_256' title='bbox 1017 3946 1132 4025; x_wconf 90' lang='lat' dir='ltr'><strong>modo</strong></span> <span class='ocrx_word' id='word_1_257' title='bbox 1147 3974 1213 4023; x_wconf 88' lang='lat' dir='ltr'><strong>sue</strong></span> <span class='ocrx_word' id='word_1_258' title='bbox 1228 3947 1471 4052; x_wconf 88' lang='lat' dir='ltr'><strong>recepcionis,</strong></span> <span class='ocrx_word' id='word_1_259' title='bbox 1491 3947 1583 4023; x_wconf 86' lang='lat' dir='ltr'><strong>dixit</strong></span> <span class='ocrx_word' id='word_1_260' title='bbox 1597 3974 1664 4051; x_wconf 93' lang='lat' dir='ltr'><strong>per</strong></span> <span class='ocrx_word' id='word_1_261' title='bbox 1675 3947 1868 4052; x_wconf 85' lang='lat' dir='ltr'><strong>juramen-</strong></span> 
     </span>
     <span class='ocr_line' id='line_1_28' title="bbox 456 4074 1869 4182; baseline 0 -31"><span class='ocrx_word' id='word_1_262' title='bbox 456 4094 536 4157; x_wconf 88' lang='lat' dir='ltr'><strong>tum</strong></span> <span class='ocrx_word' id='word_1_263' title='bbox 557 4105 667 4157; x_wconf 91' lang='lat' dir='ltr'><strong>suum</strong></span> <span class='ocrx_word' id='word_1_264' title='bbox 682 4075 785 4181; x_wconf 82' lang='lat' dir='ltr'><strong>quod</strong></span> <span class='ocrx_word' id='word_1_265' title='bbox 796 4075 867 4151; x_wconf 87' lang='lat' dir='ltr'><strong>fuit</strong></span> <span class='ocrx_word' id='word_1_266' title='bbox 878 4094 1046 4180; x_wconf 89' lang='lat' dir='ltr'><strong>receptus</strong></span> <span class='ocrx_word' id='word_1_267' title='bbox 1062 4077 1100 4153; x_wconf 91' lang='lat' dir='ltr'><strong>in</strong></span> <span class='ocrx_word' id='word_1_268' title='bbox 1116 4078 1228 4154; x_wconf 89' lang='lat' dir='ltr'><strong>domo</strong></span> <span class='ocrx_word' id='word_1_269' title='bbox 1250 4078 1297 4158; x_wconf 90' lang='lat' dir='ltr'><strong>de</strong></span> <span class='ocrx_word' id='word_1_270' title='bbox 1311 4076 1511 4160; x_wconf 88' lang='lat' dir='ltr'><strong>Aureliano</strong></span> <span class='ocrx_word' id='word_1_271' title='bbox 1525 4105 1592 4182; x_wconf 90' lang='lat' dir='ltr'><strong>per</strong></span> <span class='ocrx_word' id='word_1_272' title='bbox 1602 4075 1752 4152; x_wconf 83' lang='lat' dir='ltr'><strong>fratrem</strong></span> <span class='ocrx_word' id='word_1_273' title='bbox 1763 4074 1869 4152; x_wconf 90' lang='lat' dir='ltr'><strong>Guil-</strong></span> 
     </span>
     <span class='ocr_line' id='line_1_29' title="bbox 455 4205 1867 4313; baseline -0.002 -30"><span class='ocrx_word' id='word_1_274' title='bbox 455 4205 608 4285; x_wconf 90' lang='lat' dir='ltr'><strong>lelmum</strong></span> <span class='ocrx_word' id='word_1_275' title='bbox 634 4207 680 4282; x_wconf 87' lang='lat' dir='ltr'><strong>de</strong></span> <span class='ocrx_word' id='word_1_276' title='bbox 699 4207 861 4311; x_wconf 82' lang='lat' dir='ltr'><strong>Stauxpis</strong></span> <span class='ocrx_word' id='word_1_277' title='bbox 888 4225 1144 4313; x_wconf 88' lang='lat' dir='ltr'><strong>preceptorem</strong></span> <span class='ocrx_word' id='word_1_278' title='bbox 1169 4207 1331 4286; x_wconf 89' lang='lat' dir='ltr'><strong>baillivie</strong></span> <span class='ocrx_word' id='word_1_279' title='bbox 1357 4208 1403 4285; x_wconf 91' lang='lat' dir='ltr'><strong>de</strong></span> <span class='ocrx_word' id='word_1_280' title='bbox 1429 4207 1604 4311; x_wconf 88' lang='lat' dir='ltr'><strong>Stampis‚</strong></span> <span class='ocrx_word' id='word_1_281' title='bbox 1629 4221 1755 4283; x_wconf 76' lang='lat' dir='ltr'><strong>xxxxu⁰r</strong></span> <span class='ocrx_word' id='word_1_282' title='bbox 1779 4206 1867 4280; x_wconf 87' lang='lat' dir='ltr'><strong>anni</strong></span> 
     </span>
     <span class='ocr_line' id='line_1_30' title="bbox 456 4334 1868 4440; baseline -0.003 -27"><span class='ocrx_word' id='word_1_283' title='bbox 456 4337 640 4426; x_wconf 72' lang='lat' dir='ltr'><strong>valence,</strong></span> <span class='ocrx_word' id='word_1_284' title='bbox 667 4337 900 4440; x_wconf 86' lang='lat' dir='ltr'><strong>presentibus</strong></span> <span class='ocrx_word' id='word_1_285' title='bbox 920 4337 1094 4414; x_wconf 87' lang='lat' dir='ltr'><strong>lratrihus</strong></span> <span class='ocrx_word' id='word_1_286' title='bbox 1115 4340 1223 4416; x_wconf 90' lang='lat' dir='ltr'><strong>Petro</strong></span> <span class='ocrx_word' id='word_1_287' title='bbox 1244 4338 1292 4415; x_wconf 90' lang='lat' dir='ltr'><strong>de</strong></span> <span class='ocrx_word' id='word_1_288' title='bbox 1313 4336 1427 4417; x_wconf 88' lang='lat' dir='ltr'><strong>Galea</strong></span> <span class='ocrx_word' id='word_1_289' title='bbox 1443 4354 1481 4415; x_wconf 91' lang='lat' dir='ltr'><strong>et</strong></span> <span class='ocrx_word' id='word_1_290' title='bbox 1499 4336 1610 4413; x_wconf 85' lang='lat' dir='ltr'><strong>fratre</strong></span> <span class='ocrx_word' id='word_1_291' title='bbox 1630 4336 1798 4414; x_wconf 89' lang='lat' dir='ltr'><strong>Johanne</strong></span> <span class='ocrx_word' id='word_1_292' title='bbox 1821 4334 1868 4409; x_wconf 91' lang='lat' dir='ltr'><strong>de</strong></span> 
     </span>
     <span class='ocr_line' id='line_1_31' title="bbox 455 4464 1869 4575; baseline -0.004 -30"><span class='ocrx_word' id='word_1_293' title='bbox 455 4469 587 4574; x_wconf 81' lang='lat' dir='ltr'><strong>Magno</strong></span> <span class='ocrx_word' id='word_1_294' title='bbox 608 4471 736 4545; x_wconf 90' lang='lat' dir='ltr'><strong>Ponte.</strong></span> <span class='ocrx_word' id='word_1_295' title='bbox 758 4467 858 4544; x_wconf 88' lang='lat' dir='ltr'><strong>Dixit</strong></span> <span class='ocrx_word' id='word_1_296' title='bbox 872 4469 988 4543; x_wconf 86' lang='lat' dir='ltr'><strong>eciam</strong></span> <span class='ocrx_word' id='word_1_297' title='bbox 1010 4498 1076 4572; x_wconf 92' lang='lat' dir='ltr'><strong>per</strong></span> <span class='ocrx_word' id='word_1_298' title='bbox 1086 4470 1342 4573; x_wconf 88' lang='lat' dir='ltr'><strong>juramentum</strong></span> <span class='ocrx_word' id='word_1_299' title='bbox 1361 4497 1470 4545; x_wconf 88' lang='lat' dir='ltr'><strong>suum</strong></span> <span class='ocrx_word' id='word_1_300' title='bbox 1491 4468 1609 4575; x_wconf 78' lang='lat' dir='ltr'><strong>quod,</strong></span> <span class='ocrx_word' id='word_1_301' title='bbox 1632 4483 1718 4571; x_wconf 87' lang='lat' dir='ltr'><strong>post</strong></span> <span class='ocrx_word' id='word_1_302' title='bbox 1734 4464 1869 4543; x_wconf 90' lang='lat' dir='ltr'><strong>multas</strong></span> 
     </span>
     <span class='ocr_line' id='line_1_32' title="bbox 454 4596 1870 4740; baseline -0.002 -68"><span class='ocrx_word' id='word_1_303' title='bbox 454 4598 716 4740; x_wconf 50' lang='lat' dir='ltr'><strong>promissiones</strong></span> <span class='ocrx_word' id='word_1_304' title='bbox 732 4598 838 4673; x_wconf 90' lang='lat' dir='ltr'><strong>abeo</strong></span> <span class='ocrx_word' id='word_1_305' title='bbox 854 4596 964 4671; x_wconf 88' lang='lat' dir='ltr'><strong>lactas</strong></span> <span class='ocrx_word' id='word_1_306' title='bbox 981 4596 1025 4672; x_wconf 91' lang='lat' dir='ltr'><strong>dc</strong></span> <span class='ocrx_word' id='word_1_307' title='bbox 1044 4598 1281 4674; x_wconf 87' lang='lat' dir='ltr'><strong>observandis</strong></span> <span class='ocrx_word' id='word_1_308' title='bbox 1300 4599 1446 4676; x_wconf 89' lang='lat' dir='ltr'><strong>statutis</strong></span> <span class='ocrx_word' id='word_1_309' title='bbox 1463 4615 1501 4675; x_wconf 88' lang='lat' dir='ltr'><strong>et</strong></span> <span class='ocrx_word' id='word_1_310' title='bbox 1522 4598 1674 4673; x_wconf 88' lang='lat' dir='ltr'><strong>secretis</strong></span> <span class='ocrx_word' id='word_1_311' title='bbox 1697 4596 1786 4673; x_wconf 89' lang='lat' dir='ltr'><strong>dicti</strong></span> <span class='ocrx_word' id='word_1_312' title='bbox 1807 4622 1870 4671; x_wconf 90' lang='lat' dir='ltr'><strong>or·</strong></span> 
     </span>
     <span class='ocr_line' id='line_1_33' title="bbox 456 4725 1865 4835; baseline -0.001 -36"><span class='ocrx_word' id='word_1_313' title='bbox 456 4725 569 4813; x_wconf 79' lang='lat' dir='ltr'><strong>dinis,</strong></span> <span class='ocrx_word' id='word_1_314' title='bbox 592 4728 712 4805; x_wconf 88' lang='lat' dir='ltr'><strong>dictus</strong></span> <span class='ocrx_word' id='word_1_315' title='bbox 732 4727 916 4831; x_wconf 89' lang='lat' dir='ltr'><strong>recipiens</strong></span> <span class='ocrx_word' id='word_1_316' title='bbox 945 4727 1107 4805; x_wconf 91' lang='lat' dir='ltr'><strong>ostendit</strong></span> <span class='ocrx_word' id='word_1_317' title='bbox 1125 4729 1195 4805; x_wconf 88' lang='lat' dir='ltr'><strong>sihi</strong></span> <span class='ocrx_word' id='word_1_318' title='bbox 1222 4729 1424 4835; x_wconf 86' lang='lat' dir='ltr'><strong>quamdam</strong></span> <span class='ocrx_word' id='word_1_319' title='bbox 1451 4754 1598 4805; x_wconf 87' lang='lat' dir='ltr'><strong>crucem</strong></span> <span class='ocrx_word' id='word_1_320' title='bbox 1619 4728 1656 4803; x_wconf 94' lang='lat' dir='ltr'><strong>in</strong></span> <span class='ocrx_word' id='word_1_321' title='bbox 1675 4726 1865 4829; x_wconf 89' lang='lat' dir='ltr'><strong>presencia</strong></span> 
     </span>
    </p>
   </div>
   <div class='ocr_carea' id='block_1_5' title="bbox 0 0 2120 5956">
    <p class='ocr_par' dir='ltr' id='par_1_5' title="bbox 0 0 2120 5956">
     <span class='ocr_line' id='line_1_34' title="bbox 0 0 2120 5956; baseline 0 0"><span class='ocrx_word' id='word_1_322' title='bbox 0 0 2120 5956; x_wconf 95' lang='lat' dir='ltr'><strong> </strong></span> 
     </span>
    </p>
   </div>
  </div>
 </body>
</html>
