4230 5956
689 468 884 559 rnocns
910 487 1002 558 nus
1028 486 1329 560 rnurmnns.
1646 494 1716 577 12⁹

298 626 539 704 celebrarent.
561 624 713 704 Audivit
732 627 805 704 dici
827 627 929 734 quod
951 625 1035 702 laici
1059 642 1231 704 tenentes
1257 655 1391 705 eorum
1412 628 1586 733 capitolia
1606 629 1719 710 lacie-

295 756 386 833 bant
404 758 442 834 in
467 785 600 834 eorum
618 757 887 834 terminacione
908 756 1051 863 aliquas
1071 755 1351 849 absoluciones,
1373 758 1491 834 nescit
1520 759 1549 835 si
1571 789 1591 834 a
1611 762 1718 865 penis

294 886 354 963 vel
373 888 584 995 apeccatis,
603 917 681 965 non
702 905 830 965 tamen
851 887 970 964 credit
991 886 1097 995 quod
1115 906 1269 994 possent
1292 887 1484 974 absolvere
1504 917 1525 964 a
1542 890 1715 995 peccatis.

295 1017 475 1096 Jurabant
495 1019 668 1095 ordinem
685 1046 761 1096 non
783 1019 900 1107 exire,
920 1018 1044 1094 statim
1061 1048 1129 1124 pro
1145 1018 1321 1124 professis
1343 1017 1588 1096 habebantur.
1611 1018 1718 1101 Clan-

297 1147 442 1226 destine
468 1149 755 1255 recipiebantur,
788 1147 905 1228 nullis
936 1148 1174 1254 presentibus
1203 1151 1273 1227 nisi
1301 1150 1478 1228 fratribus
1509 1150 1627 1257 ipsius
1657 1179 1718 1229 or·

297 1276 412 1368 dinis,
434 1308 478 1356 ex
498 1307 574 1385 quo
596 1279 715 1356 credit
739 1278 844 1386 quod
870 1295 967 1357 esset
986 1278 1148 1385 suspicio
1170 1298 1297 1357 contra
1326 1309 1402 1358 eos.
1424 1282 1465 1356 In
1486 1280 1568 1388 ejus
1587 1307 1717 1387 recep·

297 1408 404 1484 cione
453 1407 525 1486 fuit
565 1408 636 1486 sihi
677 1409 812 1485 tradita
846 1408 1010 1515 quedam
1053 1409 1209 1487 cordula
1252 1440 1326 1517 qua
1369 1438 1483 1514 super
1524 1409 1714 1488 camisiam

296 1538 519 1645 cingeretur.
547 1541 761 1647 Injunctum
790 1540 862 1618 fuit
891 1540 925 1616 ei
953 1569 1000 1616 ne
1021 1540 1202 1617 revelaret
1221 1558 1362 1619 secreta
1380 1541 1648 1647 capitulorum,
1668 1541 1716 1619 de

295 1669 411 1746 modo
436 1671 664 1777 recepcionis
683 1670 833 1778 speciali
863 1699 941 1748 non
968 1671 1093 1747 habita
1124 1673 1333 1749 moncione.
1363 1672 1439 1765 Qui
1472 1672 1713 1761 revelassent,

294 1802 463 1906 graviter,
485 1804 552 1879 sed
568 1802 692 1879 ‘nescit
711 1802 883 1909 qualiter,
905 1802 1029 1909 puniti
1043 1803 1212 1879 luissent.
1232 1805 1377 1879 Fratres
1390 1803 1551 1878 scientes
1571 1828 1716 1890 errores

294 1931 526 2038 negligentes
555 1931 711 2009 hierunt
730 1933 818 2036 quia
846 1959 924 2008 non
950 1948 1191 2007 correxerunt
1221 1959 1285 2023 eos
1305 1959 1374 2006 nec
1395 1931 1716 2009 denunciaverunt

294 2060 468 2138 Ecclesia.
490 2063 533 2136 In
554 2060 743 2167 aliquibus
763 2060 854 2137 locis
875 2060 1017 2137 ordinis
1038 2060 1242 2136 elemosine
1269 2078 1307 2136 et
1324 2060 1556 2165 hospitalitas
1579 2061 1715 2140 melius

295 2217 408 2294 quam
428 2191 468 2266 in
493 2189 574 2266 aliis
595 2190 848 2267 servabantur.
870 2190 1050 2268 Ordinata
1076 2218 1143 2295 per
1167 2191 1385 2298 Magistrum
1414 2219 1500 2267 cum
1529 2209 1714 2269 conventu

294 2337 473 2396 servasset
491 2336 595 2396 totus
614 2319 725 2407 ordo,
749 2336 877 2395 contra
896 2347 1010 2425 quem
1038 2346 1139 2394 nunc
1162 2318 1318 2425 grandia
1339 2319 1528 2408 scandala,
1551 2321 1713 2427 suspicio

295 2467 332 2525 et
360 2449 513 2526 infamia
542 2466 629 2526 sunt
652 2466 795 2537 exorta3
817 2448 923 2555 cujus
952 2448 1129 2525 fratribus
1149 2449 1269 2525 credit
1288 2448 1394 2553 quod
1415 2466 1538 2526 essent
1558 2469 1647 2529 nota
1666 2451 1713 2528 il-

292 2577 392 2656 licita
413 2579 615 2657 confessata
641 2608 709 2685 per
736 2607 842 2669 eum,
866 2594 904 2654 et
924 2579 1029 2686 quod
1055 2607 1212 2683 magnus
1239 2578 1414 2686 Magister
1441 2597 1478 2655 et
1497 2580 1559 2656 alii
1579 2582 1711 2658 eadem

294 2709 369 2787 siut
388 2709 558 2787 confessi.

349 2840 561 2946 Requisitus
590 2840 620 2915 si
651 2840 704 2918 sic
741 2840 967 2947 deposuerat
999 2867 1125 2944 prece,
1155 2855 1349 2944 precepto,
1382 2838 1535 2927 timore,
1564 2866 1710 2930 amore,

293 2970 398 3057 odio,
424 2968 484 3046 vel
510 2968 710 3076 temporali
739 2969 899 3047 comodo
919 2967 1048 3045 habito
1070 2967 1128 3043 vel
1159 2966 1352 3055 habendo,
1379 2967 1575 3074 respondit
1606 2968 1714 3073 quod

292 3128 386 3188 non,
408 3099 475 3176 sed
501 3127 570 3206 pro
589 3099 743 3177 veritate
765 3099 941 3188 dicenda3
974 3099 1035 3175 cui
1054 3097 1126 3175 suit
1151 3097 1363 3204 injunctum
1384 3097 1490 3204 quod
1510 3124 1587 3174 non
1612 3126 1714 3176 reve·

292 3229 385 3307 laret
404 3230 501 3306 hanc
520 3258 626 3306 suam
648 3229 948 3336 deposicionem,
974 3257 1173 3335 quousque
1200 3228 1460 3305 attestaeiones
1484 3227 1624 3306 fuerint
1643 3259 1713 3336 pu·

291 3360 442 3450 blicate3
465 3377 503 3436 et
523 3389 599 3436 non
619 3360 809 3438 obtulerat
825 3388 864 3437 se
884 3359 933 3438 ad
953 3358 1225 3437 deffensionem
1244 3358 1400 3435 ordinis.

347 3493 436 3569 Acta
454 3490 609 3568 luerunt
625 3492 696 3569 hec
719 3492 825 3568 dictis
845 3491 907 3568 die
926 3508 965 3568 et
977 3491 1077 3581 loco,
1096 3488 1335 3596 presentibus
1358 3488 1535 3595 magistro
1551 3487 1709 3579 Amisio,

291 3651 352 3698 me
372 3621 626 3718 Floriamonte
646 3622 866 3714 Dondedei,
887 3640 924 3701 et
939 3622 1020 3698 aliis
1038 3621 1193 3699 notariis
1211 3650 1322 3728 supra
1336 3620 1473 3698 ultimo
1490 3621 1709 3711 nominatis,

291 3752 365 3828 hoc
384 3753 481 3830 salvo
505 3752 609 3859 quod
634 3753 757 3830 dictus
782 3753 957 3862 magister
986 3755 1094 3861 Hugo
1125 3781 1202 3831 non
1223 3751 1393 3832 interfuit
1412 3753 1628 3858 juramento
1655 3766 1712 3827 te·

290 3882 403 3958 stium
421 3883 533 3959 hodie
545 3883 770 3989 juratorum.

348 4145 434 4220 Post
461 4145 547 4233 hec,
581 4146 642 4223 die
672 4146 801 4223 Martis
835 4145 1026 4251 sequenti,
1058 4170 1132 4250 que
1167 4142 1239 4220 luit
1270 4139 1479 4248 penultima
1512 4140 1592 4218 dies
1619 4139 1710 4217 dicti

290 4273 428 4347 mensis
456 4273 600 4358 Marcii,
622 4273 693 4350 suit
712 4274 897 4351 adductus
923 4273 972 4350 ad
1001 4271 1233 4378 presenciam
1260 4270 1447 4347 dictorum
1466 4270 1710 4349 dominorum

289 4403 551 4509 episcoporum
586 4420 624 4478 et
656 4402 907 4503 archidiaconi
936 4401 1171 4494 Tridentini,
1205 4400 1286 4478 aliis
1315 4400 1482 4507 legitime
1511 4401 1708 4489 excusatis,

288 4535 327 4609 in
344 4534 459 4610 domo
478 4533 646 4639 predicta
663 4532 808 4610 domini
829 4533 929 4610 Petri
941 4532 989 4609 de
1010 4532 1215 4623 Sabaudia,
1234 4531 1346 4610 frater
1365 4531 1593 4611 Guillelmus
1613 4532 1710 4608 Tex-

287 4664 379 4741 toris
399 4663 596 4771 presbiter,
625 4680 774 4741 curatus
799 4664 953 4742 ecclesie
977 4664 1024 4741 de
1058 4663 1173 4743 Cellis
1193 4664 1508 4745 Claramontensis
1531 4661 1708 4753 diocesis,

288 4793 392 4870 testis
411 4821 524 4900 supra
536 4795 702 4899 juratus,
727 4812 771 4872 ut
790 4794 1000 4903 deponeret
1018 4794 1161 4872 dictum
1192 4823 1322 4888 suum;
1350 4795 1634 4907 octuagenarius
1650 4793 1710 4872 vel

374 4929 483 4993 raocis
506 4951 557 4994 nm
577 4952 799 4994 rammam.-
812 4953 835 4994 ιι
1079 5024 1081 5030 Ι
1526 4954 1561 5015 ¹7
