4230 5956
606 472 802 564 rnocss
834 493 930 564 ors
962 493 1266 565 rsurnrsns.
1570 502 1643 572 215

231 628 406 704 credebat
427 628 1132 720 ecclesiasticissacramentis,credens
1152 634 1255 739 quod
1277 633 1391 739 aliqui
1411 664 1453 710 ex
1474 638 1555 715 aliis
1573 640 1645 714 lra-

229 759 349 836 tribus
368 759 510 835 ordinis
530 761 665 838 eodem
687 762 803 840 modo
824 763 1035 852 crederent,
1058 765 1124 841 sed
1145 791 1221 840 non
1240 763 1360 840 credit
1377 765 1482 871 quod
1501 766 1563 843 alii
1580 771 1645 872 qui

228 889 413 967 faciebant
439 890 605 994 predicta
632 891 713 968 fieri
741 911 865 970 essent
889 893 979 970 boni
1008 894 1222 973 Christiani.
1249 893 1380 972 Credit
1399 896 1515 971 eciam
1543 900 1646 1003 quod

229 1047 359 1096 eorum
386 1020 596 1098 sacerdotes
616 1022 742 1100 debite
758 1022 1002 1101 celebrarent.
1030 1026 1211 1101 durabant
1235 1024 1406 1102 ordinem
1430 1053 1506 1102 non
1526 1028 1644 1116 exire;

228 1151 354 1226 statim
379 1179 447 1256 pro
470 1151 645 1256 professis
670 1153 917 1231 habebantur.
947 1155 1186 1232 Clandestine
1213 1156 1501 1262 recipiebantur,
1530 1159 1646 1235 nullis

229 1281 465 1383 presentibus
481 1283 552 1358 nisi
573 1282 749 1360 iratribus
766 1285 923 1375 ordinis,
948 1313 991 1361 ex
1013 1314 1090 1392 quo
1108 1286 1227 1362 credit
1245 1286 1350 1393 quod
1374 1304 1470 1363 esset
1485 1290 1645 1394 suspicio

229 1427 356 1487 contra
371 1439 447 1488 eos.
466 1413 617 1489 Audivit
629 1413 702 1490 dici
718 1416 765 1491 ab
779 1414 968 1521 aliquibus
987 1414 1164 1493 fratribus
1183 1416 1445 1522 ordinisquod
1467 1416 1582 1522 aliqui
1603 1447 1646 1493 ex

228 1540 403 1619 fratribus
423 1544 666 1621 existentibus
688 1544 785 1622 ultra
804 1574 905 1623 mare
925 1546 1189 1651 perpetrabant
1204 1547 1345 1623 crimen
1361 1547 1643 1635 sodomiticum,

228 1698 305 1747 non
318 1688 444 1747 tamen
459 1673 599 1749 audivit
620 1674 692 1749 dici
708 1675 813 1778 quod
827 1674 881 1752 fas
893 1692 990 1752 esset
1004 1676 1146 1753 eisdem
1167 1676 1374 1752 secundum
1396 1676 1541 1752 ordinis
1556 1704 1645 1751 con·

228 1801 368 1877 stituta.
383 1801 559 1881 Cordulis
571 1802 673 1878 unde
688 1804 863 1882 volebant
878 1806 1076 1910 assumptis
1091 1804 1335 1912 cingebantur
1350 1831 1463 1908 super
1478 1806 1645 1882 camisias

227 1959 314 2005 cum
335 1929 472 2035 quibus
487 1931 672 2037 jacebant.
698 1931 967 2038 lnjungebatur
987 1933 1040 2007 eis
1058 1960 1125 2037 per
1143 1950 1415 2008 sacramentum
1437 1959 1483 2006 ne
1508 1933 1645 2011 revela-

227 2076 313 2134 rent
332 2078 470 2135 secreta
494 2059 756 2164 capitoliorum
781 2087 851 2135 nec
872 2061 1031 2136 modum
1054 2061 1283 2165 recepcionis
1301 2088 1382 2148 sue,
1408 2062 1522 2166 etqui
1543 2091 1645 2138 reve-

229 2187 386 2277 lassent,
402 2188 459 2263 vel
475 2187 638 2293 predicta
652 2188 781 2265 illicita
796 2187 915 2264 lacere
929 2188 1150 2276 noluissent,
1165 2188 1453 2296 graviterpuniti
1474 2190 1641 2269 fuissent.

228 2318 434 2395 inhibitum
461 2315 534 2394 luit
561 2319 594 2393 ei
624 2346 691 2422 per
713 2335 971 2424 preceptorem
1000 2318 1136 2396 domus
1167 2319 1213 2394 de
1236 2320 1413 2424 Espaneis
1437 2320 1542 2424 quod
1567 2348 1643 2397 non

229 2448 473 2524 confiteretur
486 2447 557 2523 nisi
577 2446 832 2525 sacerdotibus
850 2446 1009 2534 ordinis,
1024 2447 1090 2523 sed
1103 2448 1175 2524 hoc
1196 2473 1272 2525 non
1287 2446 1511 2525 servabatur.
1527 2449 1644 2558 Cujus

229 2577 373 2654 ordinis
388 2576 519 2656 fratres
540 2605 636 2683 quos
655 2577 775 2653 credit
795 2577 941 2654 scivisse
966 2605 1110 2654 errores
1130 2576 1355 2656 confessatos
1371 2607 1439 2685 per
1456 2608 1544 2655 eum
1563 2580 1643 2657 lue—

229 2725 318 2784 runt
334 2708 575 2818 negligentes,
592 2707 772 2814 quianon
791 2724 1033 2785 correxerunt
1055 2735 1119 2785 eos
1144 2736 1212 2783 nec
1236 2709 1556 2786 denunciaverunt
1575 2711 1644 2786 Ec·

229 2838 350 2915 clesie.
367 2839 599 2915 Elemosinas
615 2854 653 2915 et
667 2836 959 2943 hospitalitatem
973 2836 1066 2912 vidit
1080 2836 1347 2912 convenienter
1359 2835 1441 2911 beri
1457 2854 1494 2913 et
1508 2841 1641 2915 servari

228 2968 266 3040 in
298 2969 473 3045 domibus
498 2968 643 3047 ordinis
668 2969 706 3043 in
732 2967 871 3073 quibus
896 2966 1015 3043 extitit
1040 2983 1312 3053 commoratus,
1340 2983 1378 3041 et
1401 2966 1542 3042 audivit
1568 2967 1641 3044 dici

227 3098 329 3201 quod
351 3126 482 3175 eorum
507 3094 680 3204 capitulia
703 3096 798 3174 clam
821 3095 1059 3187 tenebantur,
1081 3095 1197 3172 nullis
1218 3095 1457 3202 presentibus
1478 3096 1550 3174 nisi
1569 3096 1642 3174 lra-

225 3225 344 3303 tn'bus
367 3227 526 3318 ordinis,
555 3245 593 3304 et
611 3227 813 3332 aliquando
828 3225 1057 3331 tempestive.
1079 3226 1312 3331 Frequenter
1329 3225 1497 3301 indebite
1517 3230 1641 3332 acqui-

226 3356 358 3432 rebant
373 3356 514 3448 ordini,
541 3356 608 3433 sed
629 3385 705 3434 non
722 3355 997 3463 precipiebatur
1017 3354 1171 3432 eisdem.
1194 3354 1325 3432 Credit
1345 3353 1451 3460 quod
1472 3356 1642 3433 ordinata

226 3513 293 3589 per
309 3488 525 3594 Magistrum
547 3515 632 3562 cum
650 3503 835 3563 conventu
854 3485 1012 3562 luissent
1031 3502 1171 3562 servata
1187 3485 1226 3560 in
1242 3501 1322 3562 toto
1341 3485 1493 3573 ordine,
1513 3505 1640 3563 contra

226 3641 338 3720 quem
361 3645 460 3693 nunc
480 3617 633 3723 grandia
652 3616 840 3707 scandala,
861 3615 1023 3720 suspicio
1038 3629 1076 3691 et
1089 3614 1241 3691 infamia
1257 3632 1343 3691 sunt
1359 3632 1504 3704 exorta3
1529 3642 1640 3718 aquo

226 3742 387 3823 libenter
412 3747 580 3823 exivisset
606 3764 759 3850 propter
787 3743 955 3850 predicta
982 3741 1184 3820 confessata
1213 3769 1280 3847 per
1307 3772 1393 3817 eum
1426 3760 1463 3819 et
1489 3761 1641 3849 propter

225 3876 440 3980 asperitates
456 3875 617 3966 ordinis,
634 3876 705 3952 nisi
726 3874 913 3951 timuisset
929 3874 1026 3978 capi,
1043 3890 1081 3949 et
1097 3871 1168 3949 sibi
1183 3871 1393 3978 periculum
1413 3872 1639 3948 immineret.

224 4002 376 4080 Audivit
395 4005 467 4081 dici
491 4005 633 4082 dictum
654 4003 873 4111 Magistrum
894 4019 934 4078 et
952 4001 1045 4079 alios
1063 4000 1188 4105 aliqua
1212 3998 1325 4076 fuisse
1344 3996 1531 4074 confessos
1552 4027 1641 4076 con-

102 4136 107 4149 '
224 4147 280 4206 tra
299 4131 488 4221 ordinem,
519 4134 565 4209 ad
596 4136 701 4241 cujus
732 4132 1003 4209 deffensionem
1023 4158 1062 4205 se
1082 4155 1160 4205 non
1183 4126 1392 4218 obtulerat,
1423 4154 1493 4204 nec
1520 4127 1641 4205 suerat

228 4258 323 4335 ultra
349 4288 462 4336 mare.

280 4389 493 4495 Requisitus
504 4390 533 4466 si
545 4391 596 4468 sic
608 4391 832 4496 deposuerat
846 4417 972 4496 prece,
984 4405 1174 4495 precepto,
1194 4389 1347 4479 timore,
1366 4417 1511 4479 amore,
1529 4391 1634 4477 odio,

225 4520 280 4597 vel
294 4521 492 4626 temporali
509 4521 670 4598 comodo
688 4520 816 4598 habito
830 4520 890 4598 vel
908 4520 1099 4610 habendo,
1117 4518 1312 4626 respondit
1334 4519 1438 4624 quod
1457 4546 1552 4609 nou,
1570 4521 1638 4597 sed

223 4679 290 4754 pro
318 4651 469 4727 veritate
493 4650 671 4741 dicenda;
696 4651 756 4727 cui
780 4649 852 4729 fuit
875 4653 1087 4759 injunctum
1110 4650 1214 4755 quod
1240 4677 1318 4727 non
1340 4650 1521 4727 revelaret
1541 4651 1637 4728 hanc

222 4810 327 4858 suam
348 4782 643 4887 deposicionem,
666 4809 864 4888 quousque
884 4782 1142 4860 attestaciones
1161 4780 1303 4858 fuerint
1321 4780 1520 4886 publicate.
