4230 5956
449 471 518 546 tos
833 455 1027 546 raeces
1053 471 1149 543 nes
1176 466 1473 543 raupttans

444 611 531 690 lecit
550 639 636 688 eum
659 637 791 689 vovere
815 628 855 689 et
872 613 1000 720 jurare
1023 610 1260 700 castitatem,
1274 608 1552 698 obedienciam,
1578 624 1617 685 et
1634 608 1756 687 vivere
1780 609 1861 690 sine

445 741 613 848 proprio,
639 757 677 818 et
698 768 842 818 servare
867 741 990 821 bonos
1013 770 1105 819 usus
1127 757 1165 818 et
1186 739 1305 817 bonas
1328 739 1619 818 consuetudines
1639 739 1800 832 ordinis,
1824 758 1862 820 et

444 872 549 978 quod
564 897 641 947 non
663 870 843 948 revelaret
857 888 997 949 secreta
1026 868 1296 976 capitulorum
1315 882 1354 946 et
1370 868 1545 977 imposito
1568 867 1641 948 sihi
1663 870 1859 960 mantello,

445 1016 615 1108 receptor
630 1018 667 1077 et
682 1027 815 1078 omnes
831 1019 992 1079 astantes
1011 999 1167 1078 osculati
1187 996 1343 1077 fuerunt
1362 1028 1451 1078 eum
1470 999 1516 1076 in·
1528 1026 1606 1078 ore.
1628 1000 1762 1078 Postea
1779 1031 1864 1109 pre·

445 1130 543 1238 cepit
560 1130 595 1207 ei
610 1129 716 1236 quod
734 1130 966 1209 oscularetur
988 1130 1112 1238 ipsum
1127 1145 1367 1235 receptorem
1384 1129 1423 1206 in
1443 1155 1534 1208 anca
1548 1147 1588 1207 et
1600 1129 1643 1206 ia
1661 1130 1861 1220 umbilico,

416 1285 420 1296 ·
445 1259 593 1337 camisia
615 1259 858 1347 intermedia,
889 1279 927 1338 et
951 1259 1024 1337 suit
1047 1287 1135 1337 eum
1159 1258 1253 1335 inihi
1273 1258 1474 1336 osculatus.
1500 1257 1671 1366 Preeepit
1693 1261 1810 1337 eciam
1830 1261 1865 1339 ei

445 1390 549 1497 quod
564 1388 766 1497 abnegaret
775 1389 810 1466 la
826 1390 1009 1497 propliets
1023 1391 1108 1495 (sic).
1123 1387 1342 1496 Requisitus
1354 1388 1447 1495 qrrid
1462 1387 1696 1498 intelligebat
1707 1417 1776 1496 per
1784 1419 1867 1497 pro

446 1520 617 1625 phetam,
642 1519 837 1625 respondit
863 1546 903 1596 se
923 1520 1066 1597 nescire
1091 1519 1121 1596 si
1145 1519 1300 1596 lhesum
1325 1517 1518 1596 Christum
1541 1517 1602 1596 vel
1619 1546 1754 1626 quem,
1776 1521 1865 1627 quia

442 1650 590 1756 juvenis
610 1666 704 1739 erat,
719 1666 846 1727 tamen
865 1649 1059 1758 abnegavit
1077 1649 1300 1756 prophetam
1325 1675 1390 1726 ore
1405 1674 1483 1726 non
1504 1649 1633 1738 coede,
1659 1643 1803 1727 hebens
1818 1652 1865 1728 de

339 1812 342 1819 ·
447 1779 518 1858 hoc
532 1806 742 1857 remorsum
757 1767 1007 1872 consciencie,
1028 1780 1116 1887 quia
1130 1778 1327 1856 audiverat*
1342 1779 1417 1856 dici
1432 1780 1538 1887 quod
1554 1779 1664 1857 tadei
1684 1779 1865 1857 vocabant

447 1911 569 1988 Deum
596 1928 766 1987 nostrum
791 1909 1025 2017 prophetam.
1054 1909 1157 1988 Dixit
1184 1908 1302 1987 eciam
1331 1908 1365 1986 ei
1390 1909 1496 2017 quod
1516 1926 1663 2016 poterat
1687 1908 1865 1988 hatrihus

447 2040 590 2118 ordinis
610 2039 805 2118 carnaliter
825 2040 1057 2118 commisceri
1081 2057 1119 2118 et
1138 2040 1208 2148 ipsi
1229 2066 1316 2116 cum
1336 2067 1400 2127 eo:
1418 2040 1493 2118 hoc
1515 2057 1642 2121 umen
1662 2067 1740 2117 non
1760 2038 1863 2126 lecit,

447 2196 516 2248 nec
538 2172 659 2247 credit
681 2172 788 2276 quod
813 2169 921 2249 fieret
946 2172 986 2248 in
1011 2170 1157 2249 ordine.
1184 2170 1359 2277 Precepit
1387 2170 1431 2248 ei·
1448 2171 1556 2278 quod
1582 2187 1734 2277 spueret
1753 2199 1866 2276 super

447 2300 650 2405 quamdam
674 2327 825 2377 crucem
845 2299 1025 2406 scalptam
1051 2301 1089 2377 in
1110 2300 1275 2406 quodam
1301 2299 1427 2406 lapide
1439 2299 1545 2408 juxta
1569 2299 1697 2378 locum
1724 2300 1763 2377 in
1789 2327 1864 2406 quo

447 2430 639 2538 legebatur
660 2429 834 2536 epistola,
857 2447 896 2507 et
914 2431 1001 2536 ipse
1015 2431 1120 2509 testis
1142 2431 1244 2538 spuit
1270 2454 1348 2509 non
1361 2458 1483 2537 supra
1504 2432 1572 2509 sed
1593 2430 1720 2540 juxtae
1745 2447 1783 2507 et
1808 2446 1864 2507 est

423 2558 643 2636 sciendum
680 2559 784 2666 quod
826 2558 948 2636 dictus
972 2560 1078 2637 testis
1105 2560 1281 2666 deposuit
1305 2559 1515 2666 supradicta
1544 2557 1707 2637 multum
1736 2549 1862 2664 tepide

448 2707 485 2767 et
506 2690 683 2767 remisse:
712 2705 849 2766 etcum
874 2688 1133 2766 exhortaretur
1154 2717 1222 2795 per
1247 2689 1365 2769 dictos
1391 2688 1565 2767 dominos
1591 2686 1864 2766 commissarios

447 2819 495 2898 ad
519 2822 709 2899 veritatem
735 2819 938 2898 dicendam
964 2848 1052 2898 urm
1082 2821 1299 2908 securitate,
1331 2819 1425 2896 dixit
1455 2818 1561 2925 quod
1595 2817 1751 2896 nolebat
1782 2847 1865 2924 per-

448 2953 537 3029 dere
558 2979 769 3057 personam.
786 2950 1001 3058 Requisitus
1018 2950 1051 3029 si
1067 2950 1156 3043 scit,
1167 2949 1309 3038 eredit,
1323 2947 1379 3027 uel
1397 2948 1539 3027 audivit
1552 2947 1625 3024 dici
1644 2947 1750 3055 quod
1765 2947 1862 3024 dicta

448 3077 575 3155 illicita
590 3081 659 3157 vel
681 3079 752 3157 alia
775 3081 1046 3158 intervenirent
1069 3078 1322 3158 communiter
1346 3079 1386 3155 in
1400 3075 1684 3185 reoepcionihus
1700 3076 1862 3154 aliorum

448 3207 603 3285 fratrum
625 3210 768 3287 ordinis
787 3209 845 3286 uel
864 3226 964 3315 post,
982 3211 1179 3318 respondit
1197 3208 1303 3317 quod
1322 3236 1411 3287 non.
1433 3209 1530 3286 ltem‘
1546 3207 1638 3285 dixit
1651 3233 1691 3284 se
1709 3206 1865 3284 credere

448 3337 553 3442 qnod
568 3337 698 3415 fratres
712 3338 855 3415 ordinis
868 3340 1065 3416 crederent
1083 3339 1338 3417 ecclesiasticis
1358 3337 1613 3430 sacramentis,
1628 3337 1771 3446 quihus
1786 3338 1864 3443 ipse

449 3466 642 3559 credebat,
669 3485 706 3544 et
728 3470 833 3574 quod
860 3497 992 3548 eorum
1022 3469 1233 3548 sacerdotes
1261 3467 1388 3547 debite
1415 3467 1659 3545 celebrarent.
1691 3467 1867 3545 Promisit

449 3595 622 3674 ordinem
636 3624 713 3673 non
726 3598 840 3688 exire,
863 3599 1019 3676 credens
1033 3599 1139 3705 quod
1156 3598 1219 3676 alii
1234 3598 1337 3676 idem
1355 3596 1630 3704 promitterent.
1650 3597 1784 3677 Statim
1796 3625 1863 3702 pro

449 3727 623 3833 professis
646 3727 890 3805 habebantur.
912 3729 1151 3807 Clandestine
1176 3727 1468 3835 recipiebantur,
1495 3726 1611 3806 nullis
1629 3727 1867 3834 presentibus

448 3858 520 3937 nisi
539 3857 715 3936 fratribus
735 3857 888 3936 ordinis.
905 3860 1082 3937 Cordulis
1103 3858 1204 3935 unde
1222 3857 1402 3936 volebant·
1412 3856 1610 3964 assumptis
1623 3856 1866 3964 cingebantur

449 4017 561 4094 super
584 3988 752 4067 camisias
782 4017 867 4066 cum
897 3988 1038 4095 quihus
1065 3988 1249 4096 jacebant.
1278 3985 1548 4094 lnjungehatur
1575 3987 1629 4064 eis
1655 3985 1759 4092 quod
1787 4012 1865 4062 uon

450 4117 721 4196 confiterentur
730 4119 812 4196 aliis
824 4147 937 4228 quam
948 4117 1205 4197 sacerdotibus
1213 4117 1368 4207 ordinis,
1380 4115 1715 4224 quamdiucopiam
1726 4113 1866 4192 hahere

450 4264 623 4354 poterant
636 4250 872 4327 eorumdem.
894 4249 1171 4358 Precipiehatur
1191 4248 1245 4326 eis
1264 4247 1370 4354 quod
1389 4274 1467 4325 non
1486 4245 1694 4324 revelarent
1709 4244 1867 4323 modum

450 4405 516 4456 sue
532 4380 766 4485 rceepcionis.
779 4380 852 4456 illis
870 4382 935 4487 qui
951 4410 1029 4459 non
1042 4397 1148 4458 erant
1167 4381 1214 4457 de
1232 4378 1365 4457 ordine
1382 4405 1527 4455 eorum.
1541 4375 1626 4470 ,Qui
1644 4374 1868 4453 revelassent

450 4508 508 4586 vel
518 4526 662 4586 secreta
680 4509 966 4615 capitoliorum,
987 4511 1109 4615 puniti
1134 4508 1309 4600 luissent,
1329 4507 1396 4586 sed
1416 4504 1725 4612 neseitqnaliter.
1746 4503 1866 4611 siqui

453 4657 557 4714 erant
570 4638 700 4717 fratres
712 4639 871 4717 scientes
884 4665 1027 4715 errores
1040 4666 1119 4714 esse
1135 4639 1173 4714 in
1186 4639 1337 4730 ordine,
1351 4636 1506 4716 fuerunt
1520 4636 1768 4744 negligentes,
1778 4633 1868 4739 quia

452 4792 528 4841 non
540 4785 780 4845 correxerunt
792 4795 856 4845 eos
868 4794 939 4845 nec
953 4767 1274 4845 denunciaverunt
1284 4767 1458 4845 Ecclesia.
1476 4767 1517 4842 ln
1535 4763 1711 4844 domibus
1723 4762 1867 4841 ordinis
