4230 5956
433 461 507 533 aas
810 443 1005 536 raoetss
1036 461 1133 533 oss
1164 461 1468 535 ransmissa.

432 617 470 681 ct
488 598 608 676 credit
622 596 726 704 quod
743 599 840 676 bene
859 602 1057 678 crederent
1072 600 1328 678 ecclesiasticis
1345 602 1597 690 sacramentis,
1616 600 1757 707 quibus
1768 605 1847 708 ipse

431 729 565 833 credit,
584 745 621 805 et
635 727 740 835 quod
756 756 887 807 eorum
904 731 1130 819 sacerdotes,
1152 730 1296 807 sicutet
1311 732 1390 836 ipse
1404 732 1509 809 testis
1520 730 1695 822 faciebat,
1718 732 1846 810 debite

429 878 469 937 et
486 861 694 939 secundum
715 857 873 937 sormam
891 860 1055 938 Ecclesia
1073 860 1317 938 celebrarent.
1340 862 1472 939 Statim
1496 889 1565 968 pro
1585 860 1759 967 professis
1782 864 1847 939 ha-

427 989 626 1068 bebantur.
647 988 886 1068 Clandestine
902 989 1189 1096 recipiebantur,
1210 989 1325 1066 nullis
1338 990 1575 1096 presentibus
1586 991 1659 1066 nisi
1673 987 1847 1068 fratribus

429 1119 588 1207 ordinis,
611 1145 655 1194 ex
673 1145 751 1224 quo
774 1119 893 1195 credit
916 1118 1021 1224 quod
1035 1136 1132 1196 esset
1146 1120 1307 1223 suspicio
1322 1137 1451 1197 contra
1466 1147 1543 1197 eos.
1554 1118 1734 1196 Cordulis
1745 1119 1847 1196 unde

430 1245 603 1325 volebant
617 1249 816 1354 assumptis
833 1248 1078 1356 cingebantur
1093 1277 1205 1354 super
1222 1250 1389 1327 camisias
1403 1278 1490 1327 curn
1510 1249 1650 1356 quibus
1659 1249 1844 1356 jacebant.

428 1375 609 1453 Iurabant
626 1405 704 1454 nou
718 1378 881 1455 revelare
897 1395 1036 1455 secreta
1055 1377 1335 1483 capituliorum,
1358 1380 1477 1456 eciam
1492 1373 1670 1456 fratribus
1687 1379 1753 1484 qui
1770 1407 1845 1456 non

429 1502 625 1585 adfirmant
648 1507 686 1581 in
704 1505 869 1598 eisdem,
890 1505 937 1584 dc
957 1507 1074 1583 modo
1088 1506 1316 1612 recepcionis
1337 1507 1488 1611 speciali
1505 1534 1584 1584 uon
1600 1507 1725 1584 habita
1744 1535 1845 1584 men·

428 1633 553 1725 cione;
576 1636 697 1742 etqui
717 1637 957 1727 revelassent,
978 1636 1101 1742 puniti
1121 1634 1296 1723 fuissent,
1321 1653 1361 1712 ct
1381 1635 1552 1714 habitum
1571 1637 1840 1743 perdidissent,

429 1780 472 1841 ut
489 1762 620 1840 credit.
640 1765 908 1873 injungebatur
925 1766 979 1843 eis
998 1765 1101 1871 quod
1122 1765 1306 1871 quamdiu
1325 1781 1499 1870 poterant
1521 1763 1694 1843 confiteri
1723 1794 1842 1841 sacer-

427 1891 581 1971 dotibus
596 1894 755 1984 ordinis,
772 1922 850 1972 non
863 1892 1134 1972 confiterentur
1151 1894 1244 1972 aliis.
1261 1895 1409 1973 Fratres
1422 1893 1562 2002 quibus
1576 1894 1696 1971 credit
1713 1913 1841 1971 notam

426 2019 538 2101 luisse
556 2023 847 2131 abnegacionem
863 2023 1105 2101 confessatam
1134 2052 1202 2128 per
1216 2051 1303 2100 eum
1317 2023 1473 2101 fuenmt
1491 2023 1739 2130 negligentes,
1755 2024 1842 2130 quia

426 2180 503 2231 uon
523 2172 764 2231 correxerunt
787 2183 857 2232 nec
881 2154 1199 2232 denunciaverunt
1215 2153 1391 2232 Ecclesie.
1408 2153 1644 2232 Elemosinas
1660 2171 1699 2230 et
1716 2154 1843 2260 hospi-

425 2279 606 2357 talitatem
629 2283 721 2359 vidit
747 2285 1013 2361 convenienter
1038 2284 1121 2361 fieri
1141 2302 1178 2361 et
1202 2284 1337 2360 servari
1365 2285 1405 2359 in
1433 2283 1611 2362 domibus
1634 2283 1776 2361 ordinis
1802 2285 1841 2360 in

424 2408 564 2516 quibus
586 2410 706 2487 extitit
725 2429 991 2503 commoratus,
1014 2430 1051 2488 et
1073 2413 1347 2518 precipiebatur
1370 2413 1424 2490 eis
1443 2412 1550 2519 quod
1571 2412 1698 2489 debite
1716 2415 1840 2519 acqui-

424 2557 551 2619 rerent
569 2539 715 2617 ordini.
742 2541 894 2619 Audivit
917 2544 990 2619 dici
1016 2544 1121 2649 quod
1147 2570 1278 2620 eorum
1295 2542 1470 2647 capitulis
1489 2541 1586 2619 clam
1604 2542 1838 2630 tenebantur,

424 2668 541 2747 nullis
559 2670 796 2777 presentibus
816 2672 887 2748 nisi
905 2671 1079 2750 fratribus
1107 2672 1266 2759 ordinis,
1280 2670 1407 2779 januis
1432 2672 1569 2749 domus
1583 2671 1623 2746 in
1643 2699 1718 2777 qua
1735 2689 1841 2750 tene-

422 2798 536 2878 batur
558 2802 763 2908 capitulum
787 2801 933 2880 clausis.
954 2802 1135 2881 Ordinata
1153 2830 1221 2908 per
1232 2803 1450 2911 Magistrum
1465 2828 1551 2877 cum
1570 2816 1757 2878 conventu
1773 2832 1843 2879 ser·

422 2948 541 3008 vasset
558 2947 661 3009 totus
686 2933 799 3019 ordo,
825 2951 1086 3040 contraquam
1113 2960 1212 3009 nunc
1236 2931 1389 3038 grandia
1411 2928 1599 3021 scandala,
1615 2931 1777 3035 suspicio
1804 2951 1841 3007 ct

423 3059 575 3138 infamia
600 3079 688 3139 sunt
709 3081 849 3154 exorta,
872 3080 909 3140 et
937 3081 1064 3140 contra
1084 3092 1199 3169 quern
1224 3062 1345 3139 dictus
1364 3049 1539 3169 Magister
1563 3059 1688 3137 etalii
1715 3059 1840 3167 aliqua

424 3187 601 3265 dicuntur
615 3190 727 3267 luisse
741 3193 918 3282 consessi3
941 3193 988 3269 ad
1004 3194 1109 3298 cujus
1125 3192 1268 3269 ordinis
1282 3190 1554 3271 deffensionem
1574 3216 1614 3267 se
1633 3217 1711 3266 non
1729 3190 1839 3268 obtu-

422 3318 532 3406 lerat,
548 3346 616 3396 nec
631 3320 751 3397 fuerat
771 3323 868 3400 ultra
881 3353 994 3401 mare.

477 3452 692 3556 Requisitus
708 3453 805 3529 sisic
821 3453 1045 3559 deposuerat
1059 3483 1188 3560 prece,
1211 3472 1400 3560 precepto,
1411 3455 1560 3545 timore,
1574 3481 1714 3543 amore,
1732 3454 1835 3537 odio,

377 3589 384 3609 ’
422 3581 478 3658 sel
495 3583 691 3687 temporali
716 3583 877 3659 comodo
892 3585 1022 3662 habito
1040 3585 1096 3661 vel
1115 3584 1302 3675 habendo,
1324 3582 1519 3690 respondit
1537 3583 1642 3688 quod
1661 3609 1753 3673 non,
1773 3584 1838 3658 sed

422 3741 490 3818 pro
509 3714 660 3790 veritate
687 3713 860 3800 dicenda3
887 3716 947 3791 cui
976 3713 1046 3790 luit
1070 3715 1282 3821 injunctum
1306 3714 1411 3819 quod
1436 3739 1514 3788 non
1540 3711 1720 3791 revelaret
1744 3711 1838 3785 hanc

423 3870 527 3918 suam
547 3840 843 3949 deposicionem,
864 3872 1061 3949 quomque
1081 3845 1340 3921 attestaciones
1357 3842 1498 3920 brerint
1515 3839 1712 3946 publicata.

477 4111 605 4185 Frater
624 4112 731 4216 Hugo
756 4109 803 4184 de
825 4111 943 4185 Fauro
965 4108 1089 4196 miles,
1110 4107 1384 4182 Lemovicensis
1408 4103 1582 4192 diocesis,
1601 4100 1707 4178 testis
1726 4127 1837 4204 supra

416 4239 579 4344 juratus,
597 4239 935 4347 quinquagenarius
949 4237 1008 4315 vel
1023 4237 1133 4324 circa,
1151 4264 1227 4312 non
1241 4235 1427 4311 dellerens
1440 4230 1663 4310 mantellum
1677 4228 1836 4314 ordinis,

421 4369 508 4475 quia
532 4368 655 4474 ipsum
679 4370 871 4446 dimiserat
890 4385 1069 4445 vetustate
1090 4381 1381 4470 consumptum,·
1396 4363 1553 4442 barbam
1572 4379 1701 4438 tamen
1720 4359 1839 4436 deffe-

421 4499 546 4585 rebat,
576 4527 663 4575 cum
690 4528 766 4604 quo
784 4497 1014 4601 inquisitum
1039 4497 1178 4585 fuerat,
1205 4495 1398 4573 absolutus
1423 4510 1461 4570 et
1486 4490 1747 4570 reconciliatus
1770 4516 1839 4592 per

421 4627 618 4703 dominum
647 4628 949 4706 Lemovicensem
975 4624 1210 4729 episcopum,
1237 4624 1343 4701 lectis
1368 4640 1405 4699 et
1432 4622 1632 4726 diligenter
1661 4615 1835 4724 expositis

420 4753 491 4833 sibi
507 4756 685 4833 omnibus
700 4775 738 4834 et
752 4754 909 4862 singulis
926 4752 1108 4839 articulis,
1130 4753 1325 4857 respondit
1343 4780 1382 4829 se
1402 4751 1557 4844 nescire,
1579 4777 1650 4828 uec
1667 4745 1830 4831 credere,
