4230 5956
636 462 827 555 rnocts
859 481 955 552 ons
986 481 1288 555 rrurmnns.
1367 480 1369 484 ·
1591 482 1664 556 257

258 620 426 727 sequitur
442 650 451 694 :
469 617 641 697 videlicet
661 621 765 726 quod
782 621 861 725 ipse
882 638 1054 725 receptus
1073 620 1195 698 suerat
1212 622 1250 697 in
1270 620 1432 728 quadam
1449 648 1591 697 camera
1608 625 1674 700 do-

194 759 197 767 '
256 780 341 828 mus
364 748 514 855 Templi
530 751 577 827 de
597 751 743 828 Bendra
768 750 928 828 diocesis
954 751 1232 839 Convenarum,
1257 752 1351 828 circa
1374 751 1516 827 instans
1537 750 1673 829 festum

256 882 438 958 Omnium
459 881 681 957 Sanctorum
705 898 816 958 erunt
832 880 979 958 circiter
1007 906 1069 957 xm
1090 882 1193 967 anni,
1220 911 1287 987 per
1311 881 1462 959 fratrem
1485 879 1674 957 Senebru·

257 1038 349 1086 num
366 1012 413 1088 de
426 1010 534 1085 Prani
554 1010 731 1101 militem,
749 1010 796 1087 de
815 1011 922 1118 cujus
937 1011 1010 1087 vita
1032 1011 1090 1087 vel
1112 1028 1232 1089 morte
1252 1039 1329 1088 non
1349 1009 1464 1087 habet
1480 1011 1676 1087 certitudi—

257 1168 367 1226 nem,
386 1157 643 1244 preceptorem
667 1158 758 1217 tnnc
784 1140 830 1216 de
856 1141 1097 1217 Montsannes
1126 1142 1296 1248 ejusdem
1320 1141 1497 1228 diocesis,
1522 1169 1675 1245 presen-

256 1270 358 1347 tibus
376 1268 729 1347 fratribushmaldo
751 1271 798 1346 de
821 1272 986 1347 Bucourt
1004 1272 1217 1376 quondam,
1239 1270 1437 1348 Dominico
1463 1271 1510 1347 de
1535 1271 1675 1347 Linhac

259 1418 296 1478 et
317 1404 426 1480 Petro
450 1403 497 1478 de
520 1401 642 1479 Bisors
666 1400 928 1488 servientibus,
948 1402 996 1478 de
1015 1430 1178 1507 quorum
1202 1402 1274 1477 vita
1291 1402 1348 1477 vel
1370 1418 1490 1478 morte
1511 1429 1586 1477 non
1613 1402 1676 1478 ha-

257 1534 320 1610 bet
337 1532 614 1609 certitudinem.
632 1532 753 1638 Aqno
768 1547 960 1636 receptore
975 1531 1090 1637 petita
1104 1532 1279 1608 societate
1294 1531 1438 1608 ordinis
1453 1548 1490 1608 et
1504 1531 1574 1607 sibi
1592 1561 1676 1609 con·

257 1690 371 1752 cessa,
396 1661 550 1766 prestito
570 1662 675 1765 quod
695 1678 774 1738 erat
788 1660 912 1738 bonus
926 1661 1175 1749 Christianus,
1193 1680 1231 1737 et
1253 1661 1358 1767 quod
1377 1660 1542 1737 servabat
1558 1659 1672 1737 fidem

257 1795 431 1869 Romanae
441 1790 607 1879 ecclesie,
628 1790 716 1867 lecit
729 1818 816 1868 eum
829 1819 959 1868 vovere
977 1809 1014 1868 et
1023 1792 1150 1897 jurare
1167 1793 1387 1880 castitatem,
1402 1788 1673 1876 obedienciam,

256 1922 377 1998 vivere
392 1920 473 1997 sine
487 1921 656 2025 proprio,
680 1949 822 1996 servare
841 1919 964 1997 bonos
983 1949 1074 1998 usus
1092 1938 1129 1995 et
1152 1921 1269 1997 bonas
1289 1917 1674 2023 consuetudinesque

256 2069 345 2126 tunc
372 2067 476 2126 erant
502 2051 541 2124 in
568 2050 701 2126 ordino
726 2067 764 2124 et
789 2078 863 2154 que
892 2051 930 2124 in
959 2065 1151 2153 posterum
1181 2050 1477 2154 imponerentur,
1507 2065 1545 2122 et
1570 2048 1675 2154 quod

258 2179 375 2257 nichil
389 2181 527 2286 injuste
540 2180 750 2286 acquireret
766 2180 909 2269 ordini,
925 2198 962 2256 et
981 2182 1086 2285 quod
1102 2181 1278 2286 acquisita
1298 2208 1367 2285 pro
1384 2207 1493 2286 posse
1512 2208 1581 2256 suo
1597 2180 1675 2257 del·

257 2310 445 2397 fenderet,
471 2327 508 2386 et
528 2310 683 2416 quodsi
707 2338 784 2388 non
804 2329 929 2416 posset
948 2310 1183 2399 deffendere,
1203 2311 1281 2386 suis
1301 2308 1558 2414 superioribus
1578 2338 1675 2385 nun-

257 2442 386 2532 ciaret,
406 2439 511 2546 quod
528 2467 605 2515 non
621 2439 738 2516 exiret
749 2440 941 2526 ordinem,
960 2458 997 2515 et
1012 2441 1116 2544 quod
1134 2467 1210 2516 non
1225 2439 1406 2515 revelaret
1419 2454 1559 2516 secreta
1579 2440 1676 2555 capi·

256 2571 455 2658 tuliorum,
478 2568 524 2645 de
544 2568 659 2645 modo
680 2569 909 2672 recepcionis
931 2569 968 2643 in
990 2568 1137 2674 speciali
1156 2596 1234 2645 non
1256 2570 1381 2646 habita
1402 2569 1619 2655 mencione;
1638 2584 1676 2644 et

258 2700 436 2805 imposito
455 2697 527 2775 sihi
542 2696 740 2783 mantello,
763 2714 935 2804 receptor
955 2715 993 2774 et
1010 2715 1169 2775 astantes
1189 2698 1343 2775 luemnt
1358 2726 1446 2773 eum
1464 2698 1619 2775 osculati
1635 2699 1673 2773 in

258 2857 333 2905 ore.
355 2831 442 2907 Post
464 2855 538 2934 que
559 2828 648 2904 dicti
669 2826 799 2903 fratres
818 2828 1039 2905 Dominicus
1065 2845 1102 2903 et
1123 2826 1324 2914 Amaldus,
1347 2845 1385 2903 et
1404 2827 1558 2932 quidem
1579 2828 1675 2904 alius

257 2958 370 3036 frater
388 2959 551 3036 serviens
563 2959 627 3064 qui
644 2958 813 3047 adherat,
831 2959 936 3065 cujus
949 2985 1089 3033 nomen
1106 2976 1144 3034 et
1159 2985 1368 3062 cognomen
1384 2958 1545 3063 ignorat,
1564 2959 1675 3034 duxe-

256 3105 346 3164 runt
360 3089 482 3194 ipsum
502 3104 638 3164 testem
660 3087 707 3163 ad
728 3086 836 3162 aliam
854 3114 1055 3174 cameram,
1075 3103 1119 3163 ut
1132 3087 1308 3163 indueret
1322 3104 1440 3164 vestes
1460 3085 1672 3195 religionis:

257 3217 395 3322 quibus
415 3216 577 3307 indutis,
599 3216 670 3293 luit
694 3216 804 3292 allata
824 3244 892 3322 per
910 3215 1054 3294 dictum
1076 3218 1318 3295 Dominicum
1337 3217 1501 3322 quedam
1519 3247 1607 3295 crux
1629 3217 1673 3293 li·

255 3373 350 3451 gnea
364 3346 532 3453 antiqua,
550 3347 676 3451 inqua
696 3374 772 3423 non
794 3348 891 3423 bene
910 3348 1112 3454 apparebat
1131 3377 1264 3454 ymago
1284 3347 1477 3434 Crucifixi,
1496 3364 1533 3424 et
1547 3376 1675 3454 prece-

253 3478 311 3581 pit
330 3478 454 3553 eidem
473 3479 557 3554 testi
576 3478 680 3584 quod
701 3477 902 3584 abnegaret
916 3480 1058 3567 Deum,
1084 3496 1120 3556 et
1139 3481 1218 3585 ipse
1235 3478 1341 3555 testis
1360 3479 1555 3585 respondit
1569 3478 1672 3584 quod
1768 3471 1771 3477 ’

256 3606 328 3684 hoc
348 3607 454 3684 nullo
479 3608 596 3685 modo
614 3606 762 3685 laceret.
784 3610 915 3686 Postea
935 3612 1100 3715 precepit
1126 3611 1160 3685 oi
1183 3606 1288 3716 quod
1308 3626 1460 3714 spueret
1479 3636 1588 3713 supra
1615 3607 1672 3681 di·

255 3755 350 3815 ctam
367 3766 533 3830 crucem,
551 3756 588 3816 et
603 3740 680 3845 ipse
695 3740 890 3844 respondit
904 3742 1009 3844 quod
1021 3741 1094 3816 hoc
1111 3739 1217 3816 nullo
1232 3738 1347 3814 modo
1361 3736 1516 3825 faceret;
1529 3753 1567 3812 et
1580 3754 1672 3812 tunc

256 3867 378 3944 dictus
393 3867 615 3944 Dominicus
630 3884 669 3943 et
683 3867 745 3942 alii
762 3866 938 3944 dixerunt
952 3870 986 3943 ei
1002 3869 1108 3974 quod
1122 3869 1194 3946 hoc
1211 3867 1408 3973 oportebat
1425 3894 1512 3941 eum
1530 3864 1666 3957 lacere,

256 3997 340 4097 quia
356 3996 449 4073 tales
465 4013 570 4073 erant
588 3997 880 4075 consuetudines
899 3999 1041 4075 ordinis
1059 4028 1151 4104 quas
1165 4001 1243 4105 ipse
1254 4000 1441 4106 juraverat
1456 3995 1665 4083 observare;

256 4141 399 4200 etcum
420 4127 498 4229 ipse
522 4129 625 4204 testis
646 4128 889 4233 responderet
914 4130 1018 4234 quod
1042 4133 1112 4206 hoc
1133 4128 1240 4205 nullo
1265 4128 1381 4204 modo
1405 4125 1555 4219 laceret,
1579 4129 1667 4235 quia

255 4281 332 4329 non
354 4271 458 4330 erant
478 4255 571 4333 boni
591 4286 680 4334 usus
698 4274 736 4333 et
755 4259 855 4335 hone
878 4259 1168 4336 consuetudines
1192 4285 1260 4334 nec
1279 4259 1505 4335 tenebantur
1532 4259 1578 4335 ad
1599 4260 1671 4336 hoc

255 4381 484 4473 laciendum,
505 4385 628 4462 dictus
646 4388 866 4464 Dominicus
887 4417 973 4464 cum
991 4417 1063 4464 una
1085 4417 1199 4463 manu
1214 4389 1369 4495 arripuit
1385 4415 1470 4464 eum
1486 4388 1532 4464 ad
1553 4403 1671 4464 vastos

256 4543 367 4619 supra
386 4530 535 4618 pectus,
558 4533 596 4592 et
611 4517 803 4621 evaginato
817 4544 922 4610 ense,
942 4519 1020 4625 ipse
1041 4536 1079 4596 et
1094 4519 1154 4595 alii
1175 4518 1253 4596 duo
1268 4535 1428 4598 astantes
1445 4516 1622 4596 dixerunt
1635 4518 1669 4593 ei

255 4644 376 4750 quod,
396 4663 462 4721 aut
476 4647 644 4752 predicta
659 4646 811 4738 laceret,
832 4649 890 4726 vel
907 4648 1154 4727 infortunium
1177 4649 1341 4728 eveniret
1361 4648 1506 4740 eidem,
1528 4665 1567 4725 et
1579 4664 1670 4724 tunc

255 4774 333 4880 ipse
352 4776 472 4861 testis,
495 4775 595 4853 dicto
623 4778 759 4854 timore
781 4778 931 4868 ductus,
958 4781 1058 4886 spuit
1085 4807 1159 4857 non
1186 4809 1299 4886 super
1318 4780 1385 4859 sed
1399 4779 1504 4886 juxta
1531 4777 1667 4857 dictam

361 4910 466 4972 ononis
489 4932 541 4973 ors
564 4932 788 4975 rennuens-
803 4937 835 4976 ιι.
1482 4916 1520 4977 33
