4230 5956
626 468 822 563 ruocbs
849 492 944 564 nus
972 493 1268 566 renelmus.
1611 501 1657 574 se

234 659 303 752 nec
320 632 505 709 audivisse
521 632 596 708 dici
617 633 664 710 de
684 633 737 711 eis
750 633 827 710 nisi·
843 634 947 740 quod
962 636 1145 741 sequitur.
1166 634 1353 715 Videlicet
1372 637 1478 744 quod
1494 637 1573 742 ipse
1599 670 1659 716 re·

232 778 363 869 ceptus
392 762 529 855 luerat,
562 781 600 840 et
628 763 742 842 frater
768 764 957 851 Gerendus
987 766 1104 844 dela
1131 765 1261 873 Chapa
1297 766 1460 844 serviens
1490 766 1662 845 Cathala-

180 981 183 988 Α
232 895 360 972 nensis
383 892 543 972 diocesis
572 924 659 972 cum
682 924 745 988 eo,
771 923 840 1003 per
864 895 1017 975 fratrem
1044 898 1199 974 Petrum
1227 896 1276 973 de
1297 898 1475 977 Torbona
1499 897 1660 976 militem

154 1050 157 1055 ·
232 1024 443 1132 quondam,
479 1044 738 1135 preceptorem
768 1043 861 1104 tunc
887 1014 1038 1106 ballivie
1063 1028 1364 1120 Cathalanensis,
1394 1029 1490 1106 circa
1519 1030 1661 1115 instans

233 1153 372 1269 [qum
391 1158 596 1236 Nativitatis
614 1158 715 1237 beati
730 1159 912 1238 Johannis
924 1156 1091 1268 Baptiste¹
1104 1177 1218 1238 erunt
1233 1187 1348 1240 ‘xxvur
1365 1161 1454 1238 anni
1476 1159 1535 1238 vel
1551 1161 1657 1251 circa,

232 1287 273 1363 in
289 1287 429 1393 capella
440 1290 578 1369 domus
587 1290 737 1397 Templi
750 1291 797 1369 de
807 1292 995 1370 Novavilla
1003 1317 1121 1401 prope
1135 1291 1404 1383 Cathalanum,
1420 1291 1660 1398 presentibus

233 1417 410 1498 fratribus
431 1420 582 1499 Andrea
601 1420 819 1528 presbitero·
829 1421 928 1499 dicte
948 1422 1100 1515 domus,
1123 1424 1282 1531 Hugone
1302 1421 1463 1514 Sicardi,
1483 1421 1659 1500 Vicencio

233 1547 281 1626 de
300 1546 486 1640 Possessa,
505 1551 643 1630 Jacobo
663 1551 840 1631 Vicnensi
866 1553 1130 1646 servientibus,
1154 1553 1371 1641 deffunctis,
1399 1569 1437 1630 et
1456 1552 1658 1662 Raynaudo

234 1680 281 1756 de
296 1679 536 1788 Dompierre,
560 1684 627 1797 qui
643 1682 773 1792 affugit
785 1685 824 1789 in
841 1685 1017 1793 capcione
1037 1713 1190 1778 eorum,
1206 1686 1245 1761 in
1258 1686 1362 1763 hunc
1375 1686 1552 1762 modum:
1572 1712 1659 1759 nam

234 1842 320 1892 cum
329 1814 531 1920 peciissent
539 1844 675 1923 panem
691 1833 729 1893 et
742 1845 879 1923 aquam
888 1817 1118 1923 frequenter,
1136 1833 1175 1894 et
1188 1815 1353 1894 finaliter
1369 1817 1423 1895 eis
1440 1844 1659 1894 concessum

232 1942 383 2034 luisset,
409 1963 447 2024 et
468 1946 611 2024 dictum
626 1948 732 2053 quod
744 1947 843 2023 bene
861 1946 1132 2035 deliberarent,
1144 1948 1233 2053 quia
1253 1964 1445 2053 oporteret
1458 1974 1522 2022 eos
1540 1946 1660 2023 multa

234 2077 329 2156 dura
344 2095 382 2153 et
393 2058 524 2184 aspera
543 2077 744 2168 sustinere,
768 2078 924 2182 prestito
940 2105 1009 2183 per
1023 2080 1283 2184 juramentum
1308 2105 1439 2157 eorum
1456 2076 1560 2181 quod
1582 2061 1659 2154 nori
1780 2140 1803 2169 ,.

236 2223 341 2283 erant
359 2207 502 2284 servilis
522 2206 767 2295 condicionis,
790 2233 860 2282 nec
881 2206 1214 2295 excommunicati,
1239 2234 1310 2281 nec
1326 2204 1570 2283 matrimonio
1591 2234 1660 2284 nec

235 2335 341 2415 alteri
361 2334 535 2444 religioni
550 2365 619 2412 nec
635 2334 772 2412 debitis
792 2363 866 2439 que
885 2334 1027 2433 solvere
1045 2357 1122 2412 non
1137 2352 1292 2442 possent
1310 2335 1481 2443 obligati,
1501 2353 1538 2414 et
1555 2339 1660 2444 quod

234 2452 313 2551 nori
325 2465 515 2545 habebant
528 2465 788 2544 infirmitatem
801 2446 1002 2558 latentem,
1018 2464 1107 2544 lecit
1119 2496 1183 2557 eos
1201 2495 1335 2546 vovere
1351 2487 1389 2546 et
1403 2469 1531 2577 jurare
1547 2498 1661 2577 super

234 2597 378 2676 librur'n
399 2597 624 2690 castitatem,
646 2597 928 2688 obedienciam,
948 2598 1066 2677 vivere
1087 2599 1167 2676 sine
1186 2599 1357 2705 proprie,
1381 2627 1525 2678 servare
1539 2600 1660 2678 bonos

237 2758 328 2809 usus
349 2747 388 2807 et
406 2728 525 2809 bonas
545 2731 838 2810 consuetudines
866 2731 1029 2824 ordinis,
1059 2760 1136 2809 non
1162 2731 1325 2808 revelare
1356 2748 1496 2809 secreta
1519 2733 1661 2836 capitu-
1744 2801 1745 2804 ,

235 2860 381 2951 lorum,
413 2889 484 2939 nec
509 2861 690 2941 interesse
722 2862 807 2941 loco
835 2863 875 2940 in
910 2890 987 2970 quo
1020 2860 1156 2969 aliquis
1187 2859 1477 2938 exheredaretur
1507 2861 1658 2968 injuste.

236 2995 324 3071 Post
338 3021 412 3100 que
428 2993 611 3099 imposuit
626 2994 679 3072 eis
692 2994 908 3087 mantellos,
924 2993 1055 3102 etipse
1071 3011 1109 3072 et
1121 3009 1282 3078 astantes
1299 2992 1454 3070 suerunt
1473 3020 1538 3070 eos
1553 3020 1661 3070 oscu-

237 3124 300 3201 lati
316 3124 355 3200 in
374 3152 457 3210 ore,
472 3141 516 3201 et
534 3125 709 3212 instruxit
729 3154 794 3204 eos
810 3143 906 3233 quot
924 3127 1038 3204 Pater
1053 3142 1167 3204 noster
1185 3125 1356 3202 dicerent
1369 3152 1439 3230 pro
1452 3124 1659 3214 horissuiS,

238 3256 457 3362 ettqualiter
476 3272 650 3365 regerent
668 3286 707 3336 se
722 3258 762 3334 in
778 3257 924 3335 ordine.
946 3257 1105 3335 Deinde·
1116 3256 1198 3334 aliis
1218 3255 1443 3334 exeuntibus
1462 3253 1659 3365 capellam,

238 3386 360 3464 dictus
375 3404 558 3496 receptor,
574 3405 722 3497 accepta
737 3389 902 3496 quadam
917 3417 1026 3472 cruce
1042 3388 1166 3496 lignea
1180 3388 1220 3464 in
1236 3416 1310 3493 qua
1327 3402 1407 3464 erat
1422 3376 1664 3494 ymago*-

238 3518 335 3595 cilixi
355 3519 394 3595 in
414 3546 530 3595 manu
548 3548 616 3597 sua
637 3535 674 3597 et
692 3519 747 3597 eis
762 3535 927 3609 ostensa,
949 3517 1064 3626 peciit
1079 3518 1132 3599 eis
1147 3517 1401 3595 si-credebant
1414 3517 1454 3594 in
1469 3516 1583 3619 illuni
1596 3517 1662 3624 qui

237 3649 567 3759 representabatur
583 3679 651 3759 per
666 3679 768 3743 eam;
790 3651 930 3759 quibus
948 3651 1267 3760 respondentibus
1286 3649 1393 3758 quod
1404 3650 1475 3747 sic,
1497 3648 1666 3777 prsspit

238 3782 344 3887 quod
363 3810 451 3859 eum
464 3782 711 3890 abnegarent3
727 3800 765 3861 et
777 3813 865 3901 epm
880 3783 960 3891 ipse
973 3783 1080 3861 testis
1099 3782 1354 3889 respondisset
1367 3778 1473 3889 φά
1489 3770 1664 3920 Q

238 3911 438 4001 intraverat
449 3931 494 3991 ut
507 3913 663 3994 salvaret
681 3915 844 3995 animam
855 3944 981 4024 suam,
998 3933 1036 3994 et
1050 3915 1156 4023 quod
1168 3914 1242 3992 hoc
1253 3912 1360 3991 nullo
1376 3911 1492 4023 modo
1513 3908 1660 4001 laceret,

177 4048 210 4123 lt
239 4044 332 4122 dixit
355 4046 409 4122 eis
427 4045 533 4153 quod
553 4046 627 4124 hoc
651 4047 847 4155 oportebat
871 4075 935 4125 eos
958 4044 1098 4136 lacere,
1125 4044 1192 4123 sed
1216 4073 1293 4121 non
1314 4039 1495 4146 expressit
1513 4068 1663 4119 causam

238 4203 308 4251 nec
327 4177 358 4253 si
378 4158 450 4254 hoc
478 4193 575 4254 esset
594 4176 641 4255 de
663 4178 813 4283 punctis
831 4177 1042 4284 religionis3
1066 4193 1103 4252 et
1125 4193 1217 4251 tunc
1244 4173 1366 4250 dictus
1384 4156 1582 4263 (ieraldus,
1602 4176 1661 4254 cui

237 4305 362 4412 primo
383 4306 615 4411 imposuerat
634 4307 858 4384 mantellum
881 4306 988 4413 prius
1011 4333 1126 4411 quam
1146 4303 1218 4410 ipsi
1238 4303 1339 4393 testi,
1369 4321 1407 4381 et
1432 4322 1518 4410 post
1542 4306 1664 4384 dictus
1784 4332 1793 4344 ·

238 4436 343 4514 testis
373 4434 650 4542 abnegaverunt
674 4439 825 4526 Deum,
856 4464 971 4545 quam
1001 4434 1294 4543 abnegacionem
1320 4433 1409 4514 fecit
1434 4435 1537 4512 idem
1559 4438 1664 4515 testis

240 4595 305 4646 ore
336 4596 413 4645 non
446 4567 582 4655 corde,
614 4568 719 4679 quod
749 4568 855 4646 idem
883 4567 1015 4660 lecerit
1042 4567 1163 4647 dictus
1183 4567 1387 4658 Geraldus,
1414 4584 1459 4645 ut
1478 4566 1582 4645 dixit.
1607 4568 1664 4646 De

240 4698 321 4776 aliis
338 4697 491 4777 illicitis
510 4727 586 4777 non
616 4699 689 4777 fuit
714 4699 863 4779 locutus
886 4700 1042 4809 eisdem
1058 4728 1129 4778 nec
1152 4700 1240 4815 ἱρῇ
1258 4715 1429 4806 receptor
1457 4727 1527 4776 nec
1556 4697 1662 4813 alius.

239 4832 346 4916 ltem,
365 4830 458 4908 dixit
471 4831 576 4938 quod
584 4831 726 4910 viderat
741 4859 809 4940 per
823 4832 1002 4912 eumdem
1023 4806 1263 4924 modum,'⁴ut
1281 4830 1353 4909 sibi
1372 4829 1530 4920 videtur,
1549 4827 1664 4935 recipi

326 4964 431 5030 naccis
453 4988 504 5030 nes
525 4989 792 5036 rennuens.-n.
1498 4971 1516 5031 5

746 5450 841 5601 ρ’·
879 5520 1020 5625 ’.Νι
1054 5544 1079 5573 ·2

777 5608 794 5655 ι.
838 5598 842 5607 Ι
900 5605 939 5675 uu
966 5576 1095 5681 '''.=''RTY'

957 5754 964 5769 ⁸
989 5756 996 5779 '-
