<?xml version="1.0" encoding="UTF-8"?>
<!DOCTYPE html PUBLIC "-//W3C//DTD XHTML 1.0 Transitional//EN"
    "http://www.w3.org/TR/xhtml1/DTD/xhtml1-transitional.dtd">
<html xmlns="http://www.w3.org/1999/xhtml" xml:lang="en" lang="en">
 <head>
  <title>
</title>
<meta http-equiv="Content-Type" content="text/html;charset=utf-8" />
  <meta name='ocr-system' content='tesseract 3.04.00' />
  <meta name='ocr-capabilities' content='ocr_page ocr_carea ocr_par ocr_line ocrx_word'/>
</head>
<body>
  <div class='ocr_page' id='page_1' title='image "./procsdestemplie01defegoog/procsdestemplie01defegoog_0530.png"; bbox 0 0 4230 5956; ppageno 0'>
   <div class='ocr_carea' id='block_1_1' title="bbox 350 418 1376 507">
    <p class='ocr_par' dir='ltr' id='par_1_1' title="bbox 350 418 1376 507">
     <span class='ocr_line' id='line_1_1' title="bbox 350 418 1376 507; baseline -0.004 0"><span class='ocrx_word' id='word_1_1' title='bbox 350 434 423 507; x_wconf 74' lang='lat' dir='ltr'>sot</span> <span class='ocrx_word' id='word_1_2' title='bbox 734 418 927 504; x_wconf 78' lang='lat' dir='ltr'>Puocns</span> <span class='ocrx_word' id='word_1_3' title='bbox 951 432 1048 504; x_wconf 82' lang='lat' dir='ltr'>DES</span> <span class='ocrx_word' id='word_1_4' title='bbox 1073 430 1376 504; x_wconf 80' lang='lat' dir='ltr'><strong>TEMPLIERS.</strong></span> 
     </span>
    </p>
   </div>
   <div class='ocr_carea' id='block_1_2' title="bbox 342 569 1772 2243">
    <p class='ocr_par' dir='ltr' id='par_1_2' title="bbox 342 569 1772 2243">
     <span class='ocr_line' id='line_1_2' title="bbox 403 569 1772 678; baseline -0.003 -25"><span class='ocrx_word' id='word_1_5' title='bbox 403 576 460 653; x_wconf 81' lang='lat' dir='ltr'>Ad</span> <span class='ocrx_word' id='word_1_6' title='bbox 481 573 717 652; x_wconf 78' lang='lat' dir='ltr'>xxxrm-xlv</span> <span class='ocrx_word' id='word_1_7' title='bbox 732 573 905 651; x_wconf 80' lang='lat' dir='ltr'>articulos</span> <span class='ocrx_word' id='word_1_8' title='bbox 924 572 1117 660; x_wconf 87' lang='lat' dir='ltr'>inclusive,</span> <span class='ocrx_word' id='word_1_9' title='bbox 1135 572 1334 678; x_wconf 79' lang='lat' dir='ltr'>diligenter</span> <span class='ocrx_word' id='word_1_10' title='bbox 1352 586 1391 647; x_wconf 88' lang='lat' dir='ltr'>et</span> <span class='ocrx_word' id='word_1_11' title='bbox 1408 569 1598 676; x_wconf 78' lang='lat' dir='ltr'>sigillatim</span> <span class='ocrx_word' id='word_1_12' title='bbox 1614 572 1772 650; x_wconf 81' lang='lat' dir='ltr'>intorro-</span> 
     </span>
     <span class='ocr_line' id='line_1_3' title="bbox 346 693 1769 811; baseline -0.003 -27"><span class='ocrx_word' id='word_1_13' title='bbox 346 725 467 811; x_wconf 88' lang='lat' dir='ltr'>gatus,</span> <span class='ocrx_word' id='word_1_14' title='bbox 489 703 718 810; x_wconf 88' lang='lat' dir='ltr'>respondens</span> <span class='ocrx_word' id='word_1_15' title='bbox 727 705 872 810; x_wconf 88' lang='lat' dir='ltr'>negavit</span> <span class='ocrx_word' id='word_1_16' title='bbox 886 705 984 810; x_wconf 84' lang='lat' dir='ltr'>ipsos</span> <span class='ocrx_word' id='word_1_17' title='bbox 996 703 1174 781; x_wconf 82' lang='lat' dir='ltr'>articulos</span> <span class='ocrx_word' id='word_1_18' title='bbox 1188 721 1227 780; x_wconf 87' lang='lat' dir='ltr'>et</span> <span class='ocrx_word' id='word_1_19' title='bbox 1238 703 1363 781; x_wconf 89' lang='lat' dir='ltr'>omnia</span> <span class='ocrx_word' id='word_1_20' title='bbox 1379 719 1417 777; x_wconf 88' lang='lat' dir='ltr'>ct</span> <span class='ocrx_word' id='word_1_21' title='bbox 1436 700 1578 806; x_wconf 88' lang='lat' dir='ltr'>singula</span> <span class='ocrx_word' id='word_1_22' title='bbox 1594 693 1769 780; x_wconf 83' lang='lat' dir='ltr'>contenta</span> 
     </span>
     <span class='ocr_line' id='line_1_4' title="bbox 348 829 1768 940; baseline 0.001 -31"><span class='ocrx_word' id='word_1_23' title='bbox 348 837 384 910; x_wconf 89' lang='lat' dir='ltr'>in</span> <span class='ocrx_word' id='word_1_24' title='bbox 408 837 476 924; x_wconf 86' lang='lat' dir='ltr'>eis,</span> <span class='ocrx_word' id='word_1_25' title='bbox 507 853 658 939; x_wconf 85' lang='lat' dir='ltr'>excepto</span> <span class='ocrx_word' id='word_1_26' title='bbox 680 834 786 940; x_wconf 94' lang='lat' dir='ltr'>quod</span> <span class='ocrx_word' id='word_1_27' title='bbox 805 833 996 910; x_wconf 88' lang='lat' dir='ltr'>confessus</span> <span class='ocrx_word' id='word_1_28' title='bbox 1020 833 1199 938; x_wconf 84' lang='lat' dir='ltr'>estquod</span> <span class='ocrx_word' id='word_1_29' title='bbox 1224 833 1303 936; x_wconf 86' lang='lat' dir='ltr'>ipse</span> <span class='ocrx_word' id='word_1_30' title='bbox 1331 848 1370 907; x_wconf 87' lang='lat' dir='ltr'>et</span> <span class='ocrx_word' id='word_1_31' title='bbox 1389 831 1502 906; x_wconf 87' lang='lat' dir='ltr'>ceteri</span> <span class='ocrx_word' id='word_1_32' title='bbox 1523 829 1655 907; x_wconf 87' lang='lat' dir='ltr'>fratres</span> <span class='ocrx_word' id='word_1_33' title='bbox 1677 832 1768 910; x_wconf 86' lang='lat' dir='ltr'>dicti</span> 
     </span>
     <span class='ocr_line' id='line_1_5' title="bbox 346 963 1768 1073; baseline -0.001 -30"><span class='ocrx_word' id='word_1_34' title='bbox 346 967 502 1056; x_wconf 83' lang='lat' dir='ltr'>ordinis,</span> <span class='ocrx_word' id='word_1_35' title='bbox 529 983 641 1073; x_wconf 87' lang='lat' dir='ltr'>prout</span> <span class='ocrx_word' id='word_1_36' title='bbox 671 965 806 1052; x_wconf 90' lang='lat' dir='ltr'>credit,</span> <span class='ocrx_word' id='word_1_37' title='bbox 838 965 1080 1069; x_wconf 89' lang='lat' dir='ltr'>promittunt,</span> <span class='ocrx_word' id='word_1_38' title='bbox 1101 993 1168 1040; x_wconf 87' lang='lat' dir='ltr'>sue</span> <span class='ocrx_word' id='word_1_39' title='bbox 1194 963 1424 1067; x_wconf 86' lang='lat' dir='ltr'>recepcionis</span> <span class='ocrx_word' id='word_1_40' title='bbox 1449 978 1636 1066; x_wconf 86' lang='lat' dir='ltr'>tempore,</span> <span class='ocrx_word' id='word_1_41' title='bbox 1663 965 1768 1069; x_wconf 89' lang='lat' dir='ltr'>quod</span> 
     </span>
     <span class='ocr_line' id='line_1_6' title="bbox 346 1090 1765 1202; baseline -0.001 -31"><span class='ocrx_word' id='word_1_42' title='bbox 346 1099 468 1202; x_wconf 89' lang='lat' dir='ltr'>ipsum</span> <span class='ocrx_word' id='word_1_43' title='bbox 484 1097 655 1172; x_wconf 84' lang='lat' dir='ltr'>ordinem</span> <span class='ocrx_word' id='word_1_44' title='bbox 674 1122 750 1170; x_wconf 93' lang='lat' dir='ltr'>non</span> <span class='ocrx_word' id='word_1_45' title='bbox 764 1094 975 1200; x_wconf 89' lang='lat' dir='ltr'>relinquant</span> <span class='ocrx_word' id='word_1_46' title='bbox 985 1123 1055 1199; x_wconf 92' lang='lat' dir='ltr'>pro</span> <span class='ocrx_word' id='word_1_47' title='bbox 1068 1094 1205 1170; x_wconf 91' lang='lat' dir='ltr'>minori</span> <span class='ocrx_word' id='word_1_48' title='bbox 1220 1093 1278 1169; x_wconf 86' lang='lat' dir='ltr'>vel</span> <span class='ocrx_word' id='word_1_49' title='bbox 1293 1092 1423 1198; x_wconf 89' lang='lat' dir='ltr'>majori</span> <span class='ocrx_word' id='word_1_50' title='bbox 1438 1090 1513 1168; x_wconf 89' lang='lat' dir='ltr'>alio</span> <span class='ocrx_word' id='word_1_51' title='bbox 1529 1091 1680 1183; x_wconf 85' lang='lat' dir='ltr'>ordine,</span> <span class='ocrx_word' id='word_1_52' title='bbox 1693 1095 1765 1171; x_wconf 89' lang='lat' dir='ltr'>nisi</span> 
     </span>
     <span class='ocr_line' id='line_1_7' title="bbox 345 1223 1767 1330; baseline -0.001 -27"><span class='ocrx_word' id='word_1_53' title='bbox 345 1228 496 1303; x_wconf 86' lang='lat' dir='ltr'>obtenta</span> <span class='ocrx_word' id='word_1_54' title='bbox 509 1226 699 1302; x_wconf 88' lang='lat' dir='ltr'>licenciaa</span> <span class='ocrx_word' id='word_1_55' title='bbox 718 1253 787 1301; x_wconf 90' lang='lat' dir='ltr'>suo</span> <span class='ocrx_word' id='word_1_56' title='bbox 806 1226 1001 1330; x_wconf 87' lang='lat' dir='ltr'>superiore</span> <span class='ocrx_word' id='word_1_57' title='bbox 1019 1225 1085 1330; x_wconf 90' lang='lat' dir='ltr'>qni</span> <span class='ocrx_word' id='word_1_58' title='bbox 1100 1252 1183 1300; x_wconf 85' lang='lat' dir='ltr'>eam</span> <span class='ocrx_word' id='word_1_59' title='bbox 1204 1224 1294 1299; x_wconf 81' lang='lat' dir='ltr'>dare</span> <span class='ocrx_word' id='word_1_60' title='bbox 1315 1223 1442 1328; x_wconf 83' lang='lat' dir='ltr'>possit.</span> <span class='ocrx_word' id='word_1_61' title='bbox 1463 1223 1558 1298; x_wconf 86' lang='lat' dir='ltr'>Item</span> <span class='ocrx_word' id='word_1_62' title='bbox 1574 1223 1767 1302; x_wconf 87' lang='lat' dir='ltr'>confessus</span> 
     </span>
     <span class='ocr_line' id='line_1_8' title="bbox 346 1351 1767 1463; baseline -0.001 -31"><span class='ocrx_word' id='word_1_63' title='bbox 346 1375 400 1432; x_wconf 84' lang='lat' dir='ltr'>est</span> <span class='ocrx_word' id='word_1_64' title='bbox 419 1357 523 1463; x_wconf 93' lang='lat' dir='ltr'>quod</span> <span class='ocrx_word' id='word_1_65' title='bbox 541 1356 610 1462; x_wconf 90' lang='lat' dir='ltr'>ipsi</span> <span class='ocrx_word' id='word_1_66' title='bbox 626 1355 756 1431; x_wconf 86' lang='lat' dir='ltr'>fratres</span> <span class='ocrx_word' id='word_1_67' title='bbox 776 1357 815 1430; x_wconf 91' lang='lat' dir='ltr'>in</span> <span class='ocrx_word' id='word_1_68' title='bbox 836 1353 937 1432; x_wconf 90' lang='lat' dir='ltr'>dicto</span> <span class='ocrx_word' id='word_1_69' title='bbox 957 1355 1090 1430; x_wconf 84' lang='lat' dir='ltr'>ordine</span> <span class='ocrx_word' id='word_1_70' title='bbox 1116 1355 1303 1431; x_wconf 90' lang='lat' dir='ltr'>habentur</span> <span class='ocrx_word' id='word_1_71' title='bbox 1318 1351 1405 1428; x_wconf 88' lang='lat' dir='ltr'>ilioo</span> <span class='ocrx_word' id='word_1_72' title='bbox 1424 1380 1494 1457; x_wconf 90' lang='lat' dir='ltr'>pro</span> <span class='ocrx_word' id='word_1_73' title='bbox 1515 1351 1709 1457; x_wconf 84' lang='lat' dir='ltr'>professis,</span> <span class='ocrx_word' id='word_1_74' title='bbox 1730 1375 1767 1431; x_wconf 87' lang='lat' dir='ltr'>et</span> 
     </span>
     <span class='ocr_line' id='line_1_9' title="bbox 344 1482 1765 1593; baseline 0 -31"><span class='ocrx_word' id='word_1_75' title='bbox 344 1488 448 1591; x_wconf 87' lang='lat' dir='ltr'>quod</span> <span class='ocrx_word' id='word_1_76' title='bbox 462 1488 540 1593; x_wconf 89' lang='lat' dir='ltr'>ipsa</span> <span class='ocrx_word' id='word_1_77' title='bbox 553 1487 721 1592; x_wconf 88' lang='lat' dir='ltr'>recepcio</span> <span class='ocrx_word' id='word_1_78' title='bbox 736 1488 903 1592; x_wconf 89' lang='lat' dir='ltr'>ipsorum</span> <span class='ocrx_word' id='word_1_79' title='bbox 918 1484 1074 1562; x_wconf 77' lang='lat' dir='ltr'>fratrum</span> <span class='ocrx_word' id='word_1_80' title='bbox 1086 1485 1187 1561; x_wconf 88' lang='lat' dir='ltr'>sitin</span> <span class='ocrx_word' id='word_1_81' title='bbox 1206 1485 1322 1560; x_wconf 90' lang='lat' dir='ltr'>domo</span> <span class='ocrx_word' id='word_1_82' title='bbox 1335 1482 1452 1560; x_wconf 88' lang='lat' dir='ltr'>Mansi</span> <span class='ocrx_word' id='word_1_83' title='bbox 1470 1484 1558 1574; x_wconf 87' lang='lat' dir='ltr'>Dei;</span> <span class='ocrx_word' id='word_1_84' title='bbox 1572 1485 1662 1590; x_wconf 85' lang='lat' dir='ltr'>quia</span> <span class='ocrx_word' id='word_1_85' title='bbox 1675 1485 1765 1562; x_wconf 83' lang='lat' dir='ltr'>alibi</span> 
     </span>
     <span class='ocr_line' id='line_1_10' title="bbox 344 1608 1766 1722; baseline 0.003 -31"><span class='ocrx_word' id='word_1_86' title='bbox 344 1615 425 1692; x_wconf 88' lang='lat' dir='ltr'>fieri</span> <span class='ocrx_word' id='word_1_87' title='bbox 441 1617 513 1694; x_wconf 93' lang='lat' dir='ltr'>hoc</span> <span class='ocrx_word' id='word_1_88' title='bbox 527 1646 603 1694; x_wconf 93' lang='lat' dir='ltr'>non</span> <span class='ocrx_word' id='word_1_89' title='bbox 618 1618 710 1692; x_wconf 87' lang='lat' dir='ltr'>vidit</span> <span class='ocrx_word' id='word_1_90' title='bbox 718 1618 795 1693; x_wconf 76' lang='lat' dir='ltr'>&#39;nisi</span> <span class='ocrx_word' id='word_1_91' title='bbox 814 1617 853 1691; x_wconf 92' lang='lat' dir='ltr'>in</span> <span class='ocrx_word' id='word_1_92' title='bbox 868 1616 1006 1721; x_wconf 77' lang='lat' dir='ltr'>capedo</span> <span class='ocrx_word' id='word_1_93' title='bbox 1023 1608 1287 1703; x_wconf 73' lang='lat' dir='ltr'>dictedomus,</span> <span class='ocrx_word' id='word_1_94' title='bbox 1309 1615 1419 1722; x_wconf 86' lang='lat' dir='ltr'>cujus</span> <span class='ocrx_word' id='word_1_95' title='bbox 1430 1615 1524 1691; x_wconf 88' lang='lat' dir='ltr'>ostia</span> <span class='ocrx_word' id='word_1_96' title='bbox 1538 1614 1766 1695; x_wconf 89' lang='lat' dir='ltr'>clauduntur</span> 
     </span>
     <span class='ocr_line' id='line_1_11' title="bbox 343 1743 1766 1832; baseline 0.003 -12"><span class='ocrx_word' id='word_1_97' title='bbox 343 1746 433 1822; x_wconf 91' lang='lat' dir='ltr'>solis</span> <span class='ocrx_word' id='word_1_98' title='bbox 452 1746 624 1825; x_wconf 89' lang='lat' dir='ltr'>fratribus</span> <span class='ocrx_word' id='word_1_99' title='bbox 640 1746 737 1822; x_wconf 85' lang='lat' dir='ltr'>dicte</span> <span class='ocrx_word' id='word_1_100' title='bbox 758 1746 893 1823; x_wconf 91' lang='lat' dir='ltr'>domus</span> <span class='ocrx_word' id='word_1_101' title='bbox 913 1747 1210 1832; x_wconf 81' lang='lat' dir='ltr'>remanentibus,</span> <span class='ocrx_word' id='word_1_102' title='bbox 1229 1744 1310 1821; x_wconf 88' lang='lat' dir='ltr'>aliis</span> <span class='ocrx_word' id='word_1_103' title='bbox 1328 1761 1455 1819; x_wconf 89' lang='lat' dir='ltr'>tamen</span> <span class='ocrx_word' id='word_1_104' title='bbox 1473 1743 1641 1823; x_wconf 81' lang='lat' dir='ltr'>exclusis.</span> <span class='ocrx_word' id='word_1_105' title='bbox 1659 1746 1766 1824; x_wconf 86' lang='lat' dir='ltr'>Dicta</span> 
     </span>
     <span class='ocr_line' id='line_1_12' title="bbox 343 1875 1765 1982; baseline 0.002 -29"><span class='ocrx_word' id='word_1_106' title='bbox 343 1895 469 1954; x_wconf 91' lang='lat' dir='ltr'>autem</span> <span class='ocrx_word' id='word_1_107' title='bbox 489 1877 657 1979; x_wconf 86' lang='lat' dir='ltr'>clausura</span> <span class='ocrx_word' id='word_1_108' title='bbox 678 1877 777 1954; x_wconf 89' lang='lat' dir='ltr'>dicte</span> <span class='ocrx_word' id='word_1_109' title='bbox 792 1876 933 1981; x_wconf 88' lang='lat' dir='ltr'>capelle</span> <span class='ocrx_word' id='word_1_110' title='bbox 948 1876 1036 1954; x_wconf 89' lang='lat' dir='ltr'>ideo</span> <span class='ocrx_word' id='word_1_111' title='bbox 1050 1875 1109 1963; x_wconf 89' lang='lat' dir='ltr'>fit,</span> <span class='ocrx_word' id='word_1_112' title='bbox 1132 1892 1245 1982; x_wconf 87' lang='lat' dir='ltr'>prout</span> <span class='ocrx_word' id='word_1_113' title='bbox 1262 1875 1370 1964; x_wconf 84' lang='lat' dir='ltr'>dixit,</span> <span class='ocrx_word' id='word_1_114' title='bbox 1390 1875 1480 1981; x_wconf 85' lang='lat' dir='ltr'>quia</span> <span class='ocrx_word' id='word_1_115' title='bbox 1490 1893 1649 1982; x_wconf 84' lang='lat' dir='ltr'>tempus</span> <span class='ocrx_word' id='word_1_116' title='bbox 1663 1877 1765 1956; x_wconf 87' lang='lat' dir='ltr'>dicte</span> 
     </span>
     <span class='ocr_line' id='line_1_13' title="bbox 342 2006 1763 2113; baseline 0.001 -30"><span class='ocrx_word' id='word_1_117' title='bbox 342 2009 572 2113; x_wconf 87' lang='lat' dir='ltr'>recepcionis</span> <span class='ocrx_word' id='word_1_118' title='bbox 594 2008 749 2083; x_wconf 77' lang='lat' dir='ltr'>fratrum</span> <span class='ocrx_word' id='word_1_119' title='bbox 769 2006 885 2083; x_wconf 83' lang='lat' dir='ltr'>habet</span> <span class='ocrx_word' id='word_1_120' title='bbox 902 2007 984 2083; x_wconf 89' lang='lat' dir='ltr'>fieri</span> <span class='ocrx_word' id='word_1_121' title='bbox 1007 2006 1209 2112; x_wconf 91' lang='lat' dir='ltr'>capitulum</span> <span class='ocrx_word' id='word_1_122' title='bbox 1225 2007 1273 2083; x_wconf 92' lang='lat' dir='ltr'>de</span> <span class='ocrx_word' id='word_1_123' title='bbox 1294 2033 1400 2083; x_wconf 87' lang='lat' dir='ltr'>more</span> <span class='ocrx_word' id='word_1_124' title='bbox 1424 2006 1583 2110; x_wconf 87' lang='lat' dir='ltr'>predicti</span> <span class='ocrx_word' id='word_1_125' title='bbox 1603 2008 1763 2095; x_wconf 87' lang='lat' dir='ltr'>ordinis,</span> 
     </span>
     <span class='ocr_line' id='line_1_14' title="bbox 344 2134 1765 2243; baseline 0.003 -32"><span class='ocrx_word' id='word_1_126' title='bbox 344 2139 382 2212; x_wconf 87' lang='lat' dir='ltr'>in</span> <span class='ocrx_word' id='word_1_127' title='bbox 402 2167 479 2243; x_wconf 92' lang='lat' dir='ltr'>quo</span> <span class='ocrx_word' id='word_1_128' title='bbox 500 2138 616 2214; x_wconf 78' lang='lat' dir='ltr'>mtdta</span> <span class='ocrx_word' id='word_1_129' title='bbox 636 2137 734 2214; x_wconf 82' lang='lat' dir='ltr'>fiunt</span> <span class='ocrx_word' id='word_1_130' title='bbox 758 2155 795 2213; x_wconf 90' lang='lat' dir='ltr'>et</span> <span class='ocrx_word' id='word_1_131' title='bbox 813 2138 990 2214; x_wconf 92' lang='lat' dir='ltr'>dicuntur</span> <span class='ocrx_word' id='word_1_132' title='bbox 1008 2165 1083 2243; x_wconf 88' lang='lat' dir='ltr'>que</span> <span class='ocrx_word' id='word_1_133' title='bbox 1102 2136 1241 2214; x_wconf 88' lang='lat' dir='ltr'>nolunt</span> <span class='ocrx_word' id='word_1_134' title='bbox 1258 2148 1347 2213; x_wconf 83' lang='lat' dir='ltr'>nota</span> <span class='ocrx_word' id='word_1_135' title='bbox 1367 2134 1451 2212; x_wconf 88' lang='lat' dir='ltr'>fieri</span> <span class='ocrx_word' id='word_1_136' title='bbox 1474 2135 1573 2224; x_wconf 90' lang='lat' dir='ltr'>aliis,</span> <span class='ocrx_word' id='word_1_137' title='bbox 1594 2136 1684 2214; x_wconf 87' lang='lat' dir='ltr'>licet</span> <span class='ocrx_word' id='word_1_138' title='bbox 1707 2167 1765 2215; x_wconf 86' lang='lat' dir='ltr'>se·</span> 
     </span>
    </p>
   </div>
   <div class='ocr_carea' id='block_1_3' title="bbox 222 2266 1658 2370">
    <p class='ocr_par' dir='ltr' id='par_1_3' title="bbox 222 2266 1658 2370">
     <span class='ocr_line' id='line_1_15' title="bbox 222 2266 1658 2370; baseline 0.002 -29"><span class='ocrx_word' id='word_1_139' title='bbox 222 2332 228 2341; x_wconf 94' lang='lat'><strong>.</strong></span> <span class='ocrx_word' id='word_1_140' title='bbox 342 2268 508 2346; x_wconf 91' lang='lat' dir='ltr'>cundum</span> <span class='ocrx_word' id='word_1_141' title='bbox 524 2270 647 2346; x_wconf 89' lang='lat' dir='ltr'>Deum</span> <span class='ocrx_word' id='word_1_142' title='bbox 667 2266 729 2344; x_wconf 88' lang='lat' dir='ltr'>illa</span> <span class='ocrx_word' id='word_1_143' title='bbox 748 2267 841 2343; x_wconf 89' lang='lat' dir='ltr'>fiant</span> <span class='ocrx_word' id='word_1_144' title='bbox 859 2284 898 2344; x_wconf 90' lang='lat' dir='ltr'>et</span> <span class='ocrx_word' id='word_1_145' title='bbox 910 2267 1122 2345; x_wconf 89' lang='lat' dir='ltr'>secundum</span> <span class='ocrx_word' id='word_1_146' title='bbox 1138 2283 1274 2344; x_wconf 86' lang='lat' dir='ltr'>statuta</span> <span class='ocrx_word' id='word_1_147' title='bbox 1288 2266 1432 2343; x_wconf 91' lang='lat' dir='ltr'>ordinis</span> <span class='ocrx_word' id='word_1_148' title='bbox 1445 2266 1658 2370; x_wconf 86' lang='lat' dir='ltr'>supradicti.</span> 
     </span>
    </p>
   </div>
   <div class='ocr_carea' id='block_1_4' title="bbox 336 2395 1821 4848">
    <p class='ocr_par' dir='ltr' id='par_1_4' title="bbox 338 2395 1821 3933">
     <span class='ocr_line' id='line_1_16' title="bbox 398 2395 1766 2505; baseline 0.004 -34"><span class='ocrx_word' id='word_1_149' title='bbox 398 2396 457 2472; x_wconf 82' lang='lat' dir='ltr'>Ad</span> <span class='ocrx_word' id='word_1_150' title='bbox 475 2396 664 2474; x_wconf 75' lang='lat' dir='ltr'>xlvi-lxx</span> <span class='ocrx_word' id='word_1_151' title='bbox 681 2396 857 2474; x_wconf 88' lang='lat' dir='ltr'>articulos</span> <span class='ocrx_word' id='word_1_152' title='bbox 876 2397 1066 2490; x_wconf 85' lang='lat' dir='ltr'>inclusive,</span> <span class='ocrx_word' id='word_1_153' title='bbox 1088 2398 1287 2504; x_wconf 83' lang='lat' dir='ltr'>diligenter</span> <span class='ocrx_word' id='word_1_154' title='bbox 1302 2415 1341 2474; x_wconf 83' lang='lat' dir='ltr'>et</span> <span class='ocrx_word' id='word_1_155' title='bbox 1358 2395 1546 2503; x_wconf 83' lang='lat' dir='ltr'>sigillatim</span> <span class='ocrx_word' id='word_1_156' title='bbox 1558 2399 1766 2505; x_wconf 86' lang='lat' dir='ltr'>interroga·</span> 
     </span>
     <span class='ocr_line' id='line_1_17' title="bbox 340 2527 1763 2633; baseline 0.002 -31"><span class='ocrx_word' id='word_1_157' title='bbox 340 2544 417 2614; x_wconf 87' lang='lat' dir='ltr'>tus,</span> <span class='ocrx_word' id='word_1_158' title='bbox 440 2528 670 2633; x_wconf 88' lang='lat' dir='ltr'>respondens</span> <span class='ocrx_word' id='word_1_159' title='bbox 689 2527 832 2633; x_wconf 86' lang='lat' dir='ltr'>negavit</span> <span class='ocrx_word' id='word_1_160' title='bbox 851 2529 952 2633; x_wconf 87' lang='lat' dir='ltr'>ipsos</span> <span class='ocrx_word' id='word_1_161' title='bbox 975 2528 1150 2604; x_wconf 88' lang='lat' dir='ltr'>articulos</span> <span class='ocrx_word' id='word_1_162' title='bbox 1169 2546 1207 2604; x_wconf 92' lang='lat' dir='ltr'>et</span> <span class='ocrx_word' id='word_1_163' title='bbox 1227 2528 1350 2605; x_wconf 85' lang='lat' dir='ltr'>omnia</span> <span class='ocrx_word' id='word_1_164' title='bbox 1370 2544 1409 2604; x_wconf 90' lang='lat' dir='ltr'>et</span> <span class='ocrx_word' id='word_1_165' title='bbox 1427 2527 1571 2632; x_wconf 81' lang='lat' dir='ltr'>singula</span> <span class='ocrx_word' id='word_1_166' title='bbox 1589 2546 1763 2605; x_wconf 86' lang='lat' dir='ltr'>contenta</span> 
     </span>
     <span class='ocr_line' id='line_1_18' title="bbox 340 2657 1764 2763; baseline 0.004 -33"><span class='ocrx_word' id='word_1_167' title='bbox 340 2657 379 2732; x_wconf 89' lang='lat' dir='ltr'>in</span> <span class='ocrx_word' id='word_1_168' title='bbox 400 2658 466 2734; x_wconf 88' lang='lat' dir='ltr'>cis.</span> <span class='ocrx_word' id='word_1_169' title='bbox 491 2657 691 2736; x_wconf 84' lang='lat' dir='ltr'>Confessus</span> <span class='ocrx_word' id='word_1_170' title='bbox 712 2674 911 2735; x_wconf 86' lang='lat' dir='ltr'>esttamen</span> <span class='ocrx_word' id='word_1_171' title='bbox 934 2657 1038 2763; x_wconf 93' lang='lat' dir='ltr'>quod</span> <span class='ocrx_word' id='word_1_172' title='bbox 1056 2659 1136 2763; x_wconf 87' lang='lat' dir='ltr'>ipse</span> <span class='ocrx_word' id='word_1_173' title='bbox 1155 2675 1194 2735; x_wconf 88' lang='lat' dir='ltr'>et</span> <span class='ocrx_word' id='word_1_174' title='bbox 1217 2658 1330 2735; x_wconf 89' lang='lat' dir='ltr'>ceteri</span> <span class='ocrx_word' id='word_1_175' title='bbox 1353 2657 1483 2734; x_wconf 82' lang='lat' dir='ltr'>fratres</span> <span class='ocrx_word' id='word_1_176' title='bbox 1501 2657 1592 2734; x_wconf 87' lang='lat' dir='ltr'>dicti</span> <span class='ocrx_word' id='word_1_177' title='bbox 1617 2660 1764 2736; x_wconf 89' lang='lat' dir='ltr'>ordinis</span> 
     </span>
     <span class='ocr_line' id='line_1_19' title="bbox 341 2787 1762 2894; baseline 0.004 -33"><span class='ocrx_word' id='word_1_178' title='bbox 341 2788 539 2894; x_wconf 87' lang='lat' dir='ltr'>cinguntur</span> <span class='ocrx_word' id='word_1_179' title='bbox 557 2789 720 2866; x_wconf 88' lang='lat' dir='ltr'>cordulis</span> <span class='ocrx_word' id='word_1_180' title='bbox 740 2788 788 2864; x_wconf 90' lang='lat' dir='ltr'>de</span> <span class='ocrx_word' id='word_1_181' title='bbox 808 2788 887 2865; x_wconf 92' lang='lat' dir='ltr'>lino</span> <span class='ocrx_word' id='word_1_182' title='bbox 906 2788 964 2865; x_wconf 89' lang='lat' dir='ltr'>vel</span> <span class='ocrx_word' id='word_1_183' title='bbox 984 2787 1031 2865; x_wconf 90' lang='lat' dir='ltr'>de</span> <span class='ocrx_word' id='word_1_184' title='bbox 1053 2816 1192 2893; x_wconf 85' lang='lat' dir='ltr'>canape</span> <span class='ocrx_word' id='word_1_185' title='bbox 1212 2817 1278 2865; x_wconf 88' lang='lat' dir='ltr'>scu</span> <span class='ocrx_word' id='word_1_186' title='bbox 1298 2787 1345 2863; x_wconf 89' lang='lat' dir='ltr'>de</span> <span class='ocrx_word' id='word_1_187' title='bbox 1372 2787 1469 2874; x_wconf 87' lang='lat' dir='ltr'>lana,</span> <span class='ocrx_word' id='word_1_188' title='bbox 1493 2803 1560 2864; x_wconf 89' lang='lat' dir='ltr'>aut</span> <span class='ocrx_word' id='word_1_189' title='bbox 1580 2787 1627 2862; x_wconf 87' lang='lat' dir='ltr'>de</span> <span class='ocrx_word' id='word_1_190' title='bbox 1642 2787 1762 2892; x_wconf 84' lang='lat' dir='ltr'>junco</span> 
     </span>
     <span class='ocr_line' id='line_1_20' title="bbox 339 2916 1752 3025; baseline 0.002 -33"><span class='ocrx_word' id='word_1_191' title='bbox 339 2918 529 2996; x_wconf 91' lang='lat' dir='ltr'>interdum</span> <span class='ocrx_word' id='word_1_192' title='bbox 550 2922 700 3025; x_wconf 84' lang='lat' dir='ltr'>quando</span> <span class='ocrx_word' id='word_1_193' title='bbox 721 2919 774 2996; x_wconf 88' lang='lat' dir='ltr'>eis</span> <span class='ocrx_word' id='word_1_194' title='bbox 790 2920 976 3024; x_wconf 89' lang='lat' dir='ltr'>rumpitur</span> <span class='ocrx_word' id='word_1_195' title='bbox 994 2934 1166 3024; x_wconf 88' lang='lat' dir='ltr'>tempore</span> <span class='ocrx_word' id='word_1_196' title='bbox 1183 2947 1259 3025; x_wconf 91' lang='lat' dir='ltr'>quo</span> <span class='ocrx_word' id='word_1_197' title='bbox 1276 2936 1378 2994; x_wconf 88' lang='lat' dir='ltr'>arant</span> <span class='ocrx_word' id='word_1_198' title='bbox 1397 2946 1483 2995; x_wconf 90' lang='lat' dir='ltr'>cum</span> <span class='ocrx_word' id='word_1_199' title='bbox 1497 2916 1633 2994; x_wconf 86' lang='lat' dir='ltr'>bobus.</span> <span class='ocrx_word' id='word_1_200' title='bbox 1649 2919 1752 3013; x_wconf 91' lang='lat' dir='ltr'>Quas</span> 
     </span>
     <span class='ocr_line' id='line_1_21' title="bbox 339 3048 1762 3155; baseline 0.001 -31"><span class='ocrx_word' id='word_1_201' title='bbox 339 3049 495 3152; x_wconf 91' lang='lat' dir='ltr'>quidem</span> <span class='ocrx_word' id='word_1_202' title='bbox 512 3051 682 3127; x_wconf 89' lang='lat' dir='ltr'>cordulas</span> <span class='ocrx_word' id='word_1_203' title='bbox 692 3049 830 3127; x_wconf 88' lang='lat' dir='ltr'>debent</span> <span class='ocrx_word' id='word_1_204' title='bbox 844 3067 991 3155; x_wconf 85' lang='lat' dir='ltr'>portare</span> <span class='ocrx_word' id='word_1_205' title='bbox 1000 3049 1281 3155; x_wconf 85' lang='lat' dir='ltr'>omnitempore</span> <span class='ocrx_word' id='word_1_206' title='bbox 1293 3077 1404 3154; x_wconf 89' lang='lat' dir='ltr'>supra</span> <span class='ocrx_word' id='word_1_207' title='bbox 1413 3048 1593 3136; x_wconf 88' lang='lat' dir='ltr'>camisias,</span> <span class='ocrx_word' id='word_1_208' title='bbox 1601 3049 1648 3125; x_wconf 88' lang='lat' dir='ltr'>ad</span> <span class='ocrx_word' id='word_1_209' title='bbox 1662 3048 1762 3126; x_wconf 89' lang='lat' dir='ltr'>desi·</span> 
     </span>
     <span class='ocr_line' id='line_1_22' title="bbox 338 3178 1759 3284; baseline 0.004 -34"><span class='ocrx_word' id='word_1_210' title='bbox 338 3179 525 3279; x_wconf 89' lang='lat' dir='ltr'>guandam</span> <span class='ocrx_word' id='word_1_211' title='bbox 541 3181 742 3254; x_wconf 85' lang='lat' dir='ltr'>castitatem</span> <span class='ocrx_word' id='word_1_212' title='bbox 755 3208 867 3283; x_wconf 90' lang='lat' dir='ltr'>quam</span> <span class='ocrx_word' id='word_1_213' title='bbox 883 3209 922 3255; x_wconf 90' lang='lat' dir='ltr'>se</span> <span class='ocrx_word' id='word_1_214' title='bbox 938 3197 1145 3256; x_wconf 86' lang='lat' dir='ltr'>servaturos</span> <span class='ocrx_word' id='word_1_215' title='bbox 1158 3181 1197 3254; x_wconf 93' lang='lat' dir='ltr'>in</span> <span class='ocrx_word' id='word_1_216' title='bbox 1210 3179 1377 3284; x_wconf 87' lang='lat' dir='ltr'>ingressu</span> <span class='ocrx_word' id='word_1_217' title='bbox 1392 3179 1450 3255; x_wconf 88' lang='lat' dir='ltr'>sui</span> <span class='ocrx_word' id='word_1_218' title='bbox 1465 3178 1607 3255; x_wconf 91' lang='lat' dir='ltr'>ordinis</span> <span class='ocrx_word' id='word_1_219' title='bbox 1620 3182 1759 3283; x_wconf 90' lang='lat' dir='ltr'>promi·</span> 
     </span>
     <span class='ocr_line' id='line_1_23' title="bbox 339 3307 1759 3414; baseline 0.005 -35"><span class='ocrx_word' id='word_1_220' title='bbox 339 3323 476 3380; x_wconf 88' lang='lat' dir='ltr'>serunt.</span> <span class='ocrx_word' id='word_1_221' title='bbox 495 3308 644 3414; x_wconf 88' lang='lat' dir='ltr'>Negavit</span> <span class='ocrx_word' id='word_1_222' title='bbox 661 3325 787 3383; x_wconf 90' lang='lat' dir='ltr'>tamen</span> <span class='ocrx_word' id='word_1_223' title='bbox 806 3325 842 3384; x_wconf 85' lang='lat' dir='ltr'>et</span> <span class='ocrx_word' id='word_1_224' title='bbox 861 3309 951 3382; x_wconf 80' lang='lat' dir='ltr'>dixit</span> <span class='ocrx_word' id='word_1_225' title='bbox 970 3308 1017 3384; x_wconf 88' lang='lat' dir='ltr'>de</span> <span class='ocrx_word' id='word_1_226' title='bbox 1036 3337 1076 3384; x_wconf 88' lang='lat' dir='ltr'>se</span> <span class='ocrx_word' id='word_1_227' title='bbox 1096 3309 1207 3396; x_wconf 89' lang='lat' dir='ltr'>scire,</span> <span class='ocrx_word' id='word_1_228' title='bbox 1233 3328 1270 3385; x_wconf 94' lang='lat' dir='ltr'>et</span> <span class='ocrx_word' id='word_1_229' title='bbox 1289 3309 1336 3385; x_wconf 89' lang='lat' dir='ltr'>de</span> <span class='ocrx_word' id='word_1_230' title='bbox 1358 3309 1440 3385; x_wconf 89' lang='lat' dir='ltr'>aliis</span> <span class='ocrx_word' id='word_1_231' title='bbox 1461 3308 1633 3384; x_wconf 85' lang='lat' dir='ltr'>fratribus</span> <span class='ocrx_word' id='word_1_232' title='bbox 1653 3307 1759 3385; x_wconf 89' lang='lat' dir='ltr'>idem</span> 
     </span>
     <span class='ocr_line' id='line_1_24' title="bbox 339 3434 1802 3545; baseline 0.005 -36"><span class='ocrx_word' id='word_1_233' title='bbox 339 3434 471 3522; x_wconf 89' lang='lat' dir='ltr'>credit,</span> <span class='ocrx_word' id='word_1_234' title='bbox 494 3437 698 3542; x_wconf 92' lang='lat' dir='ltr'>quodcum</span> <span class='ocrx_word' id='word_1_235' title='bbox 720 3438 826 3512; x_wconf 89' lang='lat' dir='ltr'>dictis</span> <span class='ocrx_word' id='word_1_236' title='bbox 844 3437 1008 3514; x_wconf 90' lang='lat' dir='ltr'>cordulis</span> <span class='ocrx_word' id='word_1_237' title='bbox 1026 3438 1129 3514; x_wconf 90' lang='lat' dir='ltr'>nulla</span> <span class='ocrx_word' id='word_1_238' title='bbox 1144 3438 1252 3544; x_wconf 84' lang='lat' dir='ltr'>ydola</span> <span class='ocrx_word' id='word_1_239' title='bbox 1272 3457 1470 3545; x_wconf 77' lang='lat' dir='ltr'>tangtmtur</span> <span class='ocrx_word' id='word_1_240' title='bbox 1480 3467 1549 3515; x_wconf 89' lang='lat' dir='ltr'>nec</span> <span class='ocrx_word' id='word_1_241' title='bbox 1559 3440 1759 3542; x_wconf 89' lang='lat' dir='ltr'>cinguntur</span> <span class='ocrx_word' id='word_1_242' title='bbox 1792 3452 1802 3477; x_wconf 81' lang='lat'><em>⁵</em></span> 
     </span>
     <span class='ocr_line' id='line_1_25' title="bbox 339 3565 1759 3674; baseline 0.006 -35"><span class='ocrx_word' id='word_1_243' title='bbox 339 3565 492 3651; x_wconf 83' lang='lat' dir='ltr'>eisdem.</span> <span class='ocrx_word' id='word_1_244' title='bbox 509 3568 664 3644; x_wconf 82' lang='lat' dir='ltr'>Addidit</span> <span class='ocrx_word' id='word_1_245' title='bbox 678 3569 794 3644; x_wconf 89' lang='lat' dir='ltr'>eciam</span> <span class='ocrx_word' id='word_1_246' title='bbox 814 3568 918 3674; x_wconf 90' lang='lat' dir='ltr'>quod</span> <span class='ocrx_word' id='word_1_247' title='bbox 939 3567 1053 3645; x_wconf 88' lang='lat' dir='ltr'>dictas</span> <span class='ocrx_word' id='word_1_248' title='bbox 1073 3570 1242 3646; x_wconf 88' lang='lat' dir='ltr'>cordulas</span> <span class='ocrx_word' id='word_1_249' title='bbox 1262 3586 1412 3674; x_wconf 87' lang='lat' dir='ltr'>portant</span> <span class='ocrx_word' id='word_1_250' title='bbox 1428 3569 1475 3644; x_wconf 90' lang='lat' dir='ltr'>ad</span> <span class='ocrx_word' id='word_1_251' title='bbox 1490 3569 1592 3645; x_wconf 91' lang='lat' dir='ltr'>illam</span> <span class='ocrx_word' id='word_1_252' title='bbox 1607 3598 1759 3647; x_wconf 87' lang='lat' dir='ltr'>mensu-</span> 
     </span>
     <span class='ocr_line' id='line_1_26' title="bbox 338 3699 1821 3811; baseline 0.004 -42"><span class='ocrx_word' id='word_1_253' title='bbox 338 3724 416 3770; x_wconf 88' lang='lat' dir='ltr'>ram</span> <span class='ocrx_word' id='word_1_254' title='bbox 440 3726 513 3804; x_wconf 91' lang='lat' dir='ltr'>que</span> <span class='ocrx_word' id='word_1_255' title='bbox 537 3701 590 3775; x_wconf 90' lang='lat' dir='ltr'>eis</span> <span class='ocrx_word' id='word_1_256' title='bbox 619 3700 755 3803; x_wconf 86' lang='lat' dir='ltr'>placet,</span> <span class='ocrx_word' id='word_1_257' title='bbox 787 3700 872 3804; x_wconf 85' lang='lat' dir='ltr'>quia</span> <span class='ocrx_word' id='word_1_258' title='bbox 899 3729 1087 3807; x_wconf 89' lang='lat' dir='ltr'>nunquam</span> <span class='ocrx_word' id='word_1_259' title='bbox 1114 3701 1167 3776; x_wconf 89' lang='lat' dir='ltr'>eis</span> <span class='ocrx_word' id='word_1_260' title='bbox 1191 3702 1395 3805; x_wconf 85' lang='lat' dir='ltr'>precipitur</span> <span class='ocrx_word' id='word_1_261' title='bbox 1418 3699 1522 3805; x_wconf 90' lang='lat' dir='ltr'>quod</span> <span class='ocrx_word' id='word_1_262' title='bbox 1545 3699 1593 3774; x_wconf 89' lang='lat' dir='ltr'>ad</span> <span class='ocrx_word' id='word_1_263' title='bbox 1618 3715 1755 3775; x_wconf 90' lang='lat' dir='ltr'>certam</span> <span class='ocrx_word' id='word_1_264' title='bbox 1819 3807 1821 3811; x_wconf 5' lang='grc' dir='ltr'><strong><em>ἢ</em></strong></span> 
     </span>
     <span class='ocr_line' id='line_1_27' title="bbox 338 3824 908 3933; baseline 0.011 -35"><span class='ocrx_word' id='word_1_265' title='bbox 338 3824 613 3931; x_wconf 88' lang='lat' dir='ltr'>longitudinem</span> <span class='ocrx_word' id='word_1_266' title='bbox 633 3830 729 3933; x_wconf 85' lang='lat' dir='ltr'>ipsas</span> <span class='ocrx_word' id='word_1_267' title='bbox 749 3847 908 3933; x_wconf 87' lang='lat' dir='ltr'>portent.</span> 
     </span>
    </p>

    <p class='ocr_par' dir='ltr' id='par_1_5' title="bbox 336 3955 1758 4848">
     <span class='ocr_line' id='line_1_28' title="bbox 394 3955 1758 4069; baseline 0.007 -40"><span class='ocrx_word' id='word_1_268' title='bbox 394 3955 451 4029; x_wconf 90' lang='lat' dir='ltr'>Ad</span> <span class='ocrx_word' id='word_1_269' title='bbox 470 3957 706 4034; x_wconf 82' lang='lat' dir='ltr'>lxxi-lxxxu</span> <span class='ocrx_word' id='word_1_270' title='bbox 727 3959 901 4035; x_wconf 86' lang='lat' dir='ltr'>articulos</span> <span class='ocrx_word' id='word_1_271' title='bbox 914 3960 1104 4049; x_wconf 89' lang='lat' dir='ltr'>inclusive,</span> <span class='ocrx_word' id='word_1_272' title='bbox 1129 3962 1326 4069; x_wconf 91' lang='lat' dir='ltr'>diligenter</span> <span class='ocrx_word' id='word_1_273' title='bbox 1346 3979 1382 4036; x_wconf 89' lang='lat' dir='ltr'>et</span> <span class='ocrx_word' id='word_1_274' title='bbox 1397 3962 1584 4067; x_wconf 88' lang='lat' dir='ltr'>sigillatim</span> <span class='ocrx_word' id='word_1_275' title='bbox 1597 3964 1758 4039; x_wconf 87' lang='lat' dir='ltr'>interro-</span> 
     </span>
     <span class='ocr_line' id='line_1_29' title="bbox 337 4088 1758 4198; baseline 0.008 -41"><span class='ocrx_word' id='word_1_276' title='bbox 337 4100 457 4186; x_wconf 89' lang='lat' dir='ltr'>gatus,</span> <span class='ocrx_word' id='word_1_277' title='bbox 478 4088 708 4193; x_wconf 88' lang='lat' dir='ltr'>respondens</span> <span class='ocrx_word' id='word_1_278' title='bbox 722 4090 868 4196; x_wconf 88' lang='lat' dir='ltr'>negavit</span> <span class='ocrx_word' id='word_1_279' title='bbox 881 4090 979 4194; x_wconf 90' lang='lat' dir='ltr'>ipsos</span> <span class='ocrx_word' id='word_1_280' title='bbox 995 4089 1170 4168; x_wconf 90' lang='lat' dir='ltr'>articulos</span> <span class='ocrx_word' id='word_1_281' title='bbox 1187 4110 1223 4167; x_wconf 90' lang='lat' dir='ltr'>et</span> <span class='ocrx_word' id='word_1_282' title='bbox 1238 4092 1363 4167; x_wconf 88' lang='lat' dir='ltr'>omnia</span> <span class='ocrx_word' id='word_1_283' title='bbox 1379 4109 1416 4167; x_wconf 85' lang='lat' dir='ltr'>et</span> <span class='ocrx_word' id='word_1_284' title='bbox 1428 4093 1571 4198; x_wconf 88' lang='lat' dir='ltr'>singula</span> <span class='ocrx_word' id='word_1_285' title='bbox 1584 4109 1758 4170; x_wconf 89' lang='lat' dir='ltr'>contenta</span> 
     </span>
     <span class='ocr_line' id='line_1_30' title="bbox 337 4214 1756 4327; baseline 0.006 -38"><span class='ocrx_word' id='word_1_286' title='bbox 337 4215 376 4290; x_wconf 91' lang='lat' dir='ltr'>in</span> <span class='ocrx_word' id='word_1_287' title='bbox 397 4214 468 4304; x_wconf 90' lang='lat' dir='ltr'>eis,</span> <span class='ocrx_word' id='word_1_288' title='bbox 495 4237 644 4323; x_wconf 77' lang='lat' dir='ltr'>excepto</span> <span class='ocrx_word' id='word_1_289' title='bbox 671 4221 773 4323; x_wconf 90' lang='lat' dir='ltr'>quod</span> <span class='ocrx_word' id='word_1_290' title='bbox 795 4220 984 4296; x_wconf 89' lang='lat' dir='ltr'>confessus</span> <span class='ocrx_word' id='word_1_291' title='bbox 1010 4240 1065 4297; x_wconf 91' lang='lat' dir='ltr'>est</span> <span class='ocrx_word' id='word_1_292' title='bbox 1084 4222 1188 4327; x_wconf 93' lang='lat' dir='ltr'>quod</span> <span class='ocrx_word' id='word_1_293' title='bbox 1204 4223 1361 4298; x_wconf 92' lang='lat' dir='ltr'>modum</span> <span class='ocrx_word' id='word_1_294' title='bbox 1382 4223 1610 4327; x_wconf 90' lang='lat' dir='ltr'>recepcionis</span> <span class='ocrx_word' id='word_1_295' title='bbox 1629 4250 1697 4299; x_wconf 89' lang='lat' dir='ltr'>sue</span> <span class='ocrx_word' id='word_1_296' title='bbox 1717 4222 1756 4298; x_wconf 93' lang='lat' dir='ltr'>in</span> 
     </span>
     <span class='ocr_line' id='line_1_31' title="bbox 336 4345 1756 4457; baseline 0.006 -39"><span class='ocrx_word' id='word_1_297' title='bbox 336 4345 484 4422; x_wconf 89' lang='lat' dir='ltr'>fratrem</span> <span class='ocrx_word' id='word_1_298' title='bbox 503 4348 591 4424; x_wconf 90' lang='lat' dir='ltr'>dicti</span> <span class='ocrx_word' id='word_1_299' title='bbox 607 4349 747 4425; x_wconf 91' lang='lat' dir='ltr'>ordinis</span> <span class='ocrx_word' id='word_1_300' title='bbox 762 4378 837 4424; x_wconf 91' lang='lat' dir='ltr'>non</span> <span class='ocrx_word' id='word_1_301' title='bbox 851 4349 989 4426; x_wconf 88' lang='lat' dir='ltr'>debent</span> <span class='ocrx_word' id='word_1_302' title='bbox 1000 4349 1107 4425; x_wconf 90' lang='lat' dir='ltr'>alicui</span> <span class='ocrx_word' id='word_1_303' title='bbox 1123 4351 1303 4438; x_wconf 88' lang='lat' dir='ltr'>revelare,</span> <span class='ocrx_word' id='word_1_304' title='bbox 1315 4379 1383 4427; x_wconf 91' lang='lat' dir='ltr'>nec</span> <span class='ocrx_word' id='word_1_305' title='bbox 1398 4352 1445 4426; x_wconf 93' lang='lat' dir='ltr'>de</span> <span class='ocrx_word' id='word_1_306' title='bbox 1462 4381 1503 4428; x_wconf 89' lang='lat' dir='ltr'>ea</span> <span class='ocrx_word' id='word_1_307' title='bbox 1520 4352 1625 4457; x_wconf 89' lang='lat' dir='ltr'>loqui</span> <span class='ocrx_word' id='word_1_308' title='bbox 1637 4352 1756 4428; x_wconf 89' lang='lat' dir='ltr'>eciam</span> 
     </span>
     <span class='ocr_line' id='line_1_32' title="bbox 337 4478 1756 4588; baseline 0.006 -38"><span class='ocrx_word' id='word_1_309' title='bbox 337 4507 421 4552; x_wconf 93' lang='lat' dir='ltr'>cum</span> <span class='ocrx_word' id='word_1_310' title='bbox 432 4478 698 4556; x_wconf 86' lang='lat' dir='ltr'>aliisfratribus</span> <span class='ocrx_word' id='word_1_311' title='bbox 710 4481 775 4585; x_wconf 90' lang='lat' dir='ltr'>qui</span> <span class='ocrx_word' id='word_1_312' title='bbox 794 4509 868 4556; x_wconf 93' lang='lat' dir='ltr'>non</span> <span class='ocrx_word' id='word_1_313' title='bbox 878 4481 1127 4557; x_wconf 90' lang='lat' dir='ltr'>interfuerunt</span> <span class='ocrx_word' id='word_1_314' title='bbox 1137 4483 1205 4587; x_wconf 88' lang='lat' dir='ltr'>ipsi</span> <span class='ocrx_word' id='word_1_315' title='bbox 1219 4483 1440 4587; x_wconf 87' lang='lat' dir='ltr'>recepcioni,</span> <span class='ocrx_word' id='word_1_316' title='bbox 1454 4511 1524 4558; x_wconf 89' lang='lat' dir='ltr'>nec</span> <span class='ocrx_word' id='word_1_317' title='bbox 1538 4484 1585 4560; x_wconf 92' lang='lat' dir='ltr'>de</span> <span class='ocrx_word' id='word_1_318' title='bbox 1596 4482 1670 4558; x_wconf 91' lang='lat' dir='ltr'>hiis</span> <span class='ocrx_word' id='word_1_319' title='bbox 1681 4510 1756 4588; x_wconf 85' lang='lat' dir='ltr'>que</span> 
     </span>
     <span class='ocr_line' id='line_1_33' title="bbox 336 4611 1756 4717; baseline 0.006 -39"><span class='ocrx_word' id='word_1_320' title='bbox 336 4626 492 4708; x_wconf 85' lang='lat' dir='ltr'>aguntur</span> <span class='ocrx_word' id='word_1_321' title='bbox 509 4611 547 4685; x_wconf 91' lang='lat' dir='ltr'>in</span> <span class='ocrx_word' id='word_1_322' title='bbox 564 4640 692 4689; x_wconf 85' lang='lat' dir='ltr'>eorum</span> <span class='ocrx_word' id='word_1_323' title='bbox 711 4611 891 4715; x_wconf 90' lang='lat' dir='ltr'>capitulis.</span> <span class='ocrx_word' id='word_1_324' title='bbox 913 4613 959 4687; x_wconf 84' lang='lat' dir='ltr'>Et</span> <span class='ocrx_word' id='word_1_325' title='bbox 978 4614 1043 4717; x_wconf 92' lang='lat' dir='ltr'>qui</span> <span class='ocrx_word' id='word_1_326' title='bbox 1059 4613 1285 4688; x_wconf 89' lang='lat' dir='ltr'>contrarium</span> <span class='ocrx_word' id='word_1_327' title='bbox 1306 4612 1458 4700; x_wconf 86' lang='lat' dir='ltr'>faceret,</span> <span class='ocrx_word' id='word_1_328' title='bbox 1477 4613 1637 4691; x_wconf 87' lang='lat' dir='ltr'>debebat</span> <span class='ocrx_word' id='word_1_329' title='bbox 1652 4611 1756 4690; x_wconf 92' lang='lat' dir='ltr'>ordi·</span> 
     </span>
     <span class='ocr_line' id='line_1_34' title="bbox 336 4741 1754 4848; baseline 0.006 -40"><span class='ocrx_word' id='word_1_330' title='bbox 336 4764 422 4810; x_wconf 89' lang='lat' dir='ltr'>nem</span> <span class='ocrx_word' id='word_1_331' title='bbox 437 4742 608 4840; x_wconf 87' lang='lat' dir='ltr'>perdere,</span> <span class='ocrx_word' id='word_1_332' title='bbox 628 4743 714 4819; x_wconf 88' lang='lat' dir='ltr'>licet</span> <span class='ocrx_word' id='word_1_333' title='bbox 727 4743 851 4819; x_wconf 91' lang='lat' dir='ltr'>omnia</span> <span class='ocrx_word' id='word_1_334' title='bbox 867 4761 904 4819; x_wconf 91' lang='lat' dir='ltr'>et</span> <span class='ocrx_word' id='word_1_335' title='bbox 919 4744 1060 4848; x_wconf 89' lang='lat' dir='ltr'>singula</span> <span class='ocrx_word' id='word_1_336' title='bbox 1076 4773 1150 4847; x_wconf 88' lang='lat' dir='ltr'>que</span> <span class='ocrx_word' id='word_1_337' title='bbox 1171 4741 1363 4820; x_wconf 82' lang='lat' dir='ltr'>retrofacta</span> <span class='ocrx_word' id='word_1_338' title='bbox 1380 4743 1530 4820; x_wconf 88' lang='lat' dir='ltr'>fuerunt</span> <span class='ocrx_word' id='word_1_339' title='bbox 1551 4761 1588 4820; x_wconf 87' lang='lat' dir='ltr'>et</span> <span class='ocrx_word' id='word_1_340' title='bbox 1602 4743 1700 4819; x_wconf 88' lang='lat' dir='ltr'>dicta</span> <span class='ocrx_word' id='word_1_341' title='bbox 1715 4742 1754 4816; x_wconf 96' lang='lat' dir='ltr'>in</span> 
     </span>
    </p>
   </div>
   <div class='ocr_carea' id='block_1_5' title="bbox 0 0 2120 5956">
    <p class='ocr_par' dir='ltr' id='par_1_6' title="bbox 0 0 2120 5956">
     <span class='ocr_line' id='line_1_35' title="bbox 0 0 2120 5956; baseline 0 5"><span class='ocrx_word' id='word_1_342' title='bbox 0 0 2120 5956; x_wconf 95' lang='lat' dir='ltr'> </span> 
     </span>
    </p>
   </div>
  </div>
 </body>
</html>
