4230 5956
566 468 763 559 rnoots
789 486 890 558 ons
922 482 1227 560 ruuvmuns.
1530 495 1603 567 205

180 627 369 735 jacebant.
399 625 529 704 Credit
553 625 659 732 quod
682 624 856 703 nolentes
879 625 999 703 lacere
1024 625 1153 703 illicita
1177 625 1380 704 conlassata
1404 658 1471 733 per
1496 658 1602 722 eum,

188 756 245 834 vel
255 785 305 835 ea
324 772 390 836 aut
405 772 544 833 secreta
560 755 823 862 capituliorum
839 754 1061 846 revelantes,
1082 773 1265 862 perpetuo
1286 757 1500 835 incarcerati
1515 760 1605 840 luis-

188 905 282 965 sent.
307 886 578 995 injungebatur
596 884 650 963 eis
667 885 774 992 quod
793 885 933 990 absque
953 885 1108 962 licencia
1133 912 1210 963 non
1234 887 1505 966 confiterentur
1523 891 1605 967 aliis

188 1045 301 1123 quarn
322 1013 577 1093 sacerdotibus
596 1015 750 1093 ordinis.
766 1016 913 1091 Fratres
927 1014 1070 1092 ordinis
1089 1016 1229 1122 quibus
1248 1017 1367 1093 credit
1386 1035 1476 1095 nota
1490 1018 1604 1098 luisse

188 1145 317 1251 illicita
326 1145 605 1250 confessataper
614 1143 886 1239 eur'n,fuernnt
897 1143 1331 1253 negligentes,quianon
1344 1168 1602 1238 correxerunt,

188 1300 258 1352 nec
287 1274 607 1353 denunciaverunt
635 1271 811 1350 Ecclesia.
843 1271 1095 1351 Elemosinam
1127 1291 1165 1350 et
1193 1274 1483 1380 hospitalitatem
1513 1277 1606 1354 vidit

188 1405 452 1481 convenienter
478 1403 561 1480 lieri
586 1419 625 1479 et
649 1401 783 1479 servari
807 1401 847 1476 in
872 1401 1051 1479 domibus
1073 1403 1216 1480 ordinis
1240 1403 1278 1479 in
1306 1404 1443 1509 quibus
1468 1407 1605 1483 exstitit

188 1549 450 1613 commoratus.
481 1531 586 1609 Clam
614 1559 746 1608 eorum
770 1529 947 1635 capitulia
970 1530 1206 1619 tenebantur,
1234 1530 1349 1608 nullis
1367 1534 1603 1638 presentibus

187 1662 259 1740 nisi
275 1661 450 1739 fratribus
465 1661 620 1737 ordinis.
641 1659 823 1737 Ordinata
838 1686 905 1763 per
919 1660 1139 1766 Magistrum
1155 1689 1241 1735 cum
1261 1678 1446 1740 conventu
1466 1688 1603 1738 servas·

186 1809 243 1869 set
268 1809 371 1868 totus
396 1791 510 1882 ordo,
535 1807 663 1868 contra
686 1818 800 1896 quern
827 1807 982 1894 propter
1005 1788 1171 1896 predicta
1198 1816 1299 1864 nunc
1321 1788 1474 1893 grandia
1497 1802 1602 1866 s'can·

187 1920 286 2011 dala,
305 1919 466 2026 suspicio
489 1935 528 1995 et
547 1918 699 1994 infamia
716 1933 805 1994 sunt
821 1933 963 2002 exorta3
979 1918 1027 1995 ad
1047 1918 1152 2022 cujus
1167 1917 1310 1992 ordinis
1329 1916 1600 2000 deffensionem

186 2075 226 2125 se
245 2075 322 2124 non
343 2047 548 2136 obtulerat,
565 2073 635 2121 nec
654 2045 775 2121 luerat
795 2044 892 2120 ultra
915 2071 1028 2121 mare.

187 2228 190 2233 ·
213 2267 215 2271 .
241 2176 457 2283 Requisitus
469 2175 500 2251 si
513 2174 566 2257 sio
582 2175 807 2279 deposuerat
819 2199 945 2277 prece,
959 2190 1152 2279 precepto,
1165 2174 1318 2264 timore,
1331 2203 1474 2266 amore,
1492 2178 1598 2265 odio,

186 2306 244 2385 vel
257 2303 462 2411 ‚temporali
482 2303 644 2380 comodo
660 2299 790 2381 habito
803 2301 860 2378 vel
874 2301 1067 2393 babendo,
1086 2302 1281 2408 respondit
1299 2306 1405 2408 quod
1418 2333 1512 2396 non,
1534 2310 1601 2385 sed

185 2465 254 2543 pro
280 2436 432 2512 veritate
458 2433 634 2522 dicenda3
659 2431 720 2508 cui
747 2431 819 2507 luit
837 2431 1180 2539 injunctumquod
1199 2460 1276 2509 non
1301 2434 1481 2512 revelaret
1506 2439 1601 2513 hauc

187 2594 293 2644 suam
305 2564 602 2670 deposicionem,
619 2588 817 2667 quousque
827 2560 1087 2637 attestaciones
1097 2559 1236 2639 fuerint
1247 2563 1448 2668 publicato.
1461 2568 1600 2671 Requi-

185 2697 279 2773 situs
297 2720 414 2800 quare
442 2691 587 2797 bigarat
610 2690 649 2765 in
677 2690 852 2795 capcione
881 2688 1042 2767 aliorum
1055 2692 1288 2795 ..respondit
1311 2694 1416 2797 quod
1447 2713 1600 2799 propter

183 2826 359 2902 timorem
380 2822 479 2899 dicte
493 2819 694 2926 capcionis,
713 2836 751 2894 et
764 2819 853 2924 quia
867 2817 1099 2895 voluntarius
1111 2834 1190 2895 erat
1209 2836 1247 2895 et
1258 2818 1391 2907 fuerat,
1408 2849 1475 2927 per
1487 2822 1598 2930 longa

184 2971 354 3058 tempora
369 2968 472 3038 ante,
486 2950 534 3027 ad
547 2948 919 3026 exeundumdictum
933 2946 1107 3024 ordinem
1122 2963 1276 3053 propter
1289 2949 1455 3054 predicta
1470 2950 1598 3029 illicita

185 3081 386 3160 consessata
400 3108 469 3187 per
484 3107 588 3165 eum,
606 3095 644 3156 et
656 3077 824 3155 exivisset
837 3092 923 3157 ante
936 3077 1169 3185 capcionem,
1186 3077 1257 3155 nisi
1273 3078 1459 3156 timuisset
1471 3100 1599 3187 captus

127 3284 135 3292 .
182 3211 294 3288 luisse
315 3210 441 3287 abeis.

238 3476 366 3554 Frater
384 3477 517 3575 Petrus
537 3475 585 3552 de
600 3475 747 3553 Modies
761 3477 939 3566 serviens,
956 3475 1153 3556 Vienensis
1173 3478 1348 3565 diocesis,
1366 3479 1471 3554 testis
1486 3506 1598 3581 supra

177 3604 342 3709 juratus,
368 3623 488 3682 vestes
504 3605 674 3682 ,radiatas
702 3605 889 3695 deferens,
921 3608 1009 3712 quia
1037 3624 1124 3683 curn
1152 3606 1205 3682 eis
1231 3621 1358 3711 captus
1383 3604 1504 3681 luerat
1522 3632 1597 3679 una

183 3762 268 3810 curn
283 3753 378 3812 teste
393 3735 580 3841 predicto,
594 3736 672 3840 jam
689 3752 745 3813 est
758 3762 878 3811 annus
891 3735 950 3811 vel
968 3736 1078 3823 circa,
1096 3762 1183 3811 cum
1197 3733 1414 3839 aufugisset,
1436 3733 1596 3809 aliorum

182 3865 357 3967 capcione
373 3864 513 3950 audita,
531 3880 570 3941 et
584 3863 745 3940 habebat
758 3862 918 3940 barbam
927 3890 1064 3954 rasam,
1083 3863 1400 3972 quadragenarius
1412 3860 1471 3937 vel
1486 3863 1594 3951 circa,

182 4018 267 4067 cum
288 3993 611 4099 quoinquisitum
631 3992 763 4070 luerat
789 4020 859 4098 per
885 3993 1084 4070 dominum
1111 3994 1327 4098 episcopum
1349 3991 1598 4069 Matisconen·

181 4140 279 4208 sem,
301 4120 407 4199 lectis
427 4139 466 4198 et
485 4120 686 4229 diligenter
701 4122 876 4228 expositis
895 4121 965 4198 sibi
986 4122 1163 4199 omnibus
1183 4137 1221 4197 et
1235 4118 1392 4228 singulis
1413 4122 1595 4210 articulis,

182 4248 379 4352 respondit
393 4277 432 4325 se
447 4250 606 4340 nescire,
633 4278 702 4326 nec
717 4250 887 4341 credere,
914 4276 984 4325 nec
999 4249 1183 4326 audivisse
1198 4248 1272 4326 dici
1290 4249 1340 4325 de
1355 4253 1539 4327 contentis
1558 4253 1597 4326 in

181 4376 235 4453 eis
248 4375 318 4453 nisi
338 4377 443 4484 quod
462 4379 655 4482 sequitur:
675 4379 849 4455 videlicet
863 4378 966 4484 quod
986 4379 1064 4484 ipse
1079 4395 1250 4484 receptus
1265 4378 1386 4457 fuerat
1405 4381 1443 4455 in
1459 4379 1598 4485 capella

182 4508 318 4584 domus
332 4508 480 4614 Templi
502 4510 550 4585 de
565 4508 698 4584 Tauris
717 4507 963 4614 lingonensis
985 4507 1162 4594 diocesis,
1187 4509 1281 4585 circa
1301 4509 1442 4586 instans
1461 4508 1597 4584 festum

180 4636 385 4713 Nativitatis
397 4637 551 4714 Domini
567 4654 679 4714 erunt
691 4662 751 4716 vur
763 4637 867 4726 anni,
878 4664 950 4742 per
964 4636 1115 4714 fratrem
1129 4637 1362 4742 Stephanum
1384 4637 1432 4714 de
1446 4637 1597 4743 Espalhi

181 4767 362 4843 serviente
383 4766 593 4872 quondam,
620 4767 858 4873 presentibus
879 4765 1054 4844 iratribus
1079 4769 1236 4875 Hugone
1258 4768 1306 4845 de
1326 4766 1508 4845 Cabilone
1528 4768 1598 4843 mi·

265 4902 372 4964 rnoclrs
387 4923 440 4965 nes
455 4923 726 4965 reaumaus-11.
1389 4903 1428 4971 34
