4230 5956
449 447 524 525 aaa
833 427 1029 521 raoerts
1054 446 1150 517 nus
1178 445 1478 519 rsurtmas.

446 606 528 667 tum
542 614 653 665 suum
668 586 787 692 quod,
811 603 959 663 ostenso
980 586 1049 663 sibi
1068 585 1230 691 quodam
1250 585 1388 662 missali
1414 586 1454 662 in
1472 612 1548 691 quo
1564 603 1642 664 erat
1655 610 1759 676 crux,
1778 587 1863 664 etin

446 744 522 825 quo
540 735 619 795 erat
637 717 789 822 depicta
806 743 937 823 ymago
957 716 1073 793 lhesu
1099 714 1254 803 Christi,
1274 715 1440 820 precepit
1457 714 1528 792 sibi
1547 715 1650 822 quod
1665 714 1864 824 abnegaret

447 848 552 925 illum
567 849 670 953 cujus
682 875 814 953 ymago
827 846 1151 951 repraesentabatur
1165 843 1235 932 ibi,
1251 846 1317 952 qui
1330 844 1416 923 licet
1428 846 1562 923 invitus
1579 845 1770 952 abnegavit
1783 874 1860 933 ore,

446 979 538 1060 licet,
556 1006 631 1055 non
651 977 778 1063 corde,
800 992 843 1053 ut
861 976 1004 1063 asserit,
1025 977 1142 1051 immo
1164 974 1285 1053 doluit
1304 992 1485 1081 quantum
1500 977 1634 1082 potuit.
1651 976 1862 1082 Requisitus

445 1124 572 1183 utrum
588 1124 738 1211 spueret
762 1135 872 1212 supra
894 1135 1060 1193 crucem,
1086 1106 1178 1182 dixit
1201 1106 1306 1212 quod
1325 1106 1394 1194 sic,
1412 1106 1483 1185 bis.
1502 1105 1717 1211 Requisitus
1736 1123 1861 1183 utrum

445 1236 632 1313 osculatus
659 1236 773 1312 luerit
800 1236 1041 1342 recipientem
1071 1236 1158 1313 alibi
1183 1264 1297 1342 quam
1323 1236 1364 1311 in
1391 1263 1474 1324 ore,
1501 1234 1593 1313 dixit
1618 1233 1722 1341 quod
1746 1236 1798 1311 sic
1824 1234 1863 1311 in

444 1366 623 1443 umbilico
646 1382 684 1442 et
701 1366 741 1441 in
766 1394 847 1454 ore,
874 1384 911 1442 et
931 1394 1007 1444 non
1031 1364 1138 1454 alibi,
1161 1383 1203 1442 ut
1227 1365 1331 1443 dixit.
1347 1364 1449 1443 Dixit
1470 1366 1585 1442 eciam
1612 1364 1717 1471 quod
1741 1365 1863 1442 dictus

442 1496 624 1601 recipiens
642 1497 809 1601 precepit
832 1497 901 1572 sibi
920 1496 1023 1601 quod
1048 1497 1202 1573 omnino
1221 1494 1425 1573 abstineret
1444 1523 1463 1571 a
1482 1495 1701 1604 cognicione
1724 1494 1862 1572 mulie-

443 1625 710 1715 rum;.volcbat
728 1643 854 1703 tamen
868 1643 905 1702 et
924 1625 1141 1733 injungebat
1161 1625 1280 1730 quod,
1302 1625 1333 1701 si
1347 1624 1457 1702 vellet
1476 1624 1632 1730 implere
1650 1653 1755 1701 suam
1775 1623 1861 1700 libi-

446 1755 592 1846 dinem,
608 1773 733 1861 posset
747 1784 832 1833 eum
841 1783 918 1831 uno
933 1756 979 1832 de
997 1755 1074 1832 suis
1086 1753 1263 1832 fratribus
1281 1754 1534 1831 commiscere.
1544 1754 1644 1831 Dixit
1653 1771 1779 1830 tamen
1794 1783 1861 1860 per

440 1886 696 1988 juramentum
712 1887 815 1993 quod
835 1913 1027 1990 nunquam
1047 1883 1180 1961 accidit
1198 1884 1266 1972 sic,
1288 1912 1358 1961 nec
1375 1912 1543 1989 unquam
1559 1882 1632 1960 luit
1646 1885 1859 1990 requisitus.

444 2017 658 2122 Requisitus
686 2035 814 2094 utrum
842 2017 893 2102 vi,
925 2015 982 2100 rel
1011 2031 1116 2093 metu
1142 2013 1298 2091 carceris
1310 2011 1369 2089 vel
1389 2030 1680 2101 tormentorum,
1702 2013 1861 2117 aliquam

445 2146 578 2223 dixerit
592 2146 790 2223 falsitatem
805 2145 862 2222 vel
881 2144 1128 2222 immiscuerit
1141 2146 1181 2219 in
1203 2142 1440 2248 deposicionc
1463 2170 1545 2231 sua,
1567 2140 1657 2217 dixit
1676 2170 1743 2247 per
1759 2143 1863 2248 jura·

444 2290 610 2350 mentum
633 2301 742 2349 suum
758 2275 859 2378 quod
880 2302 973 2361 non3
988 2274 1105 2349 immo
1121 2272 1213 2349 dixit
1231 2272 1435 2350 veritatem.

498 2535 593 2611 Item
610 2531 724 2610 frater
738 2533 897 2610 lacobus
918 2533 965 2610 de
986 2533 1245 2610 Rubeomonte
1268 2532 1496 2640 grangiarius
1516 2533 1562 2610 de
1582 2535 1857 2622 Sommeurens,

444 2662 553 2740 etatis
571 2663 756 2768 sexaginta
779 2661 908 2738 decem
930 2691 1131 2751 annorum,
1148 2662 1295 2770 juratus
1315 2662 1449 2739 eodem
1467 2663 1638 2740 modoet
1659 2662 1861 2769 requisitus

445 2795 491 2870 dc
506 2810 675 2898 tempore
686 2810 723 2870 et
737 2793 853 2870 modo
864 2793 1181 2898 suerecepcionis‚
1194 2793 1286 2870 dixit
1297 2818 1365 2897 per
1369 2791 1622 2899 juramentum
1637 2821 1747 2869 suum
1758 2794 1860 2899 quod

444 2940 617 3030 receptus
634 2922 704 2999 fuit
723 2923 824 3029 apud
843 2923 1020 3010 Peneius,
1043 2952 1109 3030 per
1126 2922 1277 3027 fratrem
1298 2923 1527 3000 Franeonem
1548 2921 1596 2999 dc
1620 2923 1758 3000 Bomio
1778 2950 1861 3027 pre-

443 3069 632 3157 ceptorem
653 3053 860 3142 Provincia,
882 3054 1126 3159 quadraginta
1148 3054 1236 3129 anni
1255 3070 1343 3130 sunt
1362 3054 1475 3159 elapsi
1495 3052 1553 3130 vel
1576 3053 1686 3139 circa,
1707 3079 1860 3157 presen-

443 3179 544 3256 tibus
563 3179 674 3255 lratre
695 3181 850 3286 Hugone
875 3182 922 3258 de
947 3183 1115 3259 Paraudo
1140 3199 1179 3258 et
1196 3181 1366 3287 pluribus
1384 3181 1464 3259 aliis
1483 3182 1530 3259 de
1555 3211 1717 3289 quorum
1737 3184 1859 3259 nomi-

446 3307 557 3384 nibus
569 3337 645 3385 non
656 3310 913 3386 recolit.Dixit
926 3312 1040 3387 eciam
1050 3311 1490 3418 perjuramentumsuum
1500 3315 1616 3420 quod,
1629 3330 1715 3419 post
1726 3314 1860 3391 multas

445 3438 711 3541 promissiones
733 3438 779 3514 de
807 3440 952 3514 statutis
978 3458 1015 3515 et
1038 3439 1285 3518 observanciis
1310 3442 1397 3517 dicti
1422 3443 1565 3519 ordinis
1591 3443 1717 3531 lactas,
1741 3445 1859 3520 dictus

443 3585 614 3673 receptus
634 3570 758 3674 ipsum
778 3587 1008 3672 receptorem
1030 3570 1215 3648 osculatus
1235 3571 1306 3647 luit
1319 3572 1357 3646 in
1372 3572 1553 3649 umbilico
1568 3590 1712 3651 tantum
1728 3574 1855 3649 semel.

443 3697 542 3774 Dixit
558 3698 673 3773 eciam
690 3725 757 3802 per
766 3699 1020 3804 juramentum
1035 3728 1145 3776 suum
1161 3701 1265 3805 quod
1279 3700 1443 3805 precepit
1457 3698 1525 3776 sibi
1544 3700 1663 3777 dictus
1678 3702 1858 3805 recipiens

444 3828 546 3932 quod
561 3844 712 3932 spueret
726 3856 836 3933 supra
849 3857 1012 3918 crucem,
1031 3831 1134 3934 quod
1154 3828 1241 3907 fecit
1255 3847 1382 3907 contra
1396 3829 1622 3907 voluntatem
1636 3858 1756 3918 suam3
1771 3831 1858 3907 lecit

442 3975 584 4046 tamen,
605 3959 692 4063 quia
711 3957 975 4064 injungebatur
994 3959 1064 4035 sibi
1085 3961 1123 4034 in
1140 3959 1275 4037 virtute
1294 3958 1513 4043 obediencie
1533 3960 1713 4065 promisse
1732 3960 1778 4036 ab
1797 3990 1854 4037 eo.

443 4087 544 4163 Dixit
562 4104 687 4163 tamen
697 4116 765 4192 per
778 4089 1032 4194 juramentum
1048 4116 1158 4165 suum
1173 4090 1277 4195 quod
1297 4106 1467 4195 receptor
1484 4090 1648 4195 precepit
1663 4090 1733 4167 sibi
1755 4094 1857 4197 quod

444 4217 599 4293 omnino
612 4216 845 4295 abstinereta
864 4218 1101 4307 mulieribus,
1121 4236 1157 4296 et
1176 4221 1278 4325 quod
1298 4221 1558 4299 commisceret
1570 4248 1609 4297 se
1625 4250 1710 4297 cum
1729 4222 1856 4329 aliquo

443 4347 490 4423 de
501 4346 673 4424 fratribus
684 4350 760 4424 suis
770 4349 800 4424 si
810 4349 1135 4455 indigeret‚ethoc
1148 4367 1336 4455 pateretur
1347 4350 1393 4427 ab
1405 4351 1716 4455 aliisllequisitus
1728 4369 1856 4428 utrum

443 4477 475 4552 vi
485 4538 493 4565 ‚
505 4477 561 4553 vel
577 4495 679 4555 metu
701 4479 855 4554 carceris
871 4478 928 4554 vel
943 4496 1235 4567 tormentorum,
1259 4479 1421 4587 aliquam
1441 4480 1575 4558 dixerit
1589 4481 1783 4558 falsitatem
1801 4483 1855 4557 vel

443 4607 687 4685 immiscuerit
701 4609 739 4683 in
753 4608 990 4713 deposicione
1004 4638 1082 4697 sua,
1097 4610 1187 4687 dixit
1198 4638 1266 4715 per
1267 4610 1525 4715 jurameutum
1535 4638 1645 4689 auum
1654 4612 1853 4715 quodnam

443 4735 557 4829 immo
575 4738 666 4812 dixit
682 4738 885 4817 veritatem.
