4230 5956
529 448 602 517 208
907 423 1102 518 proces
1133 443 1230 514 nus
1261 442 1569 516 reuertens,

527 583 595 660 sed
624 610 700 660 non
730 581 862 660 recolit
890 582 1095 689 aquibus,
1122 580 1227 688 quod
1256 579 1370 657 srater
1394 581 1554 658 lacobus
1586 607 1743 688 magnus
1771 584 1950 694 Magister

527 713 689 805 ordinis,
708 712 806 791 ultra
831 741 932 789 mare
959 713 1134 801 existens,
1157 710 1400 789 commitebat
1418 712 1561 788 crimen
1577 711 1844 795 sodomiticum
1860 747 1947 796 cum

526 845 692 950 quodam
728 843 848 922 valeto
884 844 1087 920 camerario
1121 870 1207 934 suo,
1240 869 1355 948 quem
1391 840 1555 919 multum
1588 841 1787 951 diligebat,
1817 866 1947 927 vocato

525 973 704 1083 Georgia,
724 975 788 1081 qui
808 973 890 1057 ¹luit
921 973 1140 1050 submersus
1160 1001 1204 1049 ex
1226 973 1415 1077 insperato
1438 972 1476 1050 in
1497 973 1689 1078 presencia
1717 975 1807 1053 dicti
1832 979 1949 1088 Magi-

526 1106 592 1182 stri
614 1122 652 1182 et
670 1105 850 1197 aliorum,
880 1104 1111 1182 transeundo
1141 1102 1344 1209 quamdam
1373 1131 1509 1209 aquam
1529 1103 1569 1178 in
1595 1104 1733 1210 riparia
1750 1108 1945 1201 lanuensi,

526 1253 564 1311 et
584 1233 704 1313 credit'
721 1237 801 1342 ipse
821 1235 926 1313 testis
949 1234 1056 1342 quod
1073 1232 1187 1313 fuerit
1208 1233 1303 1311 ultio
1324 1233 1449 1311 divina
1471 1250 1628 1340 propter
1645 1252 1842 1340 peccatum
1867 1269 1948 1345 pre·

526 1365 687 1455 dictum,
712 1393 788 1470 quo
808 1364 923 1442 eciam
940 1362 1163 1441 dicebantur
1177 1364 1282 1442 abuti
1296 1363 1358 1441 nlii
1378 1363 1539 1471 majo'res
1554 1363 1700 1442 ordinis
1714 1364 1813 1443 ultra
1827 1397 1947 1459 mare,

527 1510 564 1570 et
590 1495 687 1572 inter
715 1494 808 1572 alios
840 1512 918 1571 erat
948 1495 997 1571 de
1022 1494 1094 1572 hoc
1125 1493 1290 1570 multum
1322 1492 1537 1572 diffamatus
1560 1492 1673 1573 frater
1697 1497 1873 1575 Sicardus
1898 1500 1946 1577 de

525 1627 629 1731 Rupe
654 1623 782 1715 miles,
807 1641 1004 1731 preceptor
1023 1623 1234 1731 Burdegale
1260 1623 1475 1730 quondam;
1495 1651 1574 1701 non
1592 1641 1721 1703 tamen
1744 1626 1858 1715 vidit,
1886 1631 1944 1707 vel

525 1754 667 1831 audivit
690 1756 762 1833 dici
784 1757 863 1863 ipse
878 1773 1005 1833 tamen
1028 1754 1151 1843 testis,
1177 1784 1246 1832 nec
1272 1755 1393 1833 credit
1414 1756 1520 1861 quod
1536 1785 1581 1834 ex
1599 1758 1782 1865 preceptis
1796 1759 1855 1837 vel
1873 1778 1946 1838 sta-

523 1886 614 1963 tutis
637 1885 781 1963 ordinis
807 1886 952 1963 dictum
973 1902 1167 1991 peccatum
1191 1902 1451 1993 perpetrarent
1475 1887 1670 1978 intereos,
1691 1887 1749 1966 vel
1769 1889 1875 1994 quod
1890 1891 1945 1968 eis

525 2043 604 2093 esse
631 2016 777 2094 licitum
806 2017 1006 2095 diceretur.
1041 2017 1151 2104 Item,
1188 2015 1282 2092 dixit
1301 2043 1340 2093 se
1360 2015 1545 2094 audivisse
1569 2016 1644 2094 dici
1670 2046 1692 2094 a
1718 2017 1820 2096 dicto
1848 2047 1945 2098 rece·

524 2164 632 2250 ptnre
645 2175 729 2237 sun,
747 2148 786 2223 in
808 2147 1028 2253 recepcinne
1044 2174 1131 2237 sua,
1152 2146 1219 2252 qui
1231 2147 1405 2255 ,precepit
1417 2147 1452 2224 ei
1463 2147 1569 2255 quod
1589 2146 1792 2258 abnegaret
1800 2149 1942 2239 Deum,

525 2277 628 2382 quod
648 2294 802 2383 propter
818 2277 955 2353 dictam
975 2277 1268 2383 abnegacionem
1288 2278 1376 2385 plus
1392 2278 1433 2353 in
1450 2277 1563 2366 bonis
1586 2278 1859 2385 temporalibus
1878 2281 1945 2359 ha-

525 2407 727 2498 bundaret,
756 2424 794 2484 et
820 2406 923 2482 idem
952 2405 1035 2483 aliis
1063 2406 1269 2485 dicebatur.
1285 2409 1399 2500 Item,
1420 2408 1515 2487 dixit
1529 2408 1634 2516 quod
1654 2409 1733 2514 ipse
1747 2409 1845 2487 bene
1863 2439 1941 2486 cre·

528 2536 641 2615 debat
660 2536 916 2614 ecclesiasticis
933 2537 1188 2628 sacramentis,
1217 2539 1285 2616 sed
1314 2540 1363 2616 de
1387 2538 1471 2617 aliis
1493 2539 1525 2618 si
1551 2539 1750 2617 crederent
1778 2541 1941 2647 ignorat;

523 2668 590 2744 sed
616 2668 840 2746 videbantur
859 2668 1031 2757 credere,
1063 2686 1102 2746 et
1127 2667 1243 2775 aliqui
1258 2669 1360 2775 plus,
1382 2686 1422 2781 et
1440 2666 1503 2746 alit
1523 2668 1662 2748 minus.
1680 2669 1814 2750 Credit
1826 2672 1943 2749 eciam

522 2798 627 2904 quod
641 2827 773 2879 eorum
795 2799 1005 2881 sacerdotes
1028 2798 1156 2877 debite
1178 2798 1427 2886 celebrarent,
1448 2815 1488 2878 et
1505 2800 1611 2908 quod
1626 2828 1760 2878 eorum
1782 2801 1944 2881 missalia

524 2949 647 3010 essent
668 2932 772 3022 talia,
794 2932 918 3038 qualia
933 2949 1022 3010 sunt
1041 2931 1210 3009 ecclesie.
1226 2932 1341 3024 ltem,
1363 2929 1455 3008 dixit
1473 2959 1514 3008 se
1528 2928 1710 3011 audivisse
1730 2930 1805 3008 dici
1820 2933 1861 3006 in
1876 2910 1941 3008 orss

525 3061 613 3135 dine
640 3062 743 3167 quod
771 3089 929 3170 magnus
962 3062 1138 3170 Magister
1169 3061 1333 3139 habebat
1357 3059 1597 3168 privilegium
1621 3061 1774 3167 aPapn,
1788 3077 1943 3167 propter

524 3191 628 3294 quod
661 3191 773 3269 dabat
802 3193 1058 3270 sacerdotibus
1086 3191 1229 3270 ordinis
1257 3206 1479 3299 potestatem
1514 3188 1732 3267 absolvendi
1762 3188 1892 3267 fratres
1921 3220 1942 3268 a

457 3387 462 3399 ,
525 3321 682 3425 peccatis
708 3350 859 3410 eorum,
885 3339 923 3400 et
951 3322 1228 3429 propterquod
1255 3322 1333 3428 ipse
1364 3320 1541 3428 Magister
1569 3319 1684 3398 etalii
1706 3337 1943 3428 preceptores

524 3449 606 3527 laici
626 3451 865 3530 absolvebant
883 3451 1014 3530 iratres
1035 3453 1081 3531 ab
1104 3453 1377 3530 inobedicnciis
1403 3479 1548 3529 eorum.
1570 3452 1682 3542 Item,
1704 3442 1797 3528 dixit
1818 3481 1858 3529 se
1882 3480 1943 3528 au·

524 3582 659 3660 divisse
680 3583 753 3661 dici
772 3583 991 3691 frequenter
1019 3616 1040 3663 a
1065 3585 1194 3664 multis
1213 3583 1390 3665 fratribus
1408 3582 1574 3674 ordinis,
1603 3581 1652 3658 de
1679 3609 1844 3688 qnorum
1873 3610 1941 3660 nn-

522 3715 689 3793 minibus
708 3744 784 3793 non
811 3717 1040 3809 recordatur,
1073 3718 1178 3824 qnod
1201 3716 1324 3794 dictus
1355 3713 1468 3791 frater
1495 3711 1656 3790 lacobus
1685 3713 1860 3819 Magister
1880 3740 1941 3790 or-

523 3845 642 3937 dinis,
665 3849 817 3954 quando
843 3848 1048 3956 recipiebat
1081 3847 1241 3953 aliquos,
1267 3844 1427 3924 faciebat
1446 3872 1486 3922 se
1515 3842 1675 3922 osculari
1702 3842 1749 3919 ab
1778 3842 1831 3919 eis
1861 3870 1938 3918 non

522 3977 646 4054 solnm
662 3979 702 4055 in
719 4007 800 4071 ore,
820 3981 887 4057 sed
908 3979 1025 4057 eciam
1040 3979 1080 4056 in
1101 3977 1281 4056 umbilico
1297 3995 1335 4054 et
1349 3993 1452 4055 retro
1467 3976 1507 4052 in
1521 3973 1627 4080 spina
1646 3972 1748 4051 dorsi
1767 3973 1806 4048 in
1827 4000 1939 4050 carne

522 4107 634 4181 nuda.
664 4109 778 4200 ltem,
806 4110 899 4188 dixit
931 4109 1036 4216 quod
1056 4108 1236 4217 jurabant
1259 4106 1435 4186 ordinem
1460 4133 1548 4184 non,
1562 4102 1673 4182 exire.
1694 4101 1939 4181 Clandestine

522 4235 807 4341 recipiebantur,
829 4240 946 4319 nullis
963 4242 1201 4347 presentibus
1225 4239 1296 4318 nisi
1316 4237 1496 4316 fratribus
1511 4235 1672 4323 ordinis,
1698 4260 1742 4312 ex
1763 4261 1842 4340 quo
1860 4261 1940 4310 cre-

521 4366 576 4443 dit
595 4368 700 4475 quod
715 4386 811 4448 esset
826 4371 987 4477 suspicio
1004 4388 1134 4449 contra
1158 4398 1234 4449 eos.
1256 4370 1414 4475 Propter
1436 4367 1675 4445 honestatem
1695 4364 1941 4472 cingebantur

519 4497 684 4576 cordulis
702 4527 816 4606 super
838 4527 955 4605 panos
979 4499 1100 4577 lineos
1116 4528 1205 4576 cum
1225 4498 1364 4607 quibus
1380 4497 1574 4606 jacebant;
1596 4512 1635 4573 et
1656 4494 1835 4603 jurabant
1862 4520 1938 4571 non

519 4628 681 4706 revelare
708 4647 848 4706 secreta
873 4628 1158 4735 capituliorum3
1186 4647 1224 4707 et
1258 4628 1325 4735 qui
1353 4626 1550 4706 revelasset
1580 4624 1714 4703 fnisset
1746 4639 1938 4731 reputatus

520 4756 743 4836 inobediens
763 4778 801 4836 et
822 4758 1180 4847 excommunicatus,
1210 4776 1250 4837 et
1276 4757 1503 4866 perdidisset
1530 4753 1766 4835 mantellum.
1791 4749 1939 4831 Inhibe
