4230 5956
699 467 897 559 rnocss
929 486 1026 557 nus
1057 484 1364 558 rennuens.
1665 489 1736 560 ros

316 625 397 732 pud
416 623 521 728 quod
543 641 621 699 erat
640 651 753 730 super
778 625 892 704 altare
914 625 1011 703 dicte
1032 654 1143 732 parve
1164 624 1303 730 capelle
1324 626 1507 731 positum,
1533 626 1652 702 nescit
1669 655 1737 732 per

314 782 447 861 quern,
463 753 571 860 juxta
591 739 823 859 santuarium
845 774 883 834 et
901 754 1047 834 vascula
1069 755 1332 861 reliquiarum,
1350 773 1387 832 et
1410 753 1502 830 dixit
1521 752 1556 830 ei
1571 755 1678 859 quod
1697 757 1734 831 in

314 883 598 962 necessitatibus
624 884 702 961 suis
730 886 918 963 invocaret
948 887 1092 963 dictum
1120 886 1253 990 capud.
1283 883 1497 990 Requisitus
1526 882 1636 989 quale
1661 904 1738 960 erat

315 1015 457 1092 dictum
481 1014 616 1118 capud,
639 1015 732 1092 dixit
751 1017 856 1122 quod
877 1019 1014 1094 eratad
1035 1017 1150 1093 instar
1170 1015 1299 1120 capitis
1314 1013 1463 1119 Templi
1486 1041 1573 1089 eum
1595 1012 1757 1090 birreto·

316 1162 354 1221 et
367 1145 483 1221 barba
503 1172 592 1219 cana
608 1161 644 1221 et
658 1145 785 1252 longa,
806 1147 873 1225 sed
891 1175 969 1223 nou
981 1146 1055 1222 fuit
1067 1145 1301 1254 ymaginatus
1314 1144 1343 1220 si
1358 1144 1500 1220 dictum
1522 1143 1644 1246 capud
1659 1161 1737 1221 erat

316 1273 568 1360 metallinum,
584 1274 760 1380 ligneum,
776 1276 833 1353 vel
853 1304 1016 1365 osseum,
1032 1276 1089 1352 vel
1104 1275 1324 1361 humanum,
1340 1300 1410 1349 nec
1427 1272 1606 1377 expressit
1627 1273 1662 1349 ei
1679 1274 1736 1350 di-

274 1419 278 1426 ·
316 1421 398 1480 ctus
409 1420 581 1508 receptor
591 1404 698 1510 cujus
710 1423 807 1483 esset
822 1406 966 1482 dictum
978 1397 1116 1511 capud,
1133 1434 1202 1482 nec
1222 1403 1465 1510 postmodum
1482 1401 1574 1478 vidit
1593 1402 1735 1481 dictum

315 1532 453 1638 capud,
475 1560 545 1608 nec
566 1550 651 1609 ante
671 1534 830 1625 viderat,
853 1534 942 1612 licet
960 1535 1203 1641 postmodum
1224 1533 1346 1609 luerat
1361 1533 1500 1610 centies
1514 1533 1552 1608 in
1566 1532 1665 1609 dicta
1678 1558 1753 1611 ca··

313 1662 427 1766 pella,
438 1679 481 1740 ut
494 1663 708 1741 arbitratur.
717 1666 935 1771 Requisitus
950 1666 982 1743 si
995 1665 1098 1743 idem
1109 1665 1212 1743 testis
1226 1664 1359 1741 habuit
1378 1661 1631 1740 intencionem
1645 1681 1736 1740 tunc

313 1792 418 1897 quod
444 1792 584 1870 dictum
611 1795 731 1900 capud
757 1811 853 1873 esset
871 1796 1037 1883 bonurn,
1059 1794 1256 1902 respondit
1274 1793 1377 1900 quod
1398 1821 1493 1878 non3
1515 1793 1592 1868 imo
1612 1791 1733 1869 visum

312 1919 383 1999 fuit
393 1922 463 1999 sibi
475 1923 580 2029 quod
591 1924 708 2001 nichil
721 1925 871 2014 valeret,
882 1943 920 2003 et
932 1926 1037 2031 quod
1051 1953 1128 2001 non
1138 1940 1265 2030 posset
1277 1950 1364 1999 eum
1372 1923 1513 2027 juvare.
1526 1922 1633 2008 Item,
1642 1922 1736 1998 dixit

315 2051 420 2155 quod
439 2052 559 2129 dictus
579 2069 750 2157 receptor
766 2053 839 2131 fuit
857 2054 1046 2131 osculatus
1065 2055 1189 2159 ipsum
1209 2069 1345 2128 testem
1364 2052 1404 2126 in
1424 2047 1606 2127 umbilico
1623 2080 1735 2158 super

314 2196 444 2257 vestes.
462 2180 543 2257 Alia
558 2179 686 2256 illicita
702 2207 778 2257 non
791 2181 1075 2258 intervenerunt
1094 2182 1134 2257 in
1153 2179 1373 2285 recepcione
1389 2208 1456 2256 sua
1474 2179 1533 2256 vel
1548 2197 1644 2286 post.
1664 2184 1736 2258 Re·

314 2309 474 2414 quisitus
490 2310 519 2385 si
536 2309 690 2398 sciebat,
708 2311 899 2402 credebat,
915 2311 973 2389 vel
988 2312 1179 2390 audiverat
1193 2311 1265 2387 dici
1286 2310 1392 2416 quod
1413 2310 1510 2386 dicta
1530 2310 1656 2387 illicita
1676 2313 1734 2389 vel

315 2438 385 2515 alia
401 2439 668 2517 intervenirent
682 2441 937 2518 communiter
950 2440 989 2517 in
1002 2440 1287 2547 recepcionibus
1296 2440 1456 2521 aliorum
1469 2440 1626 2518 fratrum
1639 2441 1735 2530 ordi·

315 2570 388 2662 nis,
406 2569 602 2674 respondit
616 2568 720 2676 quod
734 2570 943 2663 nesciebat,
961 2571 1140 2649 credebat
1152 2589 1281 2648 tamen
1293 2570 1397 2678 quod
1411 2570 1636 2678 abnegarent
1651 2573 1734 2649 Jhe·

315 2729 399 2778 sum
416 2700 609 2779 Christum
624 2701 811 2806 sicutipse
827 2701 1085 2809 abnegaverat,
1104 2719 1141 2778 et
1155 2701 1258 2808 quod
1275 2701 1532 2806 preciperetur
1553 2702 1607 2778 eis
1629 2703 1734 2808 quod

317 2848 496 2935 spuerent
505 2857 619 2936 super
630 2859 795 2919 crucem3
808 2848 846 2907 et
856 2831 929 2911 hoc
938 2832 1054 2910 eciam
1065 2831 1207 2908 audivit
1220 2830 1294 2907 dici
1307 2859 1328 2906 a
1339 2829 1440 2906 dicto
1454 2829 1566 2906 lratre
1580 2829 1732 2908 Galtero

317 2961 363 3036 da
383 2960 418 3036 la
438 2960 611 3037 Sanciera
626 2959 727 3066 apud
740 2959 964 3050 Villam-Dei
981 2960 1220 3038 Carnotensis
1235 2960 1409 3050 diocesis,
1425 2960 1529 3065 quasi
1542 2988 1608 3066 per
1628 2962 1734 3067 quin-

316 3118 389 3196 que
409 3117 527 3166 annos
544 3106 631 3194 post
649 3089 909 3196 recepcionem
923 3119 1046 3182 suam,
1064 3119 1150 3168 curu
1166 3092 1248 3196 ipse
1262 3090 1383 3178 testis,
1405 3091 1665 3196 conquirendo
1685 3094 1732 3170 de

317 3220 424 3297 dictis
448 3219 603 3311 illicitis,
629 3219 849 3327 loqueretur
873 3251 960 3299 cum
986 3223 1086 3300 dicto
1111 3222 1226 3309 fratre
1242 3221 1411 3311 Galtero,
1432 3223 1499 3327 qui
1521 3222 1612 3300 dixit
1629 3227 1734 3330 quod

317 3351 561 3428 confiteretur
574 3351 621 3427 de
637 3350 747 3428 dictis
766 3343 920 3442 illicitis,
938 3371 975 3430 et
987 3370 1113 3460 ageret
1129 3353 1395 3460 penitenciam,
1410 3369 1448 3429 et
1463 3381 1540 3430 non
1556 3355 1734 3461 cogitaret

316 3480 401 3586 plus
417 3480 465 3557 de
482 3509 551 3569 ers,
570 3497 608 3558 et
626 3498 752 3588 ageret
770 3498 813 3558 ut
831 3480 956 3560 bonus
974 3483 1106 3571 homo,
1128 3483 1217 3590 quia
1237 3482 1288 3559 ita
1306 3481 1420 3568 fiebat
1437 3482 1475 3557 in
1495 3482 1641 3560 ordine.
1663 3487 1734 3562 Re·

319 3611 479 3716 quisitus
507 3611 538 3687 si
569 3611 710 3687 viderat
743 3610 889 3717 aliquos
915 3613 1033 3716 recipiv
1055 3613 1152 3689 ultra
1183 3640 1303 3702 mare,
1331 3611 1396 3687 ubi
1428 3611 1550 3689 luerat
1574 3631 1734 3719 quatuor

318 3740 510 3817 mensibus
525 3740 564 3816 in
581 3739 710 3817 Castro
725 3742 933 3848 Peregrini,
949 3759 993 3818 ut
1008 3743 1116 3830 dixit,
1130 3742 1326 3848 respondit
1340 3742 1446 3847 quod
1465 3770 1561 3830 n0n3
1580 3743 1668 3819 citra
1683 3759 1734 3818 ta·

317 3899 404 3946 men
416 3899 518 3946 mare
529 3869 623 3948 vidit
632 3871 746 3976 recipi
756 3871 850 3947 circa
861 3870 1080 3960 duodecim,
1094 3876 1308 3978 inquorum
1322 3870 1605 3975 receptionibus
1616 3871 1732 3947 nichil

317 3999 410 4075 vidit
433 3998 515 4076 fieri
541 3999 598 4076 vel
619 3999 693 4077 dici
715 3998 908 4089 illicitum;
929 4001 998 4079 sed
1017 4002 1106 4107 quia
1125 4020 1210 4106 post
1230 4001 1345 4076 dictas
1365 4000 1603 4104 recepciones
1624 4000 1733 4077 duce-

316 4128 453 4203 bantur
476 4157 545 4233 per
563 4147 775 4235 receptores
794 4130 864 4207 soli
885 4131 933 4208 ad
953 4131 1024 4207 alia
1044 4131 1146 4219 loca,
1168 4130 1207 4204 in
1228 4127 1367 4234 quibus
1387 4127 1596 4205 induebant
1614 4148 1732 4208 vestes

315 4254 524 4361 religionis,
537 4257 1273 4366 suspicaturetcreditquodibilacerent
1284 4255 1576 4365 abnegacionem
1587 4277 1625 4335 et
1637 4261 1733 4366 spui·

315 4385 463 4462 cionem
475 4384 672 4491 predictas.
689 4386 906 4492 Requisitus
917 4387 1024 4493 quod
1040 4387 1254 4463 nominaret
1273 4383 1358 4462 illos
1373 4414 1469 4491 quos
1480 4387 1621 4464 viderat
1639 4388 1733 4463 reci-

316 4515 374 4622 pi,
393 4514 486 4591 dixit
495 4515 599 4621 quod
607 4516 751 4594 viderat
763 4516 877 4623 recipi
890 4519 987 4595 duos
1006 4517 1138 4595 fratres
1154 4516 1373 4605 servientes,
1396 4545 1559 4623 quorum
1580 4517 1732 4594 nomina

317 4664 355 4722 et
365 4643 586 4752 cognomina
596 4645 760 4754 ignorat,
775 4645 813 4722 in
823 4646 963 4752 capella
974 4647 1109 4724 domus
1118 4645 1266 4751 Templi
1279 4646 1325 4722 de
1337 4647 1522 4724 Ranevilla
1533 4646 1732 4726 Ebroicen-

318 4777 368 4852 sis
381 4775 556 4861 diocesis,
573 4803 643 4882 per
658 4776 809 4854 fratrem
821 4776 1179 4886 PhilippumAgate,
1193 4793 1327 4854 testem
1339 4804 1448 4883 supra
1463 4779 1730 4870 examinatum,

422 4914 529 4976 ruocis
551 4934 604 4976 oss
626 4935 799 4977 rennuens.
813 4936 896 4976 -ιι,
1544 4918 1582 4977 25
