4230 5956
460 448 533 516 310
834 416 1042 514 'rancus
1068 440 1163 512 nns
1191 438 1490 512 ruurxirns.

459 601 496 660 et
514 580 740 689 quibusdam
760 580 840 657 aliis
860 581 906 656 de
930 607 1093 687 quorum
1113 579 1328 683 nominibus
1351 607 1427 656 non
1455 580 1597 657 recolit.
1631 582 1732 659 Dixit
1761 583 1876 659 eciam

457 742 526 818 per
539 714 793 819 juramentum
817 740 927 788 suum
955 710 1076 818 quod,
1105 727 1191 816 post
1217 709 1352 786 multas
1378 711 1640 816 promissiones
1670 711 1781 788 lactas
1810 742 1877 817 per

460 870 547 921 enm
562 845 609 919 de
629 841 867 919 observandis
885 842 1029 918 statutis
1050 858 1086 919 et
1098 841 1248 917 secretis
1261 839 1422 926 ordinis,
1439 840 1591 945 quidam
1607 839 1717 917 frater
1730 860 1877 918 vocatus

458 973 569 1050 frater
585 972 771 1051 Galterius
790 971 838 1048 de
858 971 1059 1049 Brabancia
1075 971 1178 1047 duxit
1200 998 1286 1046 eum
1306 987 1407 1047 retro
1421 969 1553 1057 altare,
1573 986 1626 1057 et,
1649 988 1791 1047 ostensa
1805 973 1874 1049 sibi

459 1103 619 1207 quadam
637 1131 744 1177 cruce
765 1103 804 1177 in
825 1118 993 1206 quaerat
1012 1128 1143 1206 ymago
1164 1102 1279 1176 Jhesu
1298 1099 1454 1189 Christi,
1484 1100 1599 1204 peciit
1617 1100 1662 1177 ab
1689 1129 1733 1176 eo
1752 1119 1876 1177 utrum

459 1234 628 1308 crederet
647 1232 685 1306 in
708 1259 753 1306 eo
775 1232 880 1337 cujus
900 1248 977 1306 erat
998 1258 1130 1335 ymago
1153 1229 1297 1335 depicta
1317 1230 1387 1319 ibi,
1409 1246 1448 1306 et
1471 1230 1664 1335 respondit
1683 1230 1788 1336 quod
1805 1231 1876 1319 sic,

460 1377 496 1436 et
513 1378 617 1447 hinc,
642 1359 769 1448 vellet,
798 1360 929 1448 nollet,
956 1358 1044 1435 lecit
1069 1387 1157 1434 eum
1186 1357 1288 1435 idem
1312 1358 1496 1462 recipiens
1520 1359 1700 1464 abnegare
1724 1359 1876 1435 lhesum

458 1489 649 1567 Christum
670 1505 709 1564 et
727 1517 862 1593 spuere
880 1506 939 1564 ter
957 1519 966 1566 ε
986 1487 1160 1563 videlicet
1184 1487 1242 1563 bis
1270 1515 1381 1593 supra
1412 1516 1578 1574 crucem,
1611 1505 1648 1563 et
1666 1490 1780 1564 tercia
1799 1490 1877 1564 vice

458 1619 558 1724 spuit
581 1618 627 1694 ad
647 1635 799 1707 terram,
827 1616 969 1722 lingens
991 1645 1124 1721 spuere
1149 1644 1265 1720 super
1283 1645 1447 1692 crucem.
1478 1618 1727 1721 luterrogatus
1751 1635 1876 1693 utrum

458 1748 521 1825 alii
535 1746 665 1825 fratres
680 1747 770 1823 dicti
780 1747 921 1824 ordinis
930 1747 1154 1852 recipiantur
1163 1745 1274 1822 simili
1290 1746 1422 1834 modo,
1437 1746 1640 1851 dixitquod
1650 1747 1877 1852 creditquod

458 1880 523 1955 sic.
544 1881 791 1984 Interrogatus
811 1905 925 1983 quare
944 1877 1080 1965 credit,
1102 1876 1195 1951 dixit
1213 1876 1317 1982 quod
1331 1875 1450 1951 credit
1467 1901 1535 1980 pro
1556 1875 1720 1981 eoquod
1740 1876 1811 1951 suit
1828 1879 1874 1951 ita

457 2009 897 2114 receptuslnterrogatus
907 2005 998 2113 quid
1014 2005 1086 2082 luit
1100 2005 1171 2081 sibi
1185 2004 1327 2080 dictum
1341 2032 1427 2079 cum
1439 2005 1537 2081 vovit
1555 2004 1775 2090 castitatem,
1788 2004 1878 2080 dixit

458 2164 527 2241 per.
543 2137 796 2241 juramentum
823 2165 934 2215 suum
954 2136 1058 2241 quod
1081 2134 1153 2211 fuit
1177 2132 1247 2211 sibi
1267 2133 1477 2239 injunctum
1496 2132 1602 2237 qnod
1622 2133 1877 2211 commisceret

458 2292 498 2341 se
518 2292 605 2340 cum
620 2265 700 2340 aliis
719 2265 911 2353 fratribus,
933 2266 962 2342 si
984 2265 1184 2368 indigeret,
1203 2281 1239 2341 et
1259 2263 1332 2339 hoc
1356 2261 1456 2337 idem
1475 2263 1707 2366 permitteret
1727 2263 1819 2340 aliis.

514 2395 763 2498 Interrogatus
779 2411 906 2470 utrum
917 2394 969 2479 vi,
991 2394 1050 2468 vel
1063 2410 1167 2469 metu
1181 2410 1468 2479 tormentorum,
1485 2393 1657 2481 carceris,
1679 2410 1741 2469 aut
1755 2393 1874 2498 aliqua

458 2520 528 2599 alia
547 2549 670 2613 causa,
693 2522 731 2597 in
755 2550 819 2597 sua
839 2520 1076 2626 deposicione
1096 2519 1230 2597 dixerit
1256 2519 1467 2610 falsitatem,
1500 2521 1592 2597 dixit
1612 2523 1881 2629 perjurantem

457 2669 538 2728 tum
557 2680 667 2730 sunm
687 2653 790 2758 quod
809 2679 902 2740 non,
924 2652 1039 2728 immo
1063 2679 1195 2754 puram
1216 2668 1253 2728 et
1272 2679 1413 2727 meram
1433 2650 1569 2728 dixerit
1586 2653 1789 2730 veritatem.

512 2912 605 2988 Item
625 2911 739 2987 lrater
757 2911 929 2987 Nicolaus
949 2909 995 2985 de
1013 2910 1177 3014 Capella,
1205 2911 1310 2987 etatis
1331 2910 1597 3016 quinquaginta
1617 2939 1799 2988 annorum
1819 2913 1874 2988 vel

458 3042 568 3127 cuna,
587 3017 726 3117 ⁴eodem
746 3039 861 3116 modo
876 3040 1021 3144 juratus
1038 3039 1085 3116 de
1100 3068 1140 3115 se
1157 3056 1196 3115 et
1211 3038 1292 3116 aliis
1307 3040 1346 3115 in
1366 3067 1473 3116 eausa
1489 3038 1579 3117 fidei
1600 3040 1722 3117 dicere
1742 3043 1874 3116 verita-

456 3185 552 3253 tem,
573 3183 611 3242 et
628 3166 828 3272 requisitus
849 3166 895 3242 de
912 3184 1079 3271 tempore
1101 3184 1139 3244 et
1158 3167 1272 3245 modo
1295 3169 1522 3274 recepcionis
1541 3199 1608 3246 sue
1633 3171 1672 3247 in
1695 3170 1794 3247 dicto
1814 3198 1873 3247 or-

457 3296 562 3382 dine,
596 3294 688 3371 dixit
710 3324 778 3399 per
797 3296 1049 3400 juramentum
1079 3326 1189 3372 suum
1216 3298 1320 3403 quod
1345 3298 1417 3376 lixit
1442 3317 1615 3404 receptus
1633 3301 1672 3375 in
1692 3301 1806 3378 domo
1827 3301 1872 3375 de

455 3424 559 3502 Rello
572 3425 664 3504 Visu
687 3425 912 3502 Senonensis
933 3425 1105 3516 diocesis,
1127 3427 1253 3531 viginti
1270 3429 1354 3505 anni
1371 3446 1460 3505 sunt
1479 3428 1608 3534 elapsi,
1629 3457 1698 3533 per
1720 3429 1870 3505 lratrem

454 3557 488 3631 J.
507 3554 558 3632 de
577 3556 704 3631 Turno
732 3571 824 3630 tunc
845 3555 1116 3632 thesaurarium
1139 3557 1399 3645 Parisiensem,
1430 3560 1666 3663 presentibus
1699 3561 1872 3636 fratribus

454 3683 623 3762 iohanne
639 3684 924 3762 dictoLeGrant
936 3687 982 3763 de
994 3686 1232 3790 Laigneville,
1247 3706 1283 3765 et
1297 3688 1521 3793 quibusdam
1532 3690 1611 3766 aliis
1625 3690 1689 3793 qui
1705 3689 1868 3764 defuncti

455 3831 553 3891 sunt.
575 3815 675 3892 Dixit
687 3832 812 3891 tamen
831 3844 898 3919 per
912 3817 1167 3921 juramentum
1186 3846 1295 3894 sunm
1316 3818 1436 3923 quod,
1457 3837 1540 3924 post
1558 3818 1697 3923 aliquas
1712 3819 1871 3922 promis-

455 3946 577 4021 siones
597 3944 707 4022 factas
722 3946 769 4021 de
784 3946 926 4021 statutis
948 3964 983 4021 et
995 3948 1144 4022 secretis
1161 3948 1249 4024 dicti
1264 3949 1404 4024 ordinis
1417 3948 1667 4034 observandis,
1682 3946 1752 4024 fuit
1766 3977 1871 4024 man-

454 4072 584 4149 tellum
613 4074 683 4150 sibi
711 4073 876 4179 positum
906 4075 953 4150 ad
980 4075 1133 4164 collum,
1158 4094 1198 4152 et
1220 4077 1402 4182 recipiens
1428 4077 1592 4154 ostendit
1621 4077 1692 4154 sibi
1725 4107 1871 4154 crucem

454 4203 657 4308 quamdam
677 4204 715 4278 in
734 4234 807 4309 qua
832 4224 909 4281 erat
928 4233 1060 4313 ymago
1081 4208 1197 4284 thesu
1212 4206 1350 4284 Christi
1372 4206 1552 4295 crucifixi,
1575 4224 1613 4283 et
1633 4209 1746 4313 peciit
1761 4208 1806 4283 ab
1828 4237 1871 4283 eo

453 4349 581 4410 utrum
596 4334 765 4410 crederet
775 4334 813 4411 in
831 4364 875 4411 eo
896 4336 1000 4441 cujus
1011 4366 1143 4443 ymago
1157 4337 1208 4413 ibi
1225 4355 1318 4426 erat3
1337 4355 1373 4415 et
1389 4339 1467 4443 ipse
1482 4339 1676 4443 respondit
1689 4337 1792 4444 quod
1807 4339 1870 4414 sic.

453 4463 500 4540 Et
511 4480 599 4541 tunc
613 4462 684 4541 fuit
703 4465 914 4570 compulsus
929 4494 995 4569 per
1012 4495 1116 4555 eum,
1135 4485 1178 4546 ut
1198 4469 1305 4556 dixit,
1321 4468 1502 4575 abnegare
1512 4469 1667 4546 Jhesum
1681 4469 1871 4545 Christum

454 4608 492 4667 et
516 4620 648 4698 spuere
674 4610 742 4670 ter.
772 4594 874 4671 Dixit
894 4595 1009 4670 eciam
1028 4625 1095 4700 per
1109 4597 1364 4703 juramentum
1386 4597 1490 4704 quod
1509 4599 1693 4676 osculatus
1719 4597 1790 4674 suit
1815 4596 1871 4670 di-

454 4737 556 4800 ctum
570 4742 802 4828 receptorem
822 4727 861 4802 in
881 4724 1060 4804 umbilico
1074 4746 1112 4804 et
1131 4729 1171 4803 in
1183 4755 1268 4805 ore.
1282 4729 1383 4807 Dixit
1398 4729 1515 4806 eciam
1532 4758 1600 4834 per
1614 4730 1867 4834 juramentum
