4230 5956
685 442 880 538 mouns
907 462 1003 535 nas
1029 460 1332 535 rnurmnns.
1646 464 1725 563 sss¹

298 635 400 696 eum,
424 620 572 712 poterat
596 630 635 679 se
661 603 856 680 carnaliter
875 603 1117 681 commiscere
1138 632 1222 680 cum
1246 603 1335 680 viris
1353 601 1528 680 fratribus
1548 604 1645 683 dicti·
1659 634 1721 686 or-

298 735 407 812 dinis.

353 867 600 973 Interrogatus
616 894 684 969 per
702 866 959 972 juramentum
981 895 1091 942 suum
1116 883 1243 943 utrum
1266 892 1398 942 omnes
1416 862 1476 940 alii
1499 865 1723 972 recipiantur

297 1025 365 1102 per
381 996 493 1072 istum
515 996 688 1084 modum,
711 995 802 1073 dixit
824 995 928 1102 quod
947 995 1065 1073 nescit
1083 1025 1151 1102 pro
1166 1015 1285 1085 certo,
1311 996 1397 1102 quia
1422 1022 1613 1101 nunquam
1633 995 1724 1073 vidit

298 1124 463 1230 aliquem
479 1125 612 1230 recipi3
627 1124 695 1204 sed
712 1127 832 1203 credit
844 1125 948 1232 quod
967 1154 1044 1204 non
1060 1125 1131 1203 luit
1144 1125 1250 1203 aliter
1263 1125 1333 1202 sibi
1350 1123 1487 1202 sactum
1502 1154 1613 1231 quam
1630 1126 1721 1204 aliis.

354 1256 603 1361 Interrogatus
618 1254 665 1331 de
686 1257 805 1361 capite
826 1256 873 1332 de
899 1285 974 1362 quo
994 1254 1037 1331 fit
1056 1284 1165 1363 supra
1188 1255 1351 1345 mencio,
1367 1255 1561 1360 respondit
1581 1286 1648 1362 per
1661 1258 1725 1364 ju·

298 1402 507 1462 ramentum
526 1413 635 1461 suum
656 1414 696 1462 se
717 1385 833 1464 nichil
857 1387 962 1464 scire.
985 1389 1233 1493 interrogatus
1255 1414 1324 1493 per
1336 1385 1591 1494 juramentum
1612 1416 1722 1466 suum

298 1533 423 1593 utrum
434 1516 468 1593 vi
482 1532 772 1610 tormentorum,
787 1516 845 1594 rel
859 1535 978 1606 metu,
996 1517 1109 1594 minis
1124 1535 1184 1595 aut
1201 1517 1323 1624 aliqua
1337 1517 1407 1594 alia
1418 1516 1466 1595 de
1479 1546 1603 1607 causa,
1618 1518 1724 1596 dixis

297 1662 354 1724 set
372 1662 438 1723 aut
457 1645 779 1751 immiscuissetin
808 1648 1045 1754 deposicione
1071 1650 1137 1726 sua
1162 1649 1324 1756 aliquam
1345 1648 1558 1737 salsitatem,
1584 1666 1649 1725 aut
1671 1666 1725 1725 ta-

298 1776 433 1854 cuisset
457 1776 618 1884 aliquam
642 1778 854 1867 veritatem,
878 1779 971 1856 dixit
999 1809 1066 1885 per
1088 1781 1344 1887 juramentum
1372 1807 1479 1855 suum
1501 1778 1604 1883 quod
1627 1805 1721 1865 non,

206 1901 210 1911 ¹
298 1909 414 1985 immo
430 1909 571 1985 dixerat
584 1938 716 2014 puram
734 1927 771 1986 et
789 1938 930 1985 meram
939 1910 1151 1997 veritatem,
1164 1926 1318 2016 propter
1334 1908 1491 1984 salutem
1508 1907 1629 1984 anime
1643 1936 1722 1986 sue.

354 2040 443 2116 Acta
464 2056 549 2116 sunt
572 2039 643 2116 hec
662 2066 777 2126 anno,
807 2039 1015 2126 indicione,
1032 2050 1177 2127 mense,
1195 2039 1273 2129 die,
1303 2037 1537 2144 pontificatu,
1564 2066 1662 2116 anno
1688 2059 1730 2142 et

297 2170 381 2247 loco
398 2169 591 2275 predictis,
607 2167 843 2273 presentibus
866 2167 1048 2276 religiosis
1071 2168 1158 2245 viris
1177 2185 1213 2245 et
1236 2169 1402 2246 discretis
1424 2168 1599 2247 fratribus
1618 2171 1726 2278 Regi-

299 2300 410 2378 naldo
448 2300 496 2376 dc
532 2298 747 2405 Albigniaco
781 2299 905 2405 priore
933 2299 980 2377 de
1009 2300 1187 2389 Pisciam,
1229 2300 1432 2407 Reginaldo
1470 2299 1516 2377 de
1546 2300 1724 2381 Credolio

300 2430 443 2511 ordinis
458 2430 754 2518 Predicatorum3
776 2429 962 2534 magistris
980 2429 1188 2538 Reginaldo
1209 2431 1257 2508 de
1279 2431 1429 2508 Foresta
1445 2431 1724 2520 Laudunensis,

299 2560 503 2667 Reginaldo
523 2560 570 2637 de
590 2559 806 2666 Albigniaco
825 2559 1080 2648 Bituricensis,
1103 2577 1140 2637 et
1161 2559 1370 2640 Guillermo
1390 2561 1436 2638 de
1458 2560 1565 2639 Dolis
1586 2560 1728 2640 Dolen-

300 2693 349 2771 sis
372 2690 611 2769 ecclesiarum
632 2690 837 2777 canonicis,
855 2707 893 2768 et
910 2690 1087 2797 pluribus
1109 2690 1191 2768 aliis
1211 2691 1353 2767 clericis
1372 2708 1410 2767 et
1430 2690 1549 2780 laicis,
1566 2692 1726 2770 testibus

301 2822 349 2900 ad
366 2822 437 2900 hoc
455 2822 593 2900 vocatis
610 2839 646 2898 et
662 2821 810 2927 rogatis.

355 3090 398 3165 ln
420 3089 558 3167 Christi
577 3090 731 3166 nomine
752 3116 874 3167 amen.
898 3091 1025 3167 Pateat
1045 3090 1227 3167 universis
1246 3118 1315 3195 per
1334 3089 1406 3166 boc
1426 3114 1580 3194 presens
1600 3085 1728 3192 puhli-

301 3248 386 3296 cum
403 3220 696 3298 instrumentum
716 3219 821 3325 quod
839 3247 939 3298 anno
954 3220 1108 3297 Domini
1122 3219 1325 3299 millesimo
1341 3233 1421 3297 ccc⁰
1441 3233 1516 3309 vn0,
1538 3217 1726 3296 indicione

300 3367 416 3439 sexta,
434 3380 562 3428 mense
583 3350 762 3441 octobris,
782 3350 953 3429 vicesima
972 3351 1092 3457 prima
1115 3351 1175 3428 die
1201 3351 1371 3459 ejusdem
1396 3349 1552 3440 mensis,
1576 3348 1729 3456 pontifi-

300 3499 404 3559 catus
425 3482 645 3560 sanctissimi
672 3483 786 3588 patris
816 3482 964 3559 domini
983 3482 1190 3561 Clementis
1219 3482 1342 3559 divina
1368 3480 1608 3587 providencia
1634 3507 1727 3585 pape

300 3611 423 3719 quinti
442 3641 541 3690 anno
557 3613 741 3704 secundo,
757 3613 797 3690 in
816 3612 980 3723 religiosi
1001 3613 1069 3690 viri
1093 3629 1130 3690 et
1149 3614 1298 3691 honesti
1318 3610 1439 3688 fratris
1459 3608 1660 3689 Guillermi-
1681 3607 1727 3686 de

299 3742 460 3822 Parisius
498 3742 641 3821 ordinis
669 3743 965 3831 Predicatorum‚
1001 3743 1235 3850 inquisitoris
1270 3742 1433 3819 heretice
1467 3736 1655 3846 pravitatis
1688 3738 1728 3812 in

299 3902 416 3981 regno
432 3875 602 3962 Francie‚
620 3875 836 3952 auctoritate
855 3872 1057 3981 apostolica
1073 3875 1240 3979 deputati
1260 3875 1299 3950 in
1320 3872 1435 3950 domo
1455 3869 1593 3946 milicie
1614 3868 1729 3945 Tem·

300 4003 352 4108 pli
385 4004 601 4081 Parisiensis
628 4033 703 4110 pro·
731 4005 961 4113 inquirendo
996 4023 1125 4084 contra
1162 4004 1345 4112 quasdam
1377 4028 1554 4108 personas
1584 3998 1727 4079 ibidem

303 4133 514 4222 existentes,
545 4135 671 4212 eidem
700 4135 839 4213 delatas
868 4165 981 4242 super
1008 4136 1111 4214 dicto
1137 4135 1292 4212 crimine
1324 4131 1531 4225 existentis,
1557 4146 1728 4210 nostrum

302 4263 543 4373 publicorum
561 4267 794 4345 notariorum
814 4284 853 4344 et
870 4267 1190 4373 infrascriptorum
1211 4265 1365 4342 testium
1385 4265 1576 4371 presencia
1598 4284 1727 4369 perso-

303 4394 436 4474 naliter
451 4396 673 4475 constitutus
687 4396 801 4473 frater
814 4395 1045 4475 Guillelmus
1062 4397 1111 4474 de
1127 4395 1241 4476 Giaco
1260 4394 1530 4475 Bisuntinensis
1549 4393 1724 4482 diocesis,

303 4526 417 4605 irater
431 4528 594 4606 serviens
614 4528 661 4606 de
677 4529 793 4606 domo
814 4547 851 4606 et
869 4527 1010 4607 familia
1024 4528 1175 4637 majoris
1191 4528 1357 4637 Magistri
1373 4526 1542 4634 Templi,
1557 4525 1729 4635 preposi-

303 4677 364 4736 tus
387 4659 569 4737 harnesiis
592 4676 629 4736 et
651 4657 875 4739 animalibus
897 4659 991 4751 suis,
1020 4662 1126 4738 etatis
1152 4687 1223 4738 xxx
1246 4679 1430 4737 annorum
1459 4657 1518 4736 vel
1544 4659 1654 4748 circa,
1685 4672 1729 4735 ut

305 4788 467 4876 dicebat,
484 4789 631 4897 juratus
652 4791 700 4868 ad
719 4807 842 4869 sancta
860 4792 930 4872 Dei
951 4791 1147 4900 Evangelia
1167 4792 1293 4871 eidem
1310 4791 1498 4901 preposita
1519 4803 1558 4868 et
1577 4788 1624 4868 ab
1644 4774 1734 4895 ipso¹

391 4948 496 5008 rnoc'rs
511 4965 563 5007 nes
579 4965 802 5008 retritum-
814 4967 847 5008 n.
1519 4947 1558 5028 37
