4230 5956
590 457 787 547 raucas
813 473 908 546 ons
937 474 1234 545 rnurcrnns.
1548 474 1621 548 trs

206 641 284 702 eos,
303 629 339 688 et
349 612 417 718 ipsi
431 613 508 718 pari
524 613 636 690 modo
649 613 791 721 aliquos
804 614 852 690 de
868 613 1071 691 astantibus
1085 612 1331 691 confratribus
1347 613 1514 718 ejusdem
1528 614 1623 691 ordi·

204 745 261 820 nis
280 741 432 819 fuerunt
450 743 604 820 osculati
624 745 662 820 in
681 772 746 822 ore
766 761 929 834 tantum,
946 743 1100 822 exclusis
1120 763 1157 821 et
1172 742 1325 851 abjectis
1339 741 1420 819 aliis
1432 743 1624 821 deoscula-

204 873 369 951 tionibus
383 873 552 950 nefandis
570 875 616 950 de
636 875 773 982 quibus
788 876 907 981 agitur
922 876 960 950 in
980 876 1145 953 articulis
1164 874 1395 980 supradictis.
1417 872 1571 980 Reliqua
1586 876 1624 952 in

206 1004 315 1081 dictis
335 1004 498 1082 articulis
518 1022 689 1082 contenta
708 1023 746 1083 et
766 1033 897 1083 eorum
920 1006 1064 1113 singula
1083 1032 1161 1085 non
1187 1004 1362 1093 credidit,
1392 1004 1458 1080 sed
1482 1007 1626 1110 negavit

205 1136 351 1240 penitus
371 1164 449 1212 esse
469 1160 565 1213 vera.

262 1264 320 1342 Ad
340 1292 626 1343 xxxuu-xxxrx
645 1266 817 1344 articulos
829 1267 1022 1357 inclusive,
1041 1268 1240 1377 diligenter
1255 1285 1290 1343 ct
1307 1265 1494 1372 sigillatim
1511 1266 1626 1341 inter-

207 1413 371 1502 rogatus,
395 1397 487 1473 dixit
502 1415 539 1474 et
554 1396 714 1474 credidit
731 1397 835 1503 quod
856 1427 922 1504 per
937 1416 1207 1475 sacramentum
1227 1395 1435 1504 injungitur
1452 1396 1521 1483 eis,
1543 1413 1628 1501 post

207 1527 464 1631 recepcionem
487 1526 619 1604 factam
640 1529 746 1604 dese
766 1528 872 1633 ipsis,
898 1547 1034 1606 utnon
1059 1527 1269 1635 relinquant
1293 1542 1506 1633 susceptum
1526 1527 1628 1602 ordi-

207 1682 293 1731 nem
314 1683 383 1761 pro
403 1657 532 1763 majori
556 1657 615 1734 vel
641 1657 816 1735 debiliori
845 1659 995 1748 ordine,
1024 1660 1093 1736 nisi
1119 1659 1213 1736 illud
1238 1657 1403 1734 facerent
1428 1656 1628 1762 superioris

208 1815 339 1865 eorum
357 1787 474 1892 petita
492 1787 646 1865 licencia
661 1805 699 1865 et
717 1788 884 1878 obtenta,
908 1807 945 1867 et
964 1790 1068 1896 quod
1085 1791 1206 1867 statim
1227 1816 1271 1865 ex
1289 1816 1365 1894 quo
1384 1787 1522 1891 recepti
1543 1804 1629 1862 sunt

208 1916 337 1993 fratres
356 1916 404 1993 ad
422 1916 563 1993 dictum
588 1917 773 2006 ordinem,
798 1936 885 1996 sunt
908 1918 1064 2024 professi
1087 1935 1124 1994 et
1145 1946 1214 2024 pro
1234 1916 1409 2022 professis
1431 1915 1626 1993 habentur.

209 2046 266 2122 Ad
275 2047 316 2123 id
330 2062 456 2122 autem
471 2046 576 2152 quod
591 2047 637 2123 de
652 2045 878 2124 clandestina
888 2049 1105 2154 recepcione
1117 2048 1272 2125 fratrum
1283 2046 1403 2154 agitur
1416 2047 1455 2122 in
1465 2046 1629 2123 articulis

210 2175 415 2281 prelibatis,
437 2176 526 2252 dixit
541 2177 645 2282 quod
664 2177 794 2255 fratres
807 2180 871 2285 qui
886 2179 1118 2286 recipiuntur
1133 2178 1179 2255 de
1196 2204 1291 2254 novo
1309 2176 1348 2252 in
1362 2175 1529 2282 capitulis
1541 2175 1628 2252 dicti

211 2305 369 2397 ordinis,
398 2335 472 2412 que
493 2305 590 2384 fiunt
609 2336 651 2383 ex
671 2334 776 2386 more
796 2309 893 2386 sicut
911 2310 1027 2386 sancti
1048 2326 1170 2416 patres
1194 2308 1259 2414 qui
1286 2307 1429 2384 dictum
1457 2307 1629 2383 ordinem

212 2438 447 2526 invenerunt,
471 2438 605 2543 etipsa
630 2437 788 2545 capitula
810 2440 849 2515 in
875 2438 1023 2545 capellis
1049 2439 1163 2544 ipsius
1183 2437 1326 2515 ordinis
1346 2437 1443 2514 etin
1466 2436 1630 2514 ecclesiis

211 2566 293 2644 beri
319 2584 543 2659 statuerunt,
575 2569 733 2646 exclusis
757 2569 989 2676 quibuslibet
1016 2569 1096 2646 aliis
1121 2584 1246 2674 preter
1264 2566 1465 2645 confratres
1490 2566 1631 2644 ordinis

213 2697 425 2803 supradicti.
441 2697 597 2805 Reliqua
617 2699 655 2775 in
676 2699 784 2776 dictis
802 2699 966 2777 articulis
989 2699 1195 2776 secundum
1214 2698 1339 2774 Deum
1360 2714 1397 2773 et
1414 2698 1493 2802 ejus
1514 2696 1630 2772 bene-

212 2828 386 2932 placitum
404 2845 508 2934 putat
522 2827 622 2919 fieri,
643 2847 680 2906 et
699 2831 751 2907 sic
770 2829 900 2907 credit.

269 2956 327 3033 Ad
346 2958 497 3036 rd——xlv
512 2959 685 3036 articulos
697 2959 886 3048 inclusive,
903 2957 1104 3065 diligenter
1117 2975 1154 3034 et
1167 2956 1354 3065 sigillatim
1368 2957 1627 3061 interrogatus,

214 3087 358 3194 negavit
377 3089 477 3192 ipsos
491 3088 664 3168 articulos
684 3105 722 3167 et
734 3091 861 3168 omnia
876 3107 913 3166 et
932 3089 1073 3196 singula
1093 3105 1267 3166 contenta
1286 3088 1325 3163 in
1347 3086 1420 3164 illis
1435 3113 1520 3164 vera
1532 3113 1628 3175 esse,

214 3244 283 3293 nec
301 3219 490 3296 veritatem
510 3220 549 3295 in
567 3236 707 3326 puncto
728 3220 933 3310 continent,
956 3221 1052 3297 sicut
1070 3220 1198 3296 credit.

270 3347 328 3424 Ad
343 3348 572 3427 xlvi—burm
592 3350 766 3428 articulos
781 3350 975 3439 inclusive,
997 3350 1197 3457 diligenter
1217 3366 1254 3426 et
1274 3348 1458 3456 sigillatim
1478 3348 1635 3424 interro-

215 3493 336 3582 gatus,
351 3480 544 3585 respondit
556 3506 595 3556 se
609 3481 702 3557 scire
718 3481 837 3587 quod,
860 3499 1054 3589 postquam
1068 3480 1147 3586 ipse
1159 3479 1229 3556 luit
1244 3495 1415 3583 receptus
1429 3477 1477 3552 ad
1492 3475 1634 3552 dictum

216 3607 402 3694 ordinem,
425 3609 472 3685 de
492 3610 668 3686 mandato
684 3611 802 3714 ipsius
820 3610 1048 3715 preceptoris
1067 3611 1131 3715 qui
1154 3636 1240 3684 eum
1261 3623 1449 3713 receperat
1465 3607 1513 3682 ad
1532 3605 1635 3681 ordi-

216 3766 301 3814 nem
312 3736 477 3841 Templi,
498 3739 589 3813 emit
596 3738 784 3842 quandam
797 3737 989 3814 cordulam
1003 3737 1139 3814 lineam
1152 3739 1253 3844 apud
1266 3738 1543 3843 Perpinianum,
1560 3761 1635 3811 non

217 3884 316 3942 certe
333 3866 575 3973 longitudinis
592 3865 651 3944 vel
670 3868 945 3975 grossitudinis,
971 3868 1038 3945 sed
1057 3868 1152 3944 sicut
1174 3867 1243 3944 sibi
1267 3867 1421 3975 placuit3
1442 3893 1569 3973 quam,
1593 3894 1635 3941 ex

218 4013 393 4103 precepto
415 3998 503 4074 dicti
523 3998 737 4105 recipientis
755 4026 843 4076 eum
858 4000 896 4076 in
916 4000 1084 4087 fratrem,
1106 4027 1253 4104 semper
1272 3999 1334 4075 die
1354 4013 1539 4104 nocteque
1559 3996 1635 4072 cin-

219 4154 305 4233 gere
318 4126 449 4205 debuit
463 4145 501 4205 et
512 4146 658 4234 portare
673 4129 768 4207 circa
782 4129 929 4208 lombos
945 4146 981 4206 et
997 4156 1105 4235 supra
1121 4130 1321 4218 camisiam,
1342 4130 1381 4206 in
1396 4129 1543 4236 signum
1556 4153 1637 4233 pro·

219 4257 330 4334 misse
349 4258 523 4335 castitatis
541 4275 723 4365 perpetuo
750 4260 1016 4349 conseruande3
1039 4258 1267 4366 quaquidem
1295 4258 1446 4338 cordula
1471 4286 1515 4335 ex
1534 4274 1637 4334 vetu-

221 4404 312 4464 state
331 4389 389 4466 vel
409 4388 517 4466 aliter
534 4407 657 4496 rupta,
678 4390 803 4496 potnit
821 4391 931 4467 aliam
953 4391 1122 4497 ejusdem
1148 4389 1204 4466 vel
1224 4390 1375 4468 alterius
1394 4385 1637 4496 longitudinis

222 4546 347 4595 emere
372 4519 431 4597 vel
451 4520 557 4596 aliter
574 4549 614 4596 ex
633 4522 732 4598 dono
757 4521 921 4628 recipere
943 4538 980 4598 et
999 4538 1158 4626 portare.
1179 4521 1262 4599 Non
1283 4536 1408 4598 tamen
1435 4544 1521 4595 cum
1541 4517 1637 4594 dicta

223 4649 375 4726 cordula
392 4650 522 4728 debuit
534 4650 689 4758 ydolum
701 4650 759 4728 rel
776 4652 897 4758 capud
912 4651 1066 4758 aliquod
1082 4652 1230 4760 cingere
1245 4651 1303 4729 vel
1316 4668 1482 4759 tangere,
1494 4676 1563 4725 nec
1577 4646 1639 4724 ali-

223 4806 295 4884 qua
308 4780 464 4858 nefanda
477 4782 596 4859 lacere
613 4781 660 4859 de
677 4782 815 4890 quibus
832 4782 952 4892 agitur
969 4783 1006 4858 in
1024 4781 1187 4859 articulis
1199 4782 1434 4890 supradictis,
1452 4779 1638 4885 sicutipse

1406 4929 1456 4991 60.
