4230 5956
1230 304 1252 341 t·

638 478 834 572 ruocts
860 500 954 572 nas
982 444 1284 573 nanninus.
1625 504 1672 583 ts

249 642 355 749 quod
376 669 489 748 super
505 641 578 717 hoc
597 639 783 732 crffileret,
805 642 894 749 quia
913 670 991 720 non
1011 641 1204 749 inquisivit
1222 641 1271 729 de
1284 639 1388 753 betis
1409 641 1569 733 ordinis,
1587 647 1675 754 adji-

249 773 352 850 ciens
371 801 410 850 se
434 772 553 851 luisse
578 762 791 850 coiilessum
811 773 860 851 de
880 760 1058 880 predictis
1085 772 1277 852 erroribus
1293 772 1342 853 in
1372 772 1578 853 crartinum
1596 806 1673 873 ,sue

249 906 500 1014 recepcionis,
513 905 564 982 in
589 903 887 1011 musteum
908 906 1100 983 Minorum
1117 905 1164 983 de
1183 903 1357 996 Belvaco‚
1374 904 1478 984 fratri
1493 907 1605 986 Petro
1622 909 1673 987 do

249 1044 377 1117 s'ancto
390 1041 496 1117 Justo
512 1038 749 1118 conventuali
766 1038 855 1115 dicti
871 1037 945 1116 loci
959 1038 1168 1130 Minorum,
1183 1038 1250 1146 qui
1265 1037 1425 1117 absolvit
1436 1066 1544 1127 eum,
1556 1039 1676 1146 impo

249 1170 319 1248 sita
339 1169 550 1277 penitencia
571 1170 675 1277 quod
698 1198 893 1278 nunquam
918 1170 1116 1249 interesset
1133 1168 1218 1248 loeo
1242 1170 1385 1276 inquo
1398 1167 1500 1247 ‚talia
1519 1168 1671 1263 fierent,

119 1301 122 1305 ’
250 1320 287 1379 et
307 1304 412 1408 quod
427 1301 617 1411 jejunaret
634 1302 839 1382 intendens
856 1301 942 1410 [sic]
963 1303 1044 1380 sine
1063 1302 1197 1408 pannis
1217 1300 1328 1380 lineis
1346 1300 1461 1381 sextis
1473 1299 1582 1380 tuiis
1603 1322 1674 1408 pt

249 1461 401 1511 annum.
416 1435 530 1524 Item,
547 1434 642 1511 dixit
651 1463 690 1512 se
700 1434 968 1541 benecredere
980 1432 1238 1512 ecclesiasticis
1247 1433 1505 1523 sacramentis,
1518 1448 1559 1511 at
1566 1435 1674 1541 quod
1777 1504 1781 1511 .

249 1564 312 1643 alii
336 1566 551 1655 crederent,
578 1584 618 1644 et
636 1567 742 1674 quod
768 1559 901 1644 eorum
923 1567 1136 1646 sacerdotes
1156 1565 1284 1643 debite
1306 1560 1674 1657 calefierent-'ovum
1712 1586 1719 1597 '

251 1698 313 1775 die
328 1698 485 1787 Veneris
504 1715 628 1776 sancta
643 1698 737 1775 vidit
750 1726 819 1805 per
833 1727 897 1777 eos
913 1727 1062 1776 crucem
1077 1697 1267 1775 devote-et
1280 1695 1671 1803 revemntoradorani,

250 1828 510 1908 calceamentis
524 1829 722 1935 depositis,
740 1845 778 1906 et
793 1829 973 1936 capuciis,
991 1829 1141 1907 birretis
1157 1846 1195 1906 et
1210 1828 1505 1936 pilleis⁵’amotirr
1524 1844 1563 1905 et
1576 1824 1694 1905 dtin-

248 1960 310 2036 die
322 1960 545 2070 jejunabant
565 1961 603 2036 in
625 1935 723 2067 pane
743 1976 780 2036 et
799 1989 895 2067 aqua
915 1979 954 2039 et
970 1961 1224 2067 comedebant
1241 1962 1321 2037 sine
1339 1959 1498 2069 mappis.
1517 1958 1672 2035 Dictum

249 2089 369 2169 fuitei
384 2093 426 2168 in
441 2092 663 2197 recepcione
678 2119 743 2168 sua
760 2091 866 2196 quod
886 2066 1011 2168 statibr
1026 2119 1096 2196 pro
1111 2089 1281 2201 professo
1300 2086 1672 2197 habebatuqtinquo
1722 2164 1734 2181 ,

249 2220 346 2300 nulli
372 2221 575 2300 adfuerunt
592 2220 664 2298 nisi
687 2219 819 2298 fratres
840 2218 995 2296 ordinis.
1017 2220 1196 2296 Cordulis
1215 2219 1320 2296 unde
1334 2204 1693 2299 -votebanrafflrmf
1787 2242 1811 2275 ¹³*
2007 2248 2011 2255 ·

248 2352 324 2457 ptis
343 2352 590 2460 cingebantur
603 2378 715 2455 supra
730 2349 1005 2465 camisias-pum
1026 2349 1168 2454 quibus
1181 2349 1368 2458 jacebant.
1390 2348 1672 2457 tntaeccpctone
1801 2387 1805 2394 ·
1873 2372 1877 2381 ·

248 2511 313 2559 sna
329 2481 401 2559 fuit
414 2481 448 2558 ei
460 2508 530 2588 per
545 2496 1017 2587 receptorem‘preceptum
1035 2480 1139 2586 quod
1156 2481 1299 2558 nemini
1316 2480 1499 2558 revelaret
1512 2480 1672 2560 modum

249 2642 316 2692 sue
329 2610 560 2720 recepcionis
578 2629 615 2689 et
629 2610 760 2688 illicita
778 2639 852 2717 que
873 2612 1152 2690 intervenerant
1169 2613 1208 2689 in
1225 2613 1539 2690 eademL'Fratres
1553 2612 1674 2690 scien-
1797 2673 1802 2682 .

249 2762 306 2823 tes
330 2771 492 2833 errores,
513 2743 544 2820 si
566 2744 632 2850 qui
658 2759 781 2836 erant,
811 2742 980 2833 fuerunt,
1007 2760 1051 2820 ut
1069 2744 1205 2834 credit,
1227 2743 1461 2850 negligentes
1485 2742 1672 2849 quianon

199 2879 200 2882 ’
248 2891 495 2954 correxerunt
507 2902 579 2952 nec
594 2874 917 2952 denunciaverunt
936 2872 1112 2955 Ecclesie.
1131 2876 1173 2952 ln
1188 2850 1352 2982 quatum
1371 2872 1551 2951 domibus
1570 2872 1673 2951 ordi-

249 3008 309 3085 nis
325 3007 364 3083 in
383 3005 524 3115 quibus
540 3005 662 3083 extitit
676 3005 846 3114 claviger,
864 3005 954 3090 fecit
973 3022 1010 3083 et
1033 3005 1128 3083 vidit
1141 3006 1367 3084 elemosinas
1386 3021 1426 3081 et
1440 3004 1673 3111 hospitalita-

249 3155 328 3239 tem
358 3138 630 3217 convenienter·
651 3136 734 3215 fieri
765 3155 802 3214 et
832 3137 992 3224 servari,
1026 3155 1063 3214 et
1092 3135 1408 3217 deffensnmfirit
1426 3135 1498 3214 sibi
1526 3151 1565 3212 et
1591 3135 1673 3213 aliis

249 3268 553 3362 deffendebatur,
583 3285 627 3346 nt
658 3267 800 3357 credit,
828 3295 897 3375 per
929 3268 1073 3348 dictum
1104 3286 1344 3375 receptorem
1373 3295 1485 3345 suum
1507 3283 1550 3343 et
1581 3267 1673 3347 alios

249 3419 462 3509 receptores
483 3401 588 3508 quod
606 3401 776 3479 indebite
796 3428 873 3479 non
894 3403 1133 3509 acquirerent
1156 3401 1293 3480 ordini.
1309 3400 1464 3480 Audiuit
1477 3399 1552 3476 dici
1564 3401 1673 3507 quod
1738 3431 1740 3435 ·

250 3534 345 3612 clam
372 3551 410 3611 et
434 3532 540 3610 valde
565 3561 675 3610 mane
700 3556 832 3611 eorum
853 3532 1026 3640 capitulia
1045 3533 1284 3612 tenebantur.
1307 3532 1489 3611 Ordinato
1508 3560 1576 3638 per
1590 3533 1674 3610 Ma·

248 3665 406 3775 gistrum
435 3695 519 3744 cum
541 3683 728 3743 conventu
750 3663 909 3744 sivissent
933 3683 1089 3759 servata,
1113 3682 1156 3743 ut
1181 3665 1320 3753 credit,
1348 3665 1492 3741 intuto
1520 3662 1671 3768 ordine,

249 3814 377 3875 contra
397 3826 510 3906 quem
529 3827 631 3875 nnnc
649 3798 803 3907 grandia
819 3797 1006 3903 scandala,
1024 3798 1188 3905 suspicio
1204 3795 1411 3877 etinlamia
1423 3811 1513 3874 sunt
1527 3809 1671 3883 mortar

251 3927 298 4007 ad
328 3930 434 4037 cujus
459 3929 731 4008 deffensionem
756 3957 900 4008 senon
923 3931 1127 4049 obtulerat,
1155 3929 1373 4036 Requisitus
1397 3928 1429 4004 si
1455 3924 1519 4001 alii
1540 3921 1673 4030 fratres

249 4059 315 4164 qui
335 4059 539 4138 adfirerunt
558 4062 770 4168 recepcioni
789 4089 856 4139 sue
879 4061 1077 4143 audierant
1095 4061 1154 4137 vel
1173 4060 1344 4141 viderant
1362 4056 1425 4131 illa
1449 4053 1672 4162 illicitaque

251 4185 533 4298 dictireceptor
545 4209 585 4270 et
596 4207 748 4297 curatus
767 4193 939 4270 dixerant
951 4193 1006 4280 ei,
1026 4188 1224 4295 respondit
1238 4215 1277 4265 se
1293 4186 1445 4264 credere
1461 4188 1565 4295 qund
1580 4204 1688 4264 non:

307 4319 523 4425 Requisitus
534 4321 565 4397 si
579 4322 632 4398 sic
645 4323 870 4427 deposuerat
882 4349 1009 4426 prece,
1024 4334 1218 4428 precepto,
1233 4320 1387 4409 timore,
1404 4345 1548 4408 amore,
1565 4318 1670 4407 odio,

251 4449 310 4528 vel
342 4451 542 4558 temporali
565 4454 728 4530 comodo
760 4452 890 4531 habito
919 4448 979 4530 vel
1004 4450 1553 4559 babendo,·respondit1quod
1577 4476 1672 4543 non,

254 4582 321 4661 sed
352 4611 421 4690 pro
450 4579 603 4661 veritate
632 4582 814 4674 dicenda3
838 4585 898 4662 cui
924 4582 995 4661 fuit
1019 4583 1231 4692 injunctum
1259 4584 1364 4692 quod
1390 4611 1468 4661 non
1483 4581 1675 4661 revelaret

254 4713 349 4833 hanc
370 4745 474 4792 suam
502 4717 781 4824 deposicionem
806 4744 1006 4824 quousque
1031 4717 1291 4795 attestaciones
1311 4715 1453 4795 fuerint
1471 4714 1671 4823 publicata.

887 4886 1121 4945 χ’,

903 5018 954 5119 ..p
1517 4984 1545 5047 6.
