<?xml version="1.0" encoding="UTF-8"?>
<!DOCTYPE html PUBLIC "-//W3C//DTD XHTML 1.0 Transitional//EN"
    "http://www.w3.org/TR/xhtml1/DTD/xhtml1-transitional.dtd">
<html xmlns="http://www.w3.org/1999/xhtml" xml:lang="en" lang="en">
 <head>
  <title>
</title>
<meta http-equiv="Content-Type" content="text/html;charset=utf-8" />
  <meta name='ocr-system' content='tesseract 3.04.00' />
  <meta name='ocr-capabilities' content='ocr_page ocr_carea ocr_par ocr_line ocrx_word'/>
</head>
<body>
  <div class='ocr_page' id='page_1' title='image "./procsdestemplie01defegoog/procsdestemplie01defegoog_0130.png"; bbox 0 0 4230 5956; ppageno 0'>
   <div class='ocr_carea' id='block_1_1' title="bbox 447 454 1468 549">
    <p class='ocr_par' dir='ltr' id='par_1_1' title="bbox 447 454 1468 549">
     <span class='ocr_line' id='line_1_1' title="bbox 447 454 1468 549; baseline -0.003 0"><span class='ocrx_word' id='word_1_1' title='bbox 447 475 517 549; x_wconf 83' lang='lat' dir='ltr'>roa</span> <span class='ocrx_word' id='word_1_2' title='bbox 826 454 1022 549; x_wconf 77' lang='lat' dir='ltr'>rnocts</span> <span class='ocrx_word' id='word_1_3' title='bbox 1048 474 1142 547; x_wconf 86' lang='lat' dir='ltr'>oss</span> <span class='ocrx_word' id='word_1_4' title='bbox 1168 475 1468 548; x_wconf 74' lang='lat' dir='ltr'>renarrans.</span> 
     </span>
    </p>
   </div>
   <div class='ocr_carea' id='block_1_2' title="bbox 407 614 1923 4888">
    <p class='ocr_par' dir='ltr' id='par_1_2' title="bbox 407 614 1923 4888">
     <span class='ocr_line' id='line_1_2' title="bbox 442 614 1853 725; baseline 0.001 -28"><span class='ocrx_word' id='word_1_5' title='bbox 442 618 626 697; x_wconf 88' lang='lat' dir='ltr'>esclavum</span> <span class='ocrx_word' id='word_1_6' title='bbox 642 618 758 693; x_wconf 89' lang='lat' dir='ltr'>Terre</span> <span class='ocrx_word' id='word_1_7' title='bbox 778 617 927 705; x_wconf 82' lang='lat' dir='ltr'><strong>Sancte,</strong></span> <span class='ocrx_word' id='word_1_8' title='bbox 951 633 987 692; x_wconf 88' lang='lat' dir='ltr'>ct</span> <span class='ocrx_word' id='word_1_9' title='bbox 1006 615 1148 722; x_wconf 85' lang='lat' dir='ltr'>pluries</span> <span class='ocrx_word' id='word_1_10' title='bbox 1169 616 1202 693; x_wconf 90' lang='lat' dir='ltr'>ei</span> <span class='ocrx_word' id='word_1_11' title='bbox 1227 644 1447 723; x_wconf 89' lang='lat' dir='ltr'>responsum</span> <span class='ocrx_word' id='word_1_12' title='bbox 1473 614 1603 694; x_wconf 84' lang='lat' dir='ltr'>luisset</span> <span class='ocrx_word' id='word_1_13' title='bbox 1627 618 1732 725; x_wconf 89' lang='lat' dir='ltr'>quod</span> <span class='ocrx_word' id='word_1_14' title='bbox 1754 620 1853 698; x_wconf 91' lang='lat' dir='ltr'>bene</span> 
     </span>
     <span class='ocr_line' id='line_1_3' title="bbox 441 747 1853 854; baseline -0.001 -25"><span class='ocrx_word' id='word_1_15' title='bbox 441 749 681 836; x_wconf 89' lang='lat' dir='ltr'>deliberaret,</span> <span class='ocrx_word' id='word_1_16' title='bbox 705 747 791 853; x_wconf 92' lang='lat' dir='ltr'>quia</span> <span class='ocrx_word' id='word_1_17' title='bbox 812 763 1004 854; x_wconf 82' lang='lat' dir='ltr'>oporteret</span> <span class='ocrx_word' id='word_1_18' title='bbox 1023 774 1111 824; x_wconf 92' lang='lat' dir='ltr'>eum</span> <span class='ocrx_word' id='word_1_19' title='bbox 1131 747 1339 824; x_wconf 88' lang='lat' dir='ltr'>abdicarea</span> <span class='ocrx_word' id='word_1_20' title='bbox 1359 776 1398 825; x_wconf 90' lang='lat' dir='ltr'>se</span> <span class='ocrx_word' id='word_1_21' title='bbox 1418 747 1606 854; x_wconf 87' lang='lat' dir='ltr'>pmpriam</span> <span class='ocrx_word' id='word_1_22' title='bbox 1624 749 1853 827; x_wconf 86' lang='lat' dir='ltr'>voluntatem</span> 
     </span>
     <span class='ocr_line' id='line_1_4' title="bbox 442 877 1853 987; baseline -0.001 -29"><span class='ocrx_word' id='word_1_23' title='bbox 442 897 479 958; x_wconf 92' lang='lat' dir='ltr'>et</span> <span class='ocrx_word' id='word_1_24' title='bbox 508 879 626 957; x_wconf 88' lang='lat' dir='ltr'>subici</span> <span class='ocrx_word' id='word_1_25' title='bbox 654 879 796 965; x_wconf 84' lang='lat' dir='ltr'>aliene,</span> <span class='ocrx_word' id='word_1_26' title='bbox 825 895 863 955; x_wconf 94' lang='lat' dir='ltr'>et</span> <span class='ocrx_word' id='word_1_27' title='bbox 887 877 1005 953; x_wconf 91' lang='lat' dir='ltr'>multa</span> <span class='ocrx_word' id='word_1_28' title='bbox 1028 877 1121 953; x_wconf 89' lang='lat' dir='ltr'>dura</span> <span class='ocrx_word' id='word_1_29' title='bbox 1146 892 1184 953; x_wconf 91' lang='lat' dir='ltr'>et</span> <span class='ocrx_word' id='word_1_30' title='bbox 1203 904 1330 983; x_wconf 87' lang='lat' dir='ltr'>aspera</span> <span class='ocrx_word' id='word_1_31' title='bbox 1355 877 1555 966; x_wconf 88' lang='lat' dir='ltr'>sustinere,</span> <span class='ocrx_word' id='word_1_32' title='bbox 1581 878 1744 972; x_wconf 85' lang='lat' dir='ltr'>finaliter</span> <span class='ocrx_word' id='word_1_33' title='bbox 1771 881 1853 987; x_wconf 87' lang='lat' dir='ltr'>ipso</span> 
     </span>
     <span class='ocr_line' id='line_1_5' title="bbox 441 1006 1851 1116; baseline 0.002 -29"><span class='ocrx_word' id='word_1_34' title='bbox 441 1028 535 1088; x_wconf 83' lang='lat' dir='ltr'>teste</span> <span class='ocrx_word' id='word_1_35' title='bbox 573 1012 733 1086; x_wconf 81' lang='lat' dir='ltr'>instante</span> <span class='ocrx_word' id='word_1_36' title='bbox 772 1027 809 1086; x_wconf 90' lang='lat' dir='ltr'>et</span> <span class='ocrx_word' id='word_1_37' title='bbox 849 1008 995 1085; x_wconf 85' lang='lat' dir='ltr'>dicente</span> <span class='ocrx_word' id='word_1_38' title='bbox 1034 1006 1136 1113; x_wconf 92' lang='lat' dir='ltr'>quod</span> <span class='ocrx_word' id='word_1_39' title='bbox 1183 1007 1311 1084; x_wconf 86' lang='lat' dir='ltr'>omnia</span> <span class='ocrx_word' id='word_1_40' title='bbox 1352 1008 1574 1099; x_wconf 80' lang='lat' dir='ltr'>sustineret,</span> <span class='ocrx_word' id='word_1_41' title='bbox 1615 1009 1708 1086; x_wconf 82' lang='lat' dir='ltr'>dixit</span> <span class='ocrx_word' id='word_1_42' title='bbox 1747 1014 1851 1116; x_wconf 87' lang='lat' dir='ltr'>quod</span> 
     </span>
     <span class='ocr_line' id='line_1_6' title="bbox 441 1134 1851 1246; baseline 0.001 -30"><span class='ocrx_word' id='word_1_43' title='bbox 441 1139 644 1246; x_wconf 89' lang='lat' dir='ltr'>recipiebat</span> <span class='ocrx_word' id='word_1_44' title='bbox 675 1167 762 1215; x_wconf 92' lang='lat' dir='ltr'>eum</span> <span class='ocrx_word' id='word_1_45' title='bbox 796 1139 843 1214; x_wconf 93' lang='lat' dir='ltr'>ad</span> <span class='ocrx_word' id='word_1_46' title='bbox 874 1138 1057 1215; x_wconf 90' lang='lat' dir='ltr'>honorem</span> <span class='ocrx_word' id='word_1_47' title='bbox 1091 1137 1162 1214; x_wconf 89' lang='lat' dir='ltr'>Dei</span> <span class='ocrx_word' id='word_1_48' title='bbox 1192 1155 1230 1216; x_wconf 91' lang='lat' dir='ltr'>et</span> <span class='ocrx_word' id='word_1_49' title='bbox 1263 1134 1371 1215; x_wconf 88' lang='lat' dir='ltr'>beate</span> <span class='ocrx_word' id='word_1_50' title='bbox 1404 1137 1541 1225; x_wconf 85' lang='lat' dir='ltr'>Maria,</span> <span class='ocrx_word' id='word_1_51' title='bbox 1577 1155 1615 1215; x_wconf 90' lang='lat' dir='ltr'>et</span> <span class='ocrx_word' id='word_1_52' title='bbox 1645 1137 1733 1215; x_wconf 85' lang='lat' dir='ltr'>lecit</span> <span class='ocrx_word' id='word_1_53' title='bbox 1766 1168 1851 1217; x_wconf 92' lang='lat' dir='ltr'>eum</span> 
     </span>
     <span class='ocr_line' id='line_1_7' title="bbox 442 1266 1854 1377; baseline 0 -31"><span class='ocrx_word' id='word_1_54' title='bbox 442 1297 573 1346; x_wconf 92' lang='lat' dir='ltr'>vovere</span> <span class='ocrx_word' id='word_1_55' title='bbox 608 1285 645 1345; x_wconf 89' lang='lat' dir='ltr'>et</span> <span class='ocrx_word' id='word_1_56' title='bbox 670 1270 796 1377; x_wconf 86' lang='lat' dir='ltr'>jurare</span> <span class='ocrx_word' id='word_1_57' title='bbox 830 1296 941 1373; x_wconf 91' lang='lat' dir='ltr'>supra</span> <span class='ocrx_word' id='word_1_58' title='bbox 972 1267 1175 1373; x_wconf 88' lang='lat' dir='ltr'>quemdam</span> <span class='ocrx_word' id='word_1_59' title='bbox 1199 1266 1339 1343; x_wconf 91' lang='lat' dir='ltr'>librum</span> <span class='ocrx_word' id='word_1_60' title='bbox 1368 1285 1540 1374; x_wconf 88' lang='lat' dir='ltr'>apertum</span> <span class='ocrx_word' id='word_1_61' title='bbox 1566 1268 1670 1374; x_wconf 91' lang='lat' dir='ltr'>quod</span> <span class='ocrx_word' id='word_1_62' title='bbox 1695 1288 1854 1347; x_wconf 87' lang='lat' dir='ltr'>servaret</span> 
     </span>
     <span class='ocr_line' id='line_1_8' title="bbox 407 1396 1853 1504; baseline -0.001 -27"><span class='ocrx_word' id='word_1_63' title='bbox 407 1408 410 1412; x_wconf 80' lang='grc'><strong>’</strong></span> <span class='ocrx_word' id='word_1_64' title='bbox 442 1400 565 1477; x_wconf 89' lang='lat' dir='ltr'>bonos</span> <span class='ocrx_word' id='word_1_65' title='bbox 583 1428 673 1476; x_wconf 90' lang='lat' dir='ltr'>usus</span> <span class='ocrx_word' id='word_1_66' title='bbox 698 1417 735 1475; x_wconf 92' lang='lat' dir='ltr'>et</span> <span class='ocrx_word' id='word_1_67' title='bbox 763 1399 881 1476; x_wconf 92' lang='lat' dir='ltr'>bonas</span> <span class='ocrx_word' id='word_1_68' title='bbox 907 1396 1198 1475; x_wconf 88' lang='lat' dir='ltr'>consuetudines</span> <span class='ocrx_word' id='word_1_69' title='bbox 1223 1397 1383 1487; x_wconf 80' lang='lat' dir='ltr'>ordinis,</span> <span class='ocrx_word' id='word_1_70' title='bbox 1416 1415 1454 1474; x_wconf 90' lang='lat' dir='ltr'>et</span> <span class='ocrx_word' id='word_1_71' title='bbox 1479 1398 1583 1504; x_wconf 92' lang='lat' dir='ltr'>quod</span> <span class='ocrx_word' id='word_1_72' title='bbox 1604 1416 1701 1476; x_wconf 89' lang='lat' dir='ltr'>esset</span> <span class='ocrx_word' id='word_1_73' title='bbox 1728 1427 1853 1476; x_wconf 89' lang='lat' dir='ltr'>servus</span> 
     </span>
     <span class='ocr_line' id='line_1_9' title="bbox 445 1526 1853 1636; baseline 0.001 -29"><span class='ocrx_word' id='word_1_74' title='bbox 445 1529 608 1607; x_wconf 86' lang='lat' dir='ltr'>esclavus</span> <span class='ocrx_word' id='word_1_75' title='bbox 634 1529 795 1616; x_wconf 90' lang='lat' dir='ltr'>ordinis,</span> <span class='ocrx_word' id='word_1_76' title='bbox 828 1528 1047 1619; x_wconf 83' lang='lat' dir='ltr'>castitatem,</span> <span class='ocrx_word' id='word_1_77' title='bbox 1076 1526 1351 1615; x_wconf 87' lang='lat' dir='ltr'>obedienciam,</span> <span class='ocrx_word' id='word_1_78' title='bbox 1381 1546 1419 1605; x_wconf 92' lang='lat' dir='ltr'>et</span> <span class='ocrx_word' id='word_1_79' title='bbox 1437 1528 1557 1605; x_wconf 89' lang='lat' dir='ltr'>vivere</span> <span class='ocrx_word' id='word_1_80' title='bbox 1582 1530 1663 1606; x_wconf 88' lang='lat' dir='ltr'>sine</span> <span class='ocrx_word' id='word_1_81' title='bbox 1685 1532 1853 1636; x_wconf 81' lang='lat' dir='ltr'>propri03</span> 
     </span>
     <span class='ocr_line' id='line_1_10' title="bbox 445 1658 1857 1767; baseline 0.001 -29"><span class='ocrx_word' id='word_1_82' title='bbox 445 1677 482 1738; x_wconf 89' lang='lat' dir='ltr'>et</span> <span class='ocrx_word' id='word_1_83' title='bbox 498 1660 673 1767; x_wconf 88' lang='lat' dir='ltr'>imposito</span> <span class='ocrx_word' id='word_1_84' title='bbox 695 1660 728 1736; x_wconf 88' lang='lat' dir='ltr'>ei</span> <span class='ocrx_word' id='word_1_85' title='bbox 750 1658 946 1745; x_wconf 90' lang='lat' dir='ltr'>mantello,</span> <span class='ocrx_word' id='word_1_86' title='bbox 974 1675 1156 1765; x_wconf 89' lang='lat' dir='ltr'>receptor,</span> <span class='ocrx_word' id='word_1_87' title='bbox 1182 1659 1250 1735; x_wconf 87' lang='lat' dir='ltr'>sed</span> <span class='ocrx_word' id='word_1_88' title='bbox 1275 1687 1351 1736; x_wconf 91' lang='lat' dir='ltr'>non</span> <span class='ocrx_word' id='word_1_89' title='bbox 1372 1676 1547 1747; x_wconf 87' lang='lat' dir='ltr'>astantes,</span> <span class='ocrx_word' id='word_1_90' title='bbox 1576 1658 1647 1737; x_wconf 86' lang='lat' dir='ltr'>fuit</span> <span class='ocrx_word' id='word_1_91' title='bbox 1673 1660 1857 1739; x_wconf 88' lang='lat' dir='ltr'>osculatus</span> 
     </span>
     <span class='ocr_line' id='line_1_11' title="bbox 445 1788 1855 1895; baseline 0.001 -28"><span class='ocrx_word' id='word_1_92' title='bbox 445 1820 531 1868; x_wconf 92' lang='lat' dir='ltr'>eum</span> <span class='ocrx_word' id='word_1_93' title='bbox 555 1791 593 1867; x_wconf 91' lang='lat' dir='ltr'>in</span> <span class='ocrx_word' id='word_1_94' title='bbox 615 1818 690 1867; x_wconf 93' lang='lat' dir='ltr'>ore.</span> <span class='ocrx_word' id='word_1_95' title='bbox 718 1790 865 1867; x_wconf 90' lang='lat' dir='ltr'>Deinde</span> <span class='ocrx_word' id='word_1_96' title='bbox 892 1788 984 1864; x_wconf 86' lang='lat' dir='ltr'>dixit</span> <span class='ocrx_word' id='word_1_97' title='bbox 1011 1805 1048 1864; x_wconf 89' lang='lat' dir='ltr'>et</span> <span class='ocrx_word' id='word_1_98' title='bbox 1074 1788 1241 1894; x_wconf 84' lang='lat' dir='ltr'>precepit</span> <span class='ocrx_word' id='word_1_99' title='bbox 1266 1788 1300 1866; x_wconf 90' lang='lat' dir='ltr'>ei</span> <span class='ocrx_word' id='word_1_100' title='bbox 1321 1790 1359 1865; x_wconf 93' lang='lat' dir='ltr'>in</span> <span class='ocrx_word' id='word_1_101' title='bbox 1381 1788 1571 1895; x_wconf 84' lang='lat' dir='ltr'>presencia</span> <span class='ocrx_word' id='word_1_102' title='bbox 1600 1791 1855 1895; x_wconf 88' lang='lat' dir='ltr'>predictorum</span> 
     </span>
     <span class='ocr_line' id='line_1_12' title="bbox 445 1917 1857 2028; baseline -0.001 -29"><span class='ocrx_word' id='word_1_103' title='bbox 445 1921 547 2028; x_wconf 91' lang='lat' dir='ltr'>quod</span> <span class='ocrx_word' id='word_1_104' title='bbox 568 1921 769 2028; x_wconf 80' lang='lat' dir='ltr'>abnegaret</span> <span class='ocrx_word' id='word_1_105' title='bbox 791 1921 947 1997; x_wconf 88' lang='lat' dir='ltr'>Jhesum</span> <span class='ocrx_word' id='word_1_106' title='bbox 971 1936 1040 2007; x_wconf 90' lang='lat' dir='ltr'>ter,</span> <span class='ocrx_word' id='word_1_107' title='bbox 1067 1917 1115 1994; x_wconf 93' lang='lat' dir='ltr'>de</span> <span class='ocrx_word' id='word_1_108' title='bbox 1135 1918 1286 1995; x_wconf 88' lang='lat' dir='ltr'>Christo</span> <span class='ocrx_word' id='word_1_109' title='bbox 1302 1946 1379 1995; x_wconf 91' lang='lat' dir='ltr'>non</span> <span class='ocrx_word' id='word_1_110' title='bbox 1400 1917 1526 1994; x_wconf 88' lang='lat' dir='ltr'>habita</span> <span class='ocrx_word' id='word_1_111' title='bbox 1553 1919 1767 2007; x_wconf 78' lang='lat' dir='ltr'>mensione,</span> <span class='ocrx_word' id='word_1_112' title='bbox 1787 1950 1857 1998; x_wconf 91' lang='lat' dir='ltr'>nec</span> 
     </span>
     <span class='ocr_line' id='line_1_13' title="bbox 444 2046 1853 2157; baseline 0 -30"><span class='ocrx_word' id='word_1_113' title='bbox 444 2051 548 2157; x_wconf 93' lang='lat' dir='ltr'>quod</span> <span class='ocrx_word' id='word_1_114' title='bbox 570 2067 668 2128; x_wconf 88' lang='lat' dir='ltr'>esset</span> <span class='ocrx_word' id='word_1_115' title='bbox 692 2051 738 2127; x_wconf 93' lang='lat' dir='ltr'>de</span> <span class='ocrx_word' id='word_1_116' title='bbox 759 2049 907 2156; x_wconf 88' lang='lat' dir='ltr'>punctis</span> <span class='ocrx_word' id='word_1_117' title='bbox 931 2047 1090 2136; x_wconf 87' lang='lat' dir='ltr'>ordinis,</span> <span class='ocrx_word' id='word_1_118' title='bbox 1117 2046 1184 2124; x_wconf 91' lang='lat' dir='ltr'>sed</span> <span class='ocrx_word' id='word_1_119' title='bbox 1208 2047 1301 2124; x_wconf 84' lang='lat' dir='ltr'>dixit</span> <span class='ocrx_word' id='word_1_120' title='bbox 1319 2048 1423 2154; x_wconf 92' lang='lat' dir='ltr'>quod</span> <span class='ocrx_word' id='word_1_121' title='bbox 1442 2048 1515 2124; x_wconf 91' lang='lat' dir='ltr'>hoc</span> <span class='ocrx_word' id='word_1_122' title='bbox 1536 2047 1697 2125; x_wconf 89' lang='lat' dir='ltr'>debebat</span> <span class='ocrx_word' id='word_1_123' title='bbox 1716 2050 1853 2140; x_wconf 81' lang='lat' dir='ltr'>faeere,</span> 
     </span>
     <span class='ocr_line' id='line_1_14' title="bbox 445 2177 1860 2287; baseline -0.001 -30"><span class='ocrx_word' id='word_1_124' title='bbox 445 2196 484 2257; x_wconf 90' lang='lat' dir='ltr'>et</span> <span class='ocrx_word' id='word_1_125' title='bbox 502 2182 580 2287; x_wconf 92' lang='lat' dir='ltr'>ipse</span> <span class='ocrx_word' id='word_1_126' title='bbox 598 2180 704 2257; x_wconf 88' lang='lat' dir='ltr'>testis</span> <span class='ocrx_word' id='word_1_127' title='bbox 718 2198 810 2257; x_wconf 92' lang='lat' dir='ltr'>tunc</span> <span class='ocrx_word' id='word_1_128' title='bbox 829 2178 1023 2285; x_wconf 87' lang='lat' dir='ltr'>abnegavit</span> <span class='ocrx_word' id='word_1_129' title='bbox 1041 2196 1099 2255; x_wconf 91' lang='lat' dir='ltr'>ter</span> <span class='ocrx_word' id='word_1_130' title='bbox 1113 2178 1270 2255; x_wconf 84' lang='lat' dir='ltr'>lhesum</span> <span class='ocrx_word' id='word_1_131' title='bbox 1289 2206 1354 2255; x_wconf 90' lang='lat' dir='ltr'>ore</span> <span class='ocrx_word' id='word_1_132' title='bbox 1373 2206 1451 2255; x_wconf 90' lang='lat' dir='ltr'>non</span> <span class='ocrx_word' id='word_1_133' title='bbox 1471 2177 1601 2266; x_wconf 89' lang='lat' dir='ltr'>corde,</span> <span class='ocrx_word' id='word_1_134' title='bbox 1620 2179 1707 2284; x_wconf 90' lang='lat' dir='ltr'>quia</span> <span class='ocrx_word' id='word_1_135' title='bbox 1722 2181 1860 2287; x_wconf 87' lang='lat' dir='ltr'>eogita-</span> 
     </span>
     <span class='ocr_line' id='line_1_15' title="bbox 444 2308 1856 2417; baseline -0.001 -30"><span class='ocrx_word' id='word_1_136' title='bbox 444 2310 510 2387; x_wconf 91' lang='lat' dir='ltr'>bat</span> <span class='ocrx_word' id='word_1_137' title='bbox 532 2313 634 2417; x_wconf 88' lang='lat' dir='ltr'>quod</span> <span class='ocrx_word' id='word_1_138' title='bbox 654 2311 873 2417; x_wconf 91' lang='lat' dir='ltr'>loqueretur</span> <span class='ocrx_word' id='word_1_139' title='bbox 892 2309 939 2385; x_wconf 89' lang='lat' dir='ltr'>de</span> <span class='ocrx_word' id='word_1_140' title='bbox 960 2309 1076 2385; x_wconf 88' lang='lat' dir='ltr'>Jhesu</span> <span class='ocrx_word' id='word_1_141' title='bbox 1095 2309 1262 2397; x_wconf 90' lang='lat' dir='ltr'>Christo,</span> <span class='ocrx_word' id='word_1_142' title='bbox 1291 2325 1333 2384; x_wconf 92' lang='lat' dir='ltr'>ut</span> <span class='ocrx_word' id='word_1_143' title='bbox 1353 2308 1457 2384; x_wconf 83' lang='lat' dir='ltr'>dixit.</span> <span class='ocrx_word' id='word_1_144' title='bbox 1479 2310 1610 2385; x_wconf 88' lang='lat' dir='ltr'>Postea</span> <span class='ocrx_word' id='word_1_145' title='bbox 1631 2310 1798 2415; x_wconf 88' lang='lat' dir='ltr'>precepit</span> <span class='ocrx_word' id='word_1_146' title='bbox 1822 2312 1856 2388; x_wconf 93' lang='lat' dir='ltr'>ei</span> 
     </span>
     <span class='ocr_line' id='line_1_16' title="bbox 440 2438 1856 2548; baseline 0 -31"><span class='ocrx_word' id='word_1_147' title='bbox 440 2440 550 2547; x_wconf 65' lang='lat' dir='ltr'>‚quod</span> <span class='ocrx_word' id='word_1_148' title='bbox 570 2457 719 2546; x_wconf 88' lang='lat' dir='ltr'>spueret</span> <span class='ocrx_word' id='word_1_149' title='bbox 734 2468 846 2546; x_wconf 89' lang='lat' dir='ltr'>super</span> <span class='ocrx_word' id='word_1_150' title='bbox 860 2438 1059 2546; x_wconf 90' lang='lat' dir='ltr'>quamdam</span> <span class='ocrx_word' id='word_1_151' title='bbox 1081 2468 1229 2516; x_wconf 90' lang='lat' dir='ltr'>crucem</span> <span class='ocrx_word' id='word_1_152' title='bbox 1245 2438 1406 2548; x_wconf 85' lang='lat' dir='ltr'>ligneam</span> <span class='ocrx_word' id='word_1_153' title='bbox 1427 2456 1591 2516; x_wconf 87' lang='lat' dir='ltr'>veterem</span> <span class='ocrx_word' id='word_1_154' title='bbox 1612 2440 1651 2516; x_wconf 92' lang='lat' dir='ltr'>in</span> <span class='ocrx_word' id='word_1_155' title='bbox 1666 2469 1738 2546; x_wconf 92' lang='lat' dir='ltr'>qua</span> <span class='ocrx_word' id='word_1_156' title='bbox 1754 2440 1856 2517; x_wconf 93' lang='lat' dir='ltr'>nulla</span> 
     </span>
     <span class='ocr_line' id='line_1_17' title="bbox 446 2568 1860 2678; baseline -0.001 -31"><span class='ocrx_word' id='word_1_157' title='bbox 446 2588 525 2647; x_wconf 92' lang='lat' dir='ltr'>erat</span> <span class='ocrx_word' id='word_1_158' title='bbox 549 2599 682 2678; x_wconf 83' lang='lat' dir='ltr'>ymago</span> <span class='ocrx_word' id='word_1_159' title='bbox 714 2570 908 2658; x_wconf 84' lang='lat' dir='ltr'>Crucifixi,</span> <span class='ocrx_word' id='word_1_160' title='bbox 938 2570 1057 2646; x_wconf 90' lang='lat' dir='ltr'>nescit</span> <span class='ocrx_word' id='word_1_161' title='bbox 1086 2597 1154 2675; x_wconf 88' lang='lat' dir='ltr'>per</span> <span class='ocrx_word' id='word_1_162' title='bbox 1182 2597 1295 2674; x_wconf 90' lang='lat' dir='ltr'>quem</span> <span class='ocrx_word' id='word_1_163' title='bbox 1322 2568 1375 2646; x_wconf 91' lang='lat' dir='ltr'>ibi</span> <span class='ocrx_word' id='word_1_164' title='bbox 1395 2569 1566 2658; x_wconf 91' lang='lat' dir='ltr'>allatam,</span> <span class='ocrx_word' id='word_1_165' title='bbox 1600 2585 1638 2646; x_wconf 91' lang='lat' dir='ltr'>et</span> <span class='ocrx_word' id='word_1_166' title='bbox 1660 2570 1740 2676; x_wconf 91' lang='lat' dir='ltr'>ipse</span> <span class='ocrx_word' id='word_1_167' title='bbox 1758 2571 1860 2676; x_wconf 87' lang='lat' dir='ltr'>spuit</span> 
     </span>
     <span class='ocr_line' id='line_1_18' title="bbox 442 2698 1863 2809; baseline -0.001 -31"><span class='ocrx_word' id='word_1_168' title='bbox 442 2701 547 2809; x_wconf 88' lang='lat' dir='ltr'>juxta</span> <span class='ocrx_word' id='word_1_169' title='bbox 567 2730 644 2780; x_wconf 89' lang='lat' dir='ltr'>non</span> <span class='ocrx_word' id='word_1_170' title='bbox 665 2731 776 2808; x_wconf 89' lang='lat' dir='ltr'>supra</span> <span class='ocrx_word' id='word_1_171' title='bbox 797 2730 891 2779; x_wconf 89' lang='lat' dir='ltr'>eam.</span> <span class='ocrx_word' id='word_1_172' title='bbox 913 2701 970 2777; x_wconf 93' lang='lat' dir='ltr'>De</span> <span class='ocrx_word' id='word_1_173' title='bbox 991 2700 1073 2777; x_wconf 92' lang='lat' dir='ltr'>aliis</span> <span class='ocrx_word' id='word_1_174' title='bbox 1091 2698 1231 2776; x_wconf 90' lang='lat' dir='ltr'>illicitis</span> <span class='ocrx_word' id='word_1_175' title='bbox 1251 2698 1434 2776; x_wconf 88' lang='lat' dir='ltr'>contentis</span> <span class='ocrx_word' id='word_1_176' title='bbox 1453 2701 1493 2775; x_wconf 93' lang='lat' dir='ltr'>in</span> <span class='ocrx_word' id='word_1_177' title='bbox 1513 2698 1677 2778; x_wconf 88' lang='lat' dir='ltr'>articulis</span> <span class='ocrx_word' id='word_1_178' title='bbox 1695 2729 1772 2779; x_wconf 92' lang='lat' dir='ltr'>non</span> <span class='ocrx_word' id='word_1_179' title='bbox 1792 2702 1863 2779; x_wconf 87' lang='lat' dir='ltr'>suit</span> 
     </span>
     <span class='ocr_line' id='line_1_19' title="bbox 447 2830 1861 2939; baseline 0 -31"><span class='ocrx_word' id='word_1_180' title='bbox 447 2832 482 2909; x_wconf 91' lang='lat' dir='ltr'>ei</span> <span class='ocrx_word' id='word_1_181' title='bbox 497 2833 659 2923; x_wconf 90' lang='lat' dir='ltr'>locutus,</span> <span class='ocrx_word' id='word_1_182' title='bbox 680 2862 750 2911; x_wconf 88' lang='lat' dir='ltr'>nee</span> <span class='ocrx_word' id='word_1_183' title='bbox 765 2832 884 2910; x_wconf 91' lang='lat' dir='ltr'>credit</span> <span class='ocrx_word' id='word_1_184' title='bbox 900 2831 1005 2938; x_wconf 92' lang='lat' dir='ltr'>quod</span> <span class='ocrx_word' id='word_1_185' title='bbox 1025 2830 1214 2908; x_wconf 87' lang='lat' dir='ltr'>inordina</span> <span class='ocrx_word' id='word_1_186' title='bbox 1234 2830 1342 2921; x_wconf 86' lang='lat' dir='ltr'>fiant,</span> <span class='ocrx_word' id='word_1_187' title='bbox 1360 2831 1428 2908; x_wconf 90' lang='lat' dir='ltr'>sed</span> <span class='ocrx_word' id='word_1_188' title='bbox 1448 2831 1567 2908; x_wconf 89' lang='lat' dir='ltr'>credit</span> <span class='ocrx_word' id='word_1_189' title='bbox 1583 2831 1861 2939; x_wconf 72' lang='lat' dir='ltr'>quod&#39;abnega-</span> 
     </span>
     <span class='ocr_line' id='line_1_20' title="bbox 447 2960 1861 3068; baseline -0.001 -30"><span class='ocrx_word' id='word_1_190' title='bbox 447 2962 505 3040; x_wconf 87' lang='lat' dir='ltr'>cio</span> <span class='ocrx_word' id='word_1_191' title='bbox 522 2980 558 3040; x_wconf 89' lang='lat' dir='ltr'>et</span> <span class='ocrx_word' id='word_1_192' title='bbox 577 2962 720 3068; x_wconf 91' lang='lat' dir='ltr'>spuicio</span> <span class='ocrx_word' id='word_1_193' title='bbox 735 2961 946 3068; x_wconf 89' lang='lat' dir='ltr'>supradicte</span> <span class='ocrx_word' id='word_1_194' title='bbox 963 2960 1232 3038; x_wconf 88' lang='lat' dir='ltr'>intervenirent</span> <span class='ocrx_word' id='word_1_195' title='bbox 1251 2961 1502 3038; x_wconf 89' lang='lat' dir='ltr'>communiter</span> <span class='ocrx_word' id='word_1_196' title='bbox 1520 2960 1560 3036; x_wconf 90' lang='lat' dir='ltr'>in</span> <span class='ocrx_word' id='word_1_197' title='bbox 1578 2960 1861 3065; x_wconf 89' lang='lat' dir='ltr'>recepcionibus</span> 
     </span>
     <span class='ocr_line' id='line_1_21' title="bbox 447 3089 1861 3199; baseline -0.001 -31"><span class='ocrx_word' id='word_1_198' title='bbox 447 3092 629 3181; x_wconf 90' lang='lat' dir='ltr'>aliorum,</span> <span class='ocrx_word' id='word_1_199' title='bbox 662 3093 752 3199; x_wconf 92' lang='lat' dir='ltr'>quia</span> <span class='ocrx_word' id='word_1_200' title='bbox 782 3092 990 3170; x_wconf 91' lang='lat' dir='ltr'>secundum</span> <span class='ocrx_word' id='word_1_201' title='bbox 1023 3091 1181 3169; x_wconf 92' lang='lat' dir='ltr'>modum</span> <span class='ocrx_word' id='word_1_202' title='bbox 1207 3090 1417 3197; x_wconf 86' lang='lat' dir='ltr'>predictum</span> <span class='ocrx_word' id='word_1_203' title='bbox 1448 3091 1542 3168; x_wconf 87' lang='lat' dir='ltr'>vidit</span> <span class='ocrx_word' id='word_1_204' title='bbox 1567 3090 1682 3196; x_wconf 91' lang='lat' dir='ltr'>recipi</span> <span class='ocrx_word' id='word_1_205' title='bbox 1709 3089 1861 3168; x_wconf 85' lang='lat' dir='ltr'>fratrem</span> 
     </span>
     <span class='ocr_line' id='line_1_22' title="bbox 447 3217 1863 3326; baseline -0.002 -25"><span class='ocrx_word' id='word_1_206' title='bbox 447 3217 694 3301; x_wconf 89' lang='lat' dir='ltr'>Guillelmum</span> <span class='ocrx_word' id='word_1_207' title='bbox 715 3224 762 3300; x_wconf 90' lang='lat' dir='ltr'>de</span> <span class='ocrx_word' id='word_1_208' title='bbox 780 3224 914 3302; x_wconf 90' lang='lat' dir='ltr'>Sancto</span> <span class='ocrx_word' id='word_1_209' title='bbox 935 3221 1158 3308; x_wconf 89' lang='lat' dir='ltr'>Benedicto,</span> <span class='ocrx_word' id='word_1_210' title='bbox 1177 3220 1217 3296; x_wconf 92' lang='lat' dir='ltr'>in</span> <span class='ocrx_word' id='word_1_211' title='bbox 1238 3219 1379 3325; x_wconf 88' lang='lat' dir='ltr'>capella</span> <span class='ocrx_word' id='word_1_212' title='bbox 1397 3221 1533 3297; x_wconf 90' lang='lat' dir='ltr'>domus</span> <span class='ocrx_word' id='word_1_213' title='bbox 1549 3220 1699 3326; x_wconf 90' lang='lat' dir='ltr'>Templi</span> <span class='ocrx_word' id='word_1_214' title='bbox 1716 3221 1763 3297; x_wconf 93' lang='lat' dir='ltr'>de</span> <span class='ocrx_word' id='word_1_215' title='bbox 1779 3221 1863 3298; x_wconf 90' lang='lat' dir='ltr'>Mo-</span> 
     </span>
     <span class='ocr_line' id='line_1_23' title="bbox 448 3348 1864 3456; baseline -0.002 -26"><span class='ocrx_word' id='word_1_216' title='bbox 448 3353 611 3430; x_wconf 92' lang='lat' dir='ltr'>lendinis</span> <span class='ocrx_word' id='word_1_217' title='bbox 626 3353 847 3431; x_wconf 89' lang='lat' dir='ltr'>Pictavensis</span> <span class='ocrx_word' id='word_1_218' title='bbox 867 3351 1041 3441; x_wconf 91' lang='lat' dir='ltr'>diocesis,</span> <span class='ocrx_word' id='word_1_219' title='bbox 1058 3379 1126 3456; x_wconf 89' lang='lat' dir='ltr'>per</span> <span class='ocrx_word' id='word_1_220' title='bbox 1141 3349 1292 3426; x_wconf 80' lang='lat' dir='ltr'>fratrem</span> <span class='ocrx_word' id='word_1_221' title='bbox 1306 3348 1515 3427; x_wconf 82' lang='lat' dir='ltr'>lobannem</span> <span class='ocrx_word' id='word_1_222' title='bbox 1532 3351 1579 3426; x_wconf 89' lang='lat' dir='ltr'>de</span> <span class='ocrx_word' id='word_1_223' title='bbox 1594 3351 1730 3428; x_wconf 89' lang='lat' dir='ltr'>Sancto</span> <span class='ocrx_word' id='word_1_224' title='bbox 1745 3353 1864 3427; x_wconf 90' lang='lat' dir='ltr'>Bene-</span> 
     </span>
     <span class='ocr_line' id='line_1_24' title="bbox 448 3478 1862 3590; baseline -0.006 -28"><span class='ocrx_word' id='word_1_225' title='bbox 448 3482 566 3573; x_wconf 90' lang='lat' dir='ltr'>dicto,</span> <span class='ocrx_word' id='word_1_226' title='bbox 587 3501 720 3561; x_wconf 90' lang='lat' dir='ltr'>testem</span> <span class='ocrx_word' id='word_1_227' title='bbox 751 3512 862 3590; x_wconf 91' lang='lat' dir='ltr'>supra</span> <span class='ocrx_word' id='word_1_228' title='bbox 893 3481 1159 3568; x_wconf 86' lang='lat' dir='ltr'>examinatum,</span> <span class='ocrx_word' id='word_1_229' title='bbox 1193 3478 1288 3556; x_wconf 88' lang='lat' dir='ltr'>cirea</span> <span class='ocrx_word' id='word_1_230' title='bbox 1318 3479 1456 3556; x_wconf 80' lang='lat' dir='ltr'>festum</span> <span class='ocrx_word' id='word_1_231' title='bbox 1483 3480 1688 3558; x_wconf 77' lang='lat' dir='ltr'>Natiuitatis</span> <span class='ocrx_word' id='word_1_232' title='bbox 1710 3481 1862 3559; x_wconf 91' lang='lat' dir='ltr'>Domini</span> 
     </span>
     <span class='ocr_line' id='line_1_25' title="bbox 447 3608 1863 3720; baseline -0.002 -28"><span class='ocrx_word' id='word_1_233' title='bbox 447 3615 616 3720; x_wconf 86' lang='lat' dir='ltr'>proximo</span> <span class='ocrx_word' id='word_1_234' title='bbox 632 3615 853 3720; x_wconf 88' lang='lat' dir='ltr'>preteritum</span> <span class='ocrx_word' id='word_1_235' title='bbox 875 3613 1026 3689; x_wconf 89' lang='lat' dir='ltr'>luerunt</span> <span class='ocrx_word' id='word_1_236' title='bbox 1041 3621 1120 3688; x_wconf 73' lang='lat' dir='ltr'>1u10‘</span> <span class='ocrx_word' id='word_1_237' title='bbox 1135 3610 1221 3686; x_wconf 92' lang='lat' dir='ltr'>anni</span> <span class='ocrx_word' id='word_1_238' title='bbox 1236 3608 1294 3686; x_wconf 91' lang='lat' dir='ltr'>vel</span> <span class='ocrx_word' id='word_1_239' title='bbox 1308 3611 1419 3698; x_wconf 89' lang='lat' dir='ltr'>cirea,</span> <span class='ocrx_word' id='word_1_240' title='bbox 1435 3610 1674 3716; x_wconf 90' lang='lat' dir='ltr'>presentibus</span> <span class='ocrx_word' id='word_1_241' title='bbox 1690 3612 1863 3689; x_wconf 80' lang='lat' dir='ltr'>fratribus</span> 
     </span>
     <span class='ocr_line' id='line_1_26' title="bbox 448 3741 1865 3848; baseline -0.005 -23"><span class='ocrx_word' id='word_1_242' title='bbox 448 3745 655 3825; x_wconf 90' lang='lat' dir='ltr'>Guillelmo</span> <span class='ocrx_word' id='word_1_243' title='bbox 675 3747 722 3822; x_wconf 91' lang='lat' dir='ltr'>de</span> <span class='ocrx_word' id='word_1_244' title='bbox 750 3745 875 3832; x_wconf 84' lang='lat' dir='ltr'>Blera,</span> <span class='ocrx_word' id='word_1_245' title='bbox 908 3758 1127 3848; x_wconf 89' lang='lat' dir='ltr'>preceptore</span> <span class='ocrx_word' id='word_1_246' title='bbox 1155 3741 1203 3817; x_wconf 87' lang='lat' dir='ltr'>de</span> <span class='ocrx_word' id='word_1_247' title='bbox 1231 3741 1374 3848; x_wconf 90' lang='lat' dir='ltr'>Campo</span> <span class='ocrx_word' id='word_1_248' title='bbox 1403 3741 1565 3832; x_wconf 91' lang='lat' dir='ltr'>Gilonis,</span> <span class='ocrx_word' id='word_1_249' title='bbox 1588 3744 1652 3848; x_wconf 90' lang='lat' dir='ltr'>qui</span> <span class='ocrx_word' id='word_1_250' title='bbox 1674 3743 1865 3820; x_wconf 88' lang='lat' dir='ltr'>detinetur</span> 
     </span>
     <span class='ocr_line' id='line_1_27' title="bbox 448 3872 1861 3984; baseline 0 -31"><span class='ocrx_word' id='word_1_251' title='bbox 448 3878 548 3984; x_wconf 93' lang='lat' dir='ltr'>apud</span> <span class='ocrx_word' id='word_1_252' title='bbox 567 3877 802 3984; x_wconf 86' lang='lat' dir='ltr'>Caynonem,</span> <span class='ocrx_word' id='word_1_253' title='bbox 817 3876 927 3950; x_wconf 91' lang='lat' dir='ltr'>Petro</span> <span class='ocrx_word' id='word_1_254' title='bbox 944 3872 991 3947; x_wconf 93' lang='lat' dir='ltr'>de</span> <span class='ocrx_word' id='word_1_255' title='bbox 1007 3872 1142 3949; x_wconf 88' lang='lat' dir='ltr'>Sancto</span> <span class='ocrx_word' id='word_1_256' title='bbox 1157 3872 1381 3959; x_wconf 88' lang='lat' dir='ltr'>Benedieto,</span> <span class='ocrx_word' id='word_1_257' title='bbox 1397 3888 1492 3948; x_wconf 88' lang='lat' dir='ltr'>teste</span> <span class='ocrx_word' id='word_1_258' title='bbox 1510 3901 1620 3978; x_wconf 89' lang='lat' dir='ltr'>supra</span> <span class='ocrx_word' id='word_1_259' title='bbox 1636 3874 1861 3954; x_wconf 80' lang='lat' dir='ltr'>examinato.</span> 
     </span>
     <span class='ocr_line' id='line_1_28' title="bbox 449 4001 1864 4109; baseline -0.004 -25"><span class='ocrx_word' id='word_1_260' title='bbox 449 4024 486 4084; x_wconf 87' lang='lat' dir='ltr'>et</span> <span class='ocrx_word' id='word_1_261' title='bbox 509 4009 678 4084; x_wconf 88' lang='lat' dir='ltr'>Johanne</span> <span class='ocrx_word' id='word_1_262' title='bbox 705 4004 865 4093; x_wconf 91' lang='lat' dir='ltr'>Picardi,</span> <span class='ocrx_word' id='word_1_263' title='bbox 892 4002 957 4109; x_wconf 90' lang='lat' dir='ltr'>qui</span> <span class='ocrx_word' id='word_1_264' title='bbox 983 4001 1173 4079; x_wconf 88' lang='lat' dir='ltr'>detinetur</span> <span class='ocrx_word' id='word_1_265' title='bbox 1193 4002 1371 4091; x_wconf 90' lang='lat' dir='ltr'>Turonis,</span> <span class='ocrx_word' id='word_1_266' title='bbox 1403 4001 1665 4092; x_wconf 87' lang='lat' dir='ltr'>servientibus,</span> <span class='ocrx_word' id='word_1_267' title='bbox 1687 4019 1724 4078; x_wconf 91' lang='lat' dir='ltr'>et</span> <span class='ocrx_word' id='word_1_268' title='bbox 1744 4002 1864 4079; x_wconf 88' lang='lat' dir='ltr'>credit</span> 
     </span>
     <span class='ocr_line' id='line_1_29' title="bbox 449 4131 1865 4240; baseline 0 -30"><span class='ocrx_word' id='word_1_269' title='bbox 449 4135 554 4240; x_wconf 93' lang='lat' dir='ltr'>quod</span> <span class='ocrx_word' id='word_1_270' title='bbox 576 4136 664 4211; x_wconf 90' lang='lat' dir='ltr'>dicti</span> <span class='ocrx_word' id='word_1_271' title='bbox 698 4162 841 4212; x_wconf 90' lang='lat' dir='ltr'>errores</span> <span class='ocrx_word' id='word_1_272' title='bbox 870 4132 1010 4210; x_wconf 82' lang='lat' dir='ltr'>luerint</span> <span class='ocrx_word' id='word_1_273' title='bbox 1029 4132 1234 4209; x_wconf 91' lang='lat' dir='ltr'>introducti</span> <span class='ocrx_word' id='word_1_274' title='bbox 1254 4133 1294 4206; x_wconf 93' lang='lat' dir='ltr'>in</span> <span class='ocrx_word' id='word_1_275' title='bbox 1315 4131 1448 4208; x_wconf 89' lang='lat' dir='ltr'>ordine</span> <span class='ocrx_word' id='word_1_276' title='bbox 1468 4132 1515 4210; x_wconf 91' lang='lat' dir='ltr'>ab</span> <span class='ocrx_word' id='word_1_277' title='bbox 1534 4131 1609 4210; x_wconf 88' lang='lat' dir='ltr'>illis</span> <span class='ocrx_word' id='word_1_278' title='bbox 1628 4132 1693 4238; x_wconf 84' lang='lat' dir='ltr'>qui</span> <span class='ocrx_word' id='word_1_279' title='bbox 1712 4131 1865 4210; x_wconf 88' lang='lat' dir='ltr'>fuerunt</span> 
     </span>
     <span class='ocr_line' id='line_1_30' title="bbox 450 4262 1923 4370; baseline 0 -30"><span class='ocrx_word' id='word_1_280' title='bbox 450 4263 549 4341; x_wconf 91' lang='lat' dir='ltr'>ultra</span> <span class='ocrx_word' id='word_1_281' title='bbox 565 4292 683 4352; x_wconf 92' lang='lat' dir='ltr'>mare,</span> <span class='ocrx_word' id='word_1_282' title='bbox 707 4282 745 4342; x_wconf 93' lang='lat' dir='ltr'>et</span> <span class='ocrx_word' id='word_1_283' title='bbox 762 4265 867 4370; x_wconf 92' lang='lat' dir='ltr'>quod</span> <span class='ocrx_word' id='word_1_284' title='bbox 885 4263 1151 4341; x_wconf 88' lang='lat' dir='ltr'>intervenirent</span> <span class='ocrx_word' id='word_1_285' title='bbox 1175 4263 1215 4338; x_wconf 92' lang='lat' dir='ltr'>in</span> <span class='ocrx_word' id='word_1_286' title='bbox 1235 4262 1346 4339; x_wconf 88' lang='lat' dir='ltr'>dictis</span> <span class='ocrx_word' id='word_1_287' title='bbox 1361 4262 1659 4368; x_wconf 86' lang='lat' dir='ltr'>recepcionibus,</span> <span class='ocrx_word' id='word_1_288' title='bbox 1681 4264 1768 4370; x_wconf 87' lang='lat' dir='ltr'>quia</span> <span class='ocrx_word' id='word_1_289' title='bbox 1789 4291 1866 4340; x_wconf 89' lang='lat' dir='ltr'>ma·</span> <span class='ocrx_word' id='word_1_290' title='bbox 1920 4356 1923 4360; x_wconf 64' lang='lat'>,</span> 
     </span>
     <span class='ocr_line' id='line_1_31' title="bbox 448 4392 1865 4505; baseline -0.002 -34"><span class='ocrx_word' id='word_1_291' title='bbox 448 4423 544 4505; x_wconf 87' lang='lat' dir='ltr'>gnus</span> <span class='ocrx_word' id='word_1_292' title='bbox 560 4395 734 4503; x_wconf 86' lang='lat' dir='ltr'>Magister</span> <span class='ocrx_word' id='word_1_293' title='bbox 750 4411 789 4471; x_wconf 90' lang='lat' dir='ltr'>et</span> <span class='ocrx_word' id='word_1_294' title='bbox 803 4396 864 4471; x_wconf 94' lang='lat' dir='ltr'>alii</span> <span class='ocrx_word' id='word_1_295' title='bbox 885 4396 957 4471; x_wconf 88' lang='lat' dir='ltr'>hoc</span> <span class='ocrx_word' id='word_1_296' title='bbox 973 4394 1150 4470; x_wconf 90' lang='lat' dir='ltr'>dicuntur</span> <span class='ocrx_word' id='word_1_297' title='bbox 1169 4392 1283 4471; x_wconf 85' lang='lat' dir='ltr'>fuisse</span> <span class='ocrx_word' id='word_1_298' title='bbox 1295 4392 1466 4472; x_wconf 80' lang='lat' dir='ltr'>confessi.</span> <span class='ocrx_word' id='word_1_299' title='bbox 1488 4394 1601 4480; x_wconf 90' lang='lat' dir='ltr'>Item,</span> <span class='ocrx_word' id='word_1_300' title='bbox 1620 4393 1714 4469; x_wconf 92' lang='lat' dir='ltr'>dixit</span> <span class='ocrx_word' id='word_1_301' title='bbox 1727 4421 1766 4470; x_wconf 86' lang='lat' dir='ltr'>se</span> <span class='ocrx_word' id='word_1_302' title='bbox 1783 4420 1865 4469; x_wconf 42' lang='lat' dir='ltr'>&lt;cre-</span> 
     </span>
     <span class='ocr_line' id='line_1_32' title="bbox 450 4521 1861 4628; baseline -0.002 -28"><span class='ocrx_word' id='word_1_303' title='bbox 450 4525 542 4601; x_wconf 91' lang='lat' dir='ltr'>dere</span> <span class='ocrx_word' id='word_1_304' title='bbox 565 4523 818 4602; x_wconf 87' lang='lat' dir='ltr'>ecclesiasticis</span> <span class='ocrx_word' id='word_1_305' title='bbox 845 4523 1105 4610; x_wconf 89' lang='lat' dir='ltr'>sacramentis,</span> <span class='ocrx_word' id='word_1_306' title='bbox 1142 4538 1181 4599; x_wconf 89' lang='lat' dir='ltr'>et</span> <span class='ocrx_word' id='word_1_307' title='bbox 1205 4524 1310 4628; x_wconf 91' lang='lat' dir='ltr'>quod</span> <span class='ocrx_word' id='word_1_308' title='bbox 1340 4524 1403 4600; x_wconf 92' lang='lat' dir='ltr'>alii</span> <span class='ocrx_word' id='word_1_309' title='bbox 1428 4522 1561 4603; x_wconf 80' lang='lat' dir='ltr'>fratres</span> <span class='ocrx_word' id='word_1_310' title='bbox 1586 4523 1722 4600; x_wconf 89' lang='lat' dir='ltr'>eodem</span> <span class='ocrx_word' id='word_1_311' title='bbox 1746 4521 1861 4598; x_wconf 91' lang='lat' dir='ltr'>modo</span> 
     </span>
     <span class='ocr_line' id='line_1_33' title="bbox 450 4650 1862 4759; baseline -0.002 -31"><span class='ocrx_word' id='word_1_312' title='bbox 450 4656 661 4744; x_wconf 89' lang='lat' dir='ltr'>crederent,</span> <span class='ocrx_word' id='word_1_313' title='bbox 685 4671 721 4731; x_wconf 91' lang='lat' dir='ltr'>et</span> <span class='ocrx_word' id='word_1_314' title='bbox 741 4653 843 4759; x_wconf 90' lang='lat' dir='ltr'>quod</span> <span class='ocrx_word' id='word_1_315' title='bbox 859 4679 990 4727; x_wconf 92' lang='lat' dir='ltr'>eorum</span> <span class='ocrx_word' id='word_1_316' title='bbox 1011 4650 1222 4729; x_wconf 83' lang='lat' dir='ltr'>sacerdotes</span> <span class='ocrx_word' id='word_1_317' title='bbox 1243 4652 1368 4731; x_wconf 91' lang='lat' dir='ltr'>debite</span> <span class='ocrx_word' id='word_1_318' title='bbox 1384 4653 1627 4731; x_wconf 88' lang='lat' dir='ltr'>celebrarent.</span> <span class='ocrx_word' id='word_1_319' title='bbox 1645 4651 1778 4730; x_wconf 88' lang='lat' dir='ltr'>Statim</span> <span class='ocrx_word' id='word_1_320' title='bbox 1793 4678 1862 4755; x_wconf 91' lang='lat' dir='ltr'>pro</span> 
     </span>
     <span class='ocr_line' id='line_1_34' title="bbox 449 4779 1863 4888; baseline -0.002 -30"><span class='ocrx_word' id='word_1_321' title='bbox 449 4781 623 4887; x_wconf 87' lang='lat' dir='ltr'>professis</span> <span class='ocrx_word' id='word_1_322' title='bbox 642 4784 889 4869; x_wconf 91' lang='lat' dir='ltr'>habebantur,</span> <span class='ocrx_word' id='word_1_323' title='bbox 916 4797 954 4858; x_wconf 89' lang='lat' dir='ltr'>et</span> <span class='ocrx_word' id='word_1_324' title='bbox 968 4779 1106 4886; x_wconf 90' lang='lat' dir='ltr'>juravit</span> <span class='ocrx_word' id='word_1_325' title='bbox 1125 4781 1298 4859; x_wconf 88' lang='lat' dir='ltr'>ordinem</span> <span class='ocrx_word' id='word_1_326' title='bbox 1322 4810 1401 4859; x_wconf 92' lang='lat' dir='ltr'>non</span> <span class='ocrx_word' id='word_1_327' title='bbox 1421 4783 1520 4861; x_wconf 83' lang='lat' dir='ltr'>exire</span> <span class='ocrx_word' id='word_1_328' title='bbox 1540 4783 1681 4888; x_wconf 83' lang='lat' dir='ltr'>absque</span> <span class='ocrx_word' id='word_1_329' title='bbox 1708 4780 1863 4857; x_wconf 89' lang='lat' dir='ltr'>licencia</span> 
     </span>
    </p>
   </div>
   <div class='ocr_carea' id='block_1_3' title="bbox 0 0 2127 5956">
    <p class='ocr_par' dir='ltr' id='par_1_3' title="bbox 0 0 2127 5956">
     <span class='ocr_line' id='line_1_35' title="bbox 0 0 2127 5956; baseline 0 0"><span class='ocrx_word' id='word_1_330' title='bbox 0 0 2127 5956; x_wconf 95' lang='lat' dir='ltr'> </span> 
     </span>
    </p>
   </div>
  </div>
 </body>
</html>
