4268 5946
709 420 906 513 raocts
931 438 1027 512 oss
1052 437 1355 511 rrueusas.
1669 440 1744 517 aas

377 576 630 684 Similiterque
638 576 820 657 viditfieri
835 579 1094 685 recepcionem
1111 579 1270 659 aliorum
1292 576 1446 657 fratrum
1458 580 1695 661 sacerdotum
1707 602 1745 661 et

320 707 543 786 secularium
562 736 822 815 personarum,
843 709 892 787 de
910 709 1131 815 recepcione
1151 737 1313 816 quorum
1336 709 1431 786 ordo
1447 727 1484 786 et
1497 711 1601 786 modi
1620 713 1744 821 scripti

319 839 463 915 suntin
483 837 583 915 dicto
603 839 699 917 libro
719 855 944 917 statutorum
966 857 1003 917 et
1024 840 1155 947 regule
1175 839 1400 946 supradicte.
1429 841 1485 917 De
1513 841 1746 947 temporibus

320 985 444 1047 autem
458 970 687 1075 recepcionis
698 969 933 1077 aliorumqui
948 972 1086 1077 recepti
1098 970 1252 1049 luemnt
1263 990 1348 1077 post
1357 972 1617 1078 recepcionem
1630 973 1746 1080 ipsius

319 1101 384 1205 qui
404 1099 582 1205 loquitur,
606 1100 699 1177 dixit
715 1128 755 1178 se
779 1128 856 1179 non
876 1101 984 1213 plene
1008 1102 1209 1179 recordari.
1239 1103 1295 1180 De
1315 1103 1483 1206 personis
1502 1131 1590 1180 vero
1613 1132 1745 1181 sorum

319 1256 416 1335 quos
441 1230 519 1335 ipse
549 1230 641 1307 vidit
668 1231 801 1336 recipi,
836 1230 929 1309 dixit
957 1232 1063 1339 quod
1090 1232 1184 1310 vidit
1214 1233 1328 1338 recipi
1355 1232 1486 1309 [ratres
1513 1233 1747 1312 Bemardum

319 1359 507 1437 Guerrarii
529 1360 778 1465 presbiterum
793 1379 898 1449 tunc,
914 1363 1178 1468 llaymundum
1192 1364 1321 1468 Supte,
1334 1362 1547 1440 iohannem
1561 1364 1608 1441 de
1623 1364 1744 1452 Rosis,

320 1490 528 1567 iohannem
538 1490 657 1569 Coma
672 1508 761 1569 tunc
776 1493 1024 1599 presbiteros,
1042 1509 1079 1570 et
1099 1492 1230 1569 iratres
1247 1522 1349 1571 nunc
1369 1494 1512 1571 ordinis
1530 1494 1744 1599 supradicti.

320 1617 422 1695 Vidit
442 1621 561 1697 eciam
587 1619 704 1727 recipi
728 1619 861 1699 iratres
880 1621 1003 1728 laycos
1022 1621 1162 1699 milites
1181 1623 1428 1700 Bertrandum
1451 1622 1498 1699 de
1516 1620 1743 1727 Rippisaltis,

318 1748 550 1827 Bemaxdum
579 1748 627 1827 de
647 1750 831 1840 Miliaria,
852 1770 892 1829 et
912 1751 1052 1830 multos
1078 1752 1170 1828 alios
1191 1752 1328 1828 milites
1354 1770 1391 1827 et
1414 1779 1490 1829 non
1518 1750 1670 1838 milites,
1697 1752 1745 1828 de

320 1880 535 1957 nominibus
547 1908 710 1986 quorum
729 1883 821 1963 dixit
837 1910 877 1961 se
894 1911 972 1960 non
992 1882 1104 1986 plene
1123 1882 1325 1959 recordari.
1347 1882 1421 1975 Qui
1437 1881 1590 1961 fixerunt
1605 1884 1743 1987 recepti

320 2009 472 2087 diversis
500 2010 734 2114 temporibus
759 2011 806 2086 ad
831 2011 1041 2115 predictum
1066 2010 1237 2087 ordinem
1258 2012 1297 2087 in
1318 2010 1472 2087 ecclesia
1491 2010 1658 2116 predicta
1677 2039 1745 2118 per

320 2139 484 2217 diversos
508 2157 763 2247 preceptores,
790 2138 964 2217 videlicet
983 2166 1052 2246 per
1072 2140 1216 2218 dictum
1238 2140 1389 2219 fratrem
1409 2141 1673 2248 Raymundum
1696 2141 1744 2219 de

319 2272 431 2361 Baco,
450 2286 488 2347 et
507 2298 574 2375 per
593 2269 744 2347 fratrem
764 2270 1027 2377 Raymundum
1046 2270 1093 2347 de
1108 2271 1279 2358 Benaies,
1297 2286 1335 2347 et
1350 2298 1419 2376 per
1429 2270 1579 2349 fratrem
1592 2270 1679 2349 Aru.
1695 2272 1744 2348 de

319 2399 547 2489 'l'orrosslla,
562 2417 599 2477 et
613 2428 681 2508 per
698 2398 851 2479 fratrem
866 2399 913 2479 G.
925 2400 973 2479 de
988 2399 1158 2490 Abelars,
1181 2416 1219 2477 et
1235 2428 1305 2508 per
1318 2399 1469 2478 fratrem
1483 2401 1744 2508 Raymundum

319 2529 367 2607 de
387 2529 539 2619 Gordia,
562 2560 675 2636 quem
699 2528 800 2609 videt
826 2558 927 2609 nunc
950 2531 1105 2609 stridit
1129 2531 1299 2637 ejusdem
1325 2533 1462 2610 domus
1482 2549 1695 2638 presentem
1708 2550 1746 2609 et

320 2660 496 2741 ultimum
515 2678 785 2770 preceptorem.

375 2792 434 2870 Ad
452 2793 586 2873 lxxxvu
609 2793 807 2872 articulum
826 2792 1073 2901 respondeus,
1095 2793 1240 2900 negavit
1259 2792 1469 2897 pradictum
1489 2789 1686 2868 articulum
1707 2808 1746 2868 st

320 2925 445 3002 omnia
464 2942 503 3002 et
521 2923 668 3033 singula
687 2940 859 3003 contenta
877 2924 918 3001 in
938 2951 1001 3012 eo,
1028 2939 1067 3001 et
1087 2921 1181 2999 dixit
1197 2951 1237 3001 se
1262 2921 1379 3000 nichil
1405 2922 1498 2999 scire
1523 2922 1672 3026 penitus
1695 2920 1743 2999 de

320 3057 501 3134 contentis
520 3056 559 3133 in
581 3083 714 3135 conec
732 3054 898 3133 credere.

376 3187 433 3263 Ad
453 3187 601 3265 lxxxvru
620 3204 659 3265 et
678 3184 853 3263 «altimum
869 3184 1070 3263 articulum
1084 3184 1334 3290 respondens,
1356 3182 1448 3261 dixit
1460 3211 1502 3261 se
1513 3181 1657 3261 nescire
1668 3210 1744 3289 quc

319 3318 436 3422 capita
452 3317 516 3395 illa
530 3318 606 3395 sint
621 3317 669 3397 de
688 3315 827 3426 quibus
846 3316 969 3425 agitur
988 3315 1028 3393 in
1047 3314 1221 3405 articuloa
1242 3341 1312 3391 nec
1330 3341 1490 3420 usquam
1509 3342 1609 3395 nunc
1628 3314 1668 3389 iu
1683 3342 1745 3390 or-

319 3449 407 3527 dine
415 3448 565 3555 Templi
575 3477 742 3557 uuquam
757 3447 901 3526 audivit
910 3446 1140 3525 mentionem
1151 3443 1236 3523 lieri
1249 3444 1298 3522 de
1310 3445 1466 3533 eisdem,
1481 3472 1552 3521 nac
1563 3441 1625 3519 illa
1637 3444 1742 3531 vidit,

320 3608 390 3659 nec
408 3606 638 3687 quemquam
654 3579 796 3657 audivit
810 3577 1031 3683 loquentem
1050 3575 1110 3654 vel
1130 3576 1368 3653 mencionem
1388 3574 1461 3650 sibi
1475 3572 1680 3667 facientem
1695 3572 1745 3649 ds

319 3709 393 3787 illis
402 3709 584 3814 capitibus
598 3708 816 3785 maledictis.
833 3708 909 3783 Nec
926 3706 995 3783 scit
1007 3705 1073 3783 ubi
1095 3704 1161 3781 illa
1175 3705 1266 3791 sint,
1285 3731 1354 3780 nec
1372 3720 1473 3780 retm
1485 3701 1643 3791 fuerint;
1653 3729 1744 3807 ymo

318 3838 438 3917 credit
465 3837 530 3916 illa
554 3839 593 3915 in
619 3835 724 3915 nullo
748 3836 834 3915 loco
855 3833 936 3913 lore
961 3835 1000 3912 in
1018 3850 1099 3913 toto
1118 3834 1281 3920 mundo,
1303 3859 1373 3909 uec
1397 3831 1487 3910 olim
1506 3829 1620 3909 luisse
1643 3831 1743 3937 apud

318 3967 567 4077 Templarios,
587 3996 656 4046 nec
672 3966 773 4075 apud
790 3965 924 4045 fideles
942 3966 1086 4073 sliquos
1103 3966 1345 4045 Christianos.

374 4098 497 4205 Super
520 4097 602 4177 aliis
620 4126 708 4177 vero
730 4098 780 4177 de
803 4096 942 4204 quibus
961 4097 1166 4207 precipitur
1182 4095 1265 4175 lieri
1287 4094 1427 4203 [iaquisi
1451 4099 1458 4114 ‘
1485 4092 1522 4202 7]
1542 4092 1742 4202 generalis,

318 4249 431 4338 prout
445 4232 564 4308 visum
584 4230 656 4308 luit
671 4230 772 4309 dicto
785 4230 940 4308 domino
960 4229 1136 4337 episcopo
1157 4244 1194 4304 et
1212 4226 1388 4333 predictis
1452 4240 1485 4305 rt
1504 4225 1670 4304 dominis
1684 4250 1745 4301 ca-

318 4361 461 4440 nonicis
478 4379 516 4439 et
533 4360 718 4467 religiosis
731 4359 834 4451 viris,
857 4359 1128 4467 inquirentibus?
1150 4358 1288 4466 pariter
1306 4384 1393 4435 cum
1413 4355 1564 4443 eodem,
1586 4352 1745 4460 requisi·

318 4511 378 4569 tus
403 4492 497 4571 dixit
510 4519 550 4571 se
565 4490 680 4569 nichil
700 4490 861 4598 amplius
879 4489 986 4569 scire.

378 4756 417 4831 ll.
429 4756 557 4833 Frater
565 4755 699 4833 Petrus
708 4752 977 4834 bleda-ordinis
989 4750 1140 4860 Templi
1150 4769 1189 4831 et
1201 4752 1337 4831 domus
1347 4749 1465 4830 blansi
1474 4749 1546 4828 Dei
1557 4746 1737 4854 predicte,

1545 4896 1593 4958 55.
