4230 5956
648 455 843 547 raucus
868 474 964 545 oss
990 473 1302 545 ruurmnas..
1601 475 1674 547 ros

258 615 524 718 interrogatus,
545 614 779 719 respondens
799 614 891 690 dixit
910 642 948 690 se
964 613 1116 689 credere
1134 613 1318 718 predictos
1332 611 1469 689 milites
1483 630 1521 688 et
1534 614 1678 717 presbi-

257 761 358 819 teros
378 742 468 818 dicti
489 741 631 818 ordinis
651 769 776 819 coram
799 742 953 819 domino
974 758 1102 817 nostro
1128 768 1276 817 summo
1296 739 1471 845 pontifice
1497 758 1534 817 et
1553 771 1677 819 cora-m

258 873 421 951 dominis
446 871 698 949 cardinalibus
728 891 765 949 et
790 873 830 948 iu
855 871 936 979 ejus
958 872 1177 948 consistorio
1202 899 1271 974 per
1289 870 1544 976 juramentum
1565 871 1677 949 luisse

257 1001 447 1080 conlessos
467 1028 612 1078 errores
633 1003 680 1078 de
700 1002 839 1108 quibus
856 1002 893 1077 in
915 1000 1079 1077 articulis
1099 1000 1277 1105 predictis
1297 1000 1433 1105 agitur;
1454 1000 1545 1076 salso
1565 1005 1678 1081 modo

253 1153 381 1210 tamen
408 1151 446 1209 et
468 1149 596 1209 contra
619 1133 742 1209 Deum
777 1149 814 1208 et
832 1159 955 1208 veram
971 1131 1176 1237 justiciam,
1202 1159 1285 1207 curn
1311 1132 1347 1205 in
1374 1131 1506 1206 ordine
1533 1132 1678 1237 Templi

256 1291 447 1368 nunquam
477 1262 595 1339 auditi
616 1261 770 1351 fuerint,
797 1288 867 1339 nec
890 1290 1055 1367 uuquam
1079 1261 1233 1367 cogniti,
1254 1289 1507 1366 necunquam
1529 1261 1575 1337 de
1598 1263 1678 1368 ipso

255 1393 386 1470 ordine
403 1391 601 1469 manifesti.
617 1393 664 1469 Et
680 1393 752 1470 hoc
770 1392 864 1469 dixit
881 1392 934 1468 sic
950 1419 989 1468 se
1003 1392 1172 1478 credere,
1190 1409 1302 1496 prout
1322 1390 1428 1478 dixit,
1444 1390 1676 1468 salvatamen

254 1524 447 1599 sanctitate
474 1522 563 1598 dicti
584 1520 726 1599 domini
747 1522 864 1599 nostri
882 1549 977 1626 pape
998 1539 1035 1597 et
1056 1520 1293 1596 dominorum
1317 1520 1560 1597 cardinalium
1580 1550 1677 1599 reve-

254 1653 377 1727 rencia
398 1653 609 1728 ethonore.

311 1782 364 1856 Ad
386 1783 504 1859 lxxxvi
525 1781 721 1858 articulum
740 1782 939 1889 diligenter
954 1783 1217 1887 interrogatus,
1239 1782 1432 1887 respondit
1446 1782 1551 1887 quod
1565 1782 1677 1869 frater

252 1909 496 2016 Raymundus
516 1910 563 1985 de
583 1912 680 1986 Baco
702 1928 899 2015 preceptor
922 1911 1057 1988 domus
1081 1912 1199 1987 Mansi
1220 1911 1290 1986 Dei
1314 1911 1456 1987 ordinis
1476 1913 1677 2016 supradicti

251 2039 392 2144 recepit
412 2039 535 2142 ipsum
559 2040 596 2112 in
619 2039 773 2115 ecclesia
795 2038 892 2114 dicte
908 2041 1062 2126 domus,
1082 2040 1159 2145 jam
1181 2039 1257 2115 lere
1278 2038 1429 2117 luerunt
1448 2066 1566 2118 xxxvu
1587 2043 1672 2117 anni

252 2169 309 2244 vel
329 2169 422 2244 circa
438 2167 570 2272 elapsi,
587 2170 681 2244 iutra
701 2168 838 2246 festum
853 2171 968 2245 sancti
983 2170 1131 2247 Martini
1147 2187 1184 2245 et
1203 2168 1329 2246 Natale
1344 2171 1496 2247 Domini
1506 2172 1672 2275 proxime

251 2299 487 2402 preteritum,
511 2298 747 2403 presentibus
771 2301 882 2376 Petro
909 2299 956 2376 de
981 2299 1306 2405 Camporotundo,
1333 2301 1501 2378 lohanne
1527 2304 1670 2407 Troym

251 2426 412 2505 Arnaldo
426 2429 550 2505 Rocba
566 2428 790 2517 cambrerio‚
813 2429 1013 2507 deffuuctis
1032 2458 1146 2515 nunc,
1166 2446 1202 2505 et
1217 2430 1380 2506 lordono
1396 2430 1444 2506 de
1459 2430 1672 2509 Pulcrovisu

252 2557 425 2634 fratribus
445 2557 543 2634 dicte
564 2557 716 2645 domus,
739 2577 777 2636 et
796 2558 878 2636 aliis
896 2560 1024 2637 multis
1044 2559 1218 2636 fratribus
1239 2560 1327 2636 dicti
1342 2560 1492 2637 ordinis.
1512 2563 1596 2653 Que
1612 2590 1673 2639 au·

251 2704 327 2761 tem
354 2686 589 2775 observancia
618 2707 655 2764 et
682 2688 768 2794 quis
790 2689 926 2766 modus
955 2718 1021 2766 sue
1050 2689 1279 2794 recepcionis
1304 2689 1389 2776 luit,
1420 2689 1512 2765 dixit
1536 2717 1575 2767 se
1594 2717 1670 2767 non

252 2817 436 2893 recordari
464 2817 591 2920 plene;
624 2846 709 2895 curn
730 2819 777 2895 sit
796 2847 907 2895 senex
928 2836 966 2894 et
989 2847 1137 2922 semper
1160 2817 1309 2895 deditus
1332 2820 1411 2894 ruri
1439 2836 1476 2894 et
1502 2819 1669 2897 custodie

252 2946 468 3023 animalium
489 2947 587 3024 dicte
607 2949 753 3025 domus.
777 2950 917 3025 lterum
938 2977 1003 3024 sue
1022 2949 1228 3054 ignorantie
1250 2966 1304 3024 est
1323 2948 1446 3053 lapsus
1460 2949 1668 3052 longissimi

249 3078 429 3182 temporis
448 3078 634 3155 antedicti.
1730 3066 1735 3073 ¹

306 3206 364 3282 Ad
387 3207 536 3295 lxxxvii,
563 3208 708 3286 lxxxvur
729 3224 767 3285 et
789 3207 966 3286 ultimum
987 3209 1184 3285 articulum
1206 3209 1405 3315 diligenter
1423 3225 1460 3285 et
1480 3208 1667 3313 sigillatim

250 3338 513 3442 interrogatus,
542 3338 773 3444 respondens
792 3337 938 3442 negavit
952 3337 1052 3442 ipsos
1075 3337 1249 3415 articulos
1269 3355 1307 3413 et
1321 3338 1449 3414 omnia
1468 3355 1506 3414 et
1525 3338 1667 3443 singula

250 3483 419 3543 contenta
440 3467 478 3541 iu
500 3467 564 3542 eis.
586 3469 837 3573 Interrogatus
851 3467 881 3545 si
901 3495 974 3572 qua
994 3467 1104 3544 vellet
1120 3466 1258 3543 addere
1274 3468 1330 3542 vel
1345 3486 1488 3544 mutare
1503 3486 1567 3543 aut
1580 3496 1668 3544 con-

248 3596 346 3671 fiteri
361 3618 435 3701 que
454 3613 583 3699 negata
598 3614 686 3673 sunt
704 3625 723 3670 a
744 3624 784 3671 se
803 3597 1012 3674 secundum
1031 3597 1238 3681 veritatem,
1260 3613 1384 3670 tamen
1406 3595 1498 3671 dixit
1516 3623 1555 3670 se
1575 3596 1667 3671 velle

248 3724 445 3827 persistere
466 3725 503 3797 in
519 3723 732 3799 consessatis
751 3750 828 3797 ase
846 3724 1018 3827 superius
1034 3742 1071 3799 et
1085 3723 1238 3828 negatis.

306 3855 427 3955 Super
455 3851 536 3928 aliis
555 3879 641 3927 vero
666 3851 932 3928 coherentibus
955 3869 993 3928 et
1011 3851 1303 3928 circumstanciis
1323 3853 1370 3928 de
1390 3853 1527 3957 quibus
1545 3854 1664 3929 visum

248 3962 319 4057 suit
335 3981 620 4088 inquisitoribus
639 3982 779 4088 requiri
799 3998 836 4058 et
848 3983 1075 4090 interrogare
1092 3982 1230 4059 dobere
1243 3983 1445 4086 requisitus
1461 4000 1497 4059 et
1509 3983 1665 4059 interro-

247 4127 355 4219 gatus
375 4110 583 4218 diligenter,
602 4111 710 4219 plura
729 4138 806 4199 nou
827 4111 990 4200 addidit,
1011 4112 1099 4218 quia
1120 4140 1159 4188 se
1180 4113 1321 4188 nescire
1340 4111 1445 4217 plura
1465 4112 1566 4189 dixit.

304 4375 413 4451 Anno
432 4393 469 4452 et
487 4376 549 4452 die
569 4376 708 4482 quibus
726 4405 849 4485 supra.

304 4504 396 4580 XIX.
431 4506 558 4582 Frater
581 4506 737 4611 Egidins
770 4506 818 4583 de
854 4506 973 4585 Vilert
1003 4508 1146 4583 ordinis
1170 4507 1259 4582 dicti
1288 4507 1435 4611 Templi
1463 4523 1501 4581 et
1530 4505 1665 4581 domus

248 4633 366 4709 Mansi
386 4635 472 4723 Dei,
489 4637 594 4713 testis
608 4637 754 4743 juratus
768 4638 815 4714 ad
834 4652 959 4714 sancta
976 4637 1046 4714 Dei
1065 4636 1256 4742 Evangelia
1277 4665 1387 4740 super
1409 4635 1588 4740 predictis
1608 4664 1665 4710 ar-

124 4814 126 4818 ‚
246 4763 372 4840 ticulis
392 4784 429 4842 et
449 4793 579 4843 eorum
601 4766 771 4872 quolibet
794 4766 864 4845 sibi
892 4767 1065 4873 expositis
1087 4768 1126 4843 in
1145 4766 1300 4873 vulgari,
1322 4784 1364 4843 ut
1382 4765 1595 4872 principalis
1615 4765 1662 4841 de
