4230 5956
418 485 489 557 res
788 458 985 551 rnoccs
1015 475 1113 548 ons
1144 473 1453 547 rnurnmns.

367 582 377 608 ο
413 620 592 701 revelaret
609 619 706 695 hanc
727 644 832 693 suam
854 614 1154 722 deposicionem,
1182 642 1382 720 quousque
1408 612 1661 693 attestaciones
1686 608 1828 696 fuerint

441 751 613 830 ublicote.

414 780 440 857 p
469 880 579 967 ltem,
609 877 702 955 dixit
727 878 851 985 quod,
878 904 964 953 cum
990 891 1087 951 esset
1111 891 1281 980 gravatus
1307 873 1463 962 debitis,
1490 875 1595 954 dedit
1616 904 1656 953 se
1675 893 1712 952 et
1729 877 1829 954 bona

414 1035 501 1097 sua,
522 1036 596 1114 que
617 1025 722 1084 erant
740 1007 838 1083 bene
857 1004 991 1081 valoris
1009 1004 1115 1080 mille
1135 1003 1318 1080 librarum
1332 1004 1629 1096 Turonensium,
1649 1004 1749 1084 dicto
1771 1037 1831 1085 or-

416 1138 513 1228 dini,
536 1156 720 1214 ettamen
747 1137 840 1215 ordo
869 1151 998 1240 postea
1024 1163 1101 1211 non
1128 1133 1305 1210 satisfecit
1331 1133 1579 1213 creditoribus
1602 1135 1698 1228 suis,
1725 1137 1830 1242 quod

415 1269 496 1376 ipse
515 1270 633 1357 scivit,
655 1269 783 1345 dicens
803 1295 842 1342 se
862 1265 1015 1341 credere
1041 1264 1145 1369 quod
1172 1292 1249 1341 non
1273 1262 1502 1369 recepissent
1524 1292 1611 1342 eum
1634 1265 1673 1341 in
1699 1265 1831 1343 ordine

417 1400 488 1478 nisi
509 1398 673 1477 dedisset
691 1398 790 1475 bona
812 1423 890 1472 sua.

472 1660 600 1738 Frater
624 1664 754 1738 Potrus
779 1662 826 1737 de
853 1662 998 1768 [tanoys
1021 1663 1202 1750 serviens,
1229 1661 1487 1739 Maeloviensis
1517 1659 1695 1749 diocesis,
1726 1663 1831 1738 testis

417 1818 529 1897 supra
548 1792 712 1898 juratus,
739 1791 1054 1899 quadragenarius
1072 1791 1130 1867 vel
1150 1792 1260 1881 circa,
1287 1790 1507 1868 mantellum
1532 1790 1675 1867 ordinis
1695 1808 1731 1867 et
1749 1790 1833 1867 bar·

416 1920 504 1997 bam
524 1920 730 2005 dellerens,
753 1949 839 1996 cum
859 1949 936 2026 quo
955 1920 1177 2027 inquisitum
1197 1920 1338 2010 luerat,
1361 1919 1553 1997 absolutus
1568 1937 1607 1996 et
1620 1920 1834 1996 reconcilia-

293 2082 295 2086 ⁴
416 2067 479 2127 tus
501 2079 569 2156 per
597 2049 792 2127 officialem
819 2050 1091 2141 Pictavensem,
1120 2053 1393 2154 protestacione
1421 2050 1597 2155 premissa
1623 2051 1728 2155 quod
1757 2078 1833 2126 non

417 2178 580 2255 intendit
600 2180 773 2256 recedere
794 2208 814 2253 a
834 2178 1073 2284 deposicione
1094 2207 1161 2283 per
1182 2205 1270 2255 eum
1288 2176 1382 2255 facta
1402 2207 1526 2255 coram
1546 2178 1648 2255 dicto
1667 2177 1831 2265 officiali,

417 2307 522 2383 lectis
555 2323 592 2382 et
620 2306 818 2412 diligenter
838 2307 1012 2413 expositis
1038 2308 1110 2385 sibi
1137 2307 1314 2386 omnibus
1339 2323 1376 2384 et
1394 2307 1551 2415 singulis
1570 2308 1753 2397 articulis,
1777 2337 1834 2383 re-

419 2435 573 2542 spondit
595 2436 699 2541 quod
721 2437 870 2512 nullum
898 2437 1016 2513 alium
1041 2438 1184 2515 viderat
1202 2438 1317 2543 recipi
1346 2437 1386 2512 in
1396 2437 1552 2524 ordine,
1578 2465 1648 2514 nec
1665 2422 1834 2514 adfuerat

417 2565 653 2675 generalibus
672 2566 841 2672 capitulis
862 2568 1100 2658 eorumdem,
1125 2569 1228 2645 unde
1245 2567 1449 2656 nesciebat,
1469 2568 1743 2657 neccredebat,
1764 2597 1834 2644 nec

418 2697 607 2775 audiverat
626 2697 699 2774 dici
716 2696 763 2773 de
779 2698 963 2775 contentis
979 2699 1018 2774 in
1034 2698 1088 2775 eis
1103 2699 1175 2776 nisi
1195 2698 1300 2805 quod
1319 2698 1508 2804 sequitur:
1524 2698 1628 2776 Dixit
1639 2727 1776 2807 nempe
1795 2729 1834 2776 se

419 2826 538 2906 fuisse·
552 2845 744 2933 receptum
764 2830 803 2904 in
824 2829 963 2935 capella
982 2828 1118 2906 domus
1133 2829 1283 2935 Templi
1304 2829 1351 2905 de
1371 2826 1565 2935 Lannoys,
1585 2829 1680 2906 circa
1699 2828 1834 2907 festum

419 2955 602 3035 Omnium
627 2959 848 3035 Sanctorum
877 2958 1046 3063 proximo
1072 2958 1291 3064 preteritum
1314 2957 1468 3035 luerunt
1493 2956 1638 3035 circiter
1656 2985 1720 3036 xm
1746 2961 1833 3035 anni

419 3112 487 3190 per
512 3083 662 3162 fratrem
698 3090 850 3164 Petrum
876 3089 923 3165 de
943 3089 1145 3167 Villaribus
1175 3088 1333 3165 militem
1363 3087 1570 3195 quondam,
1596 3088 1834 3195 presentibus

419 3212 596 3292 fratribus
615 3219 772 3322 Hugone
788 3220 933 3296 Ponhet
943 3218 992 3294 de
1006 3217 1195 3309 Alvernia,
1211 3246 1326 3324 quem
1343 3218 1462 3295 credit
1475 3216 1609 3306 vivere,
1631 3217 1835 3296 Guillelmo

420 3344 546 3419 battan
563 3362 599 3420 et
615 3346 783 3421 iohanne
803 3347 849 3423 de
866 3349 1056 3453 Fangcriis
1069 3347 1332 3436 servientibus,
1353 3346 1568 3435 deffunctis,
1584 3348 1624 3424 in
1640 3349 1742 3425 hunc
1757 3379 1837 3427 mo-

421 3473 512 3549 dum
530 3506 541 3550 ε
561 3504 647 3551 nam
667 3506 751 3553 cum
778 3479 956 3555 instanter
981 3479 1232 3585 requisivisset
1256 3507 1276 3554 n
1299 3478 1400 3554 dicto
1424 3493 1616 3583 receptore
1640 3507 1777 3585 panem
1800 3497 1837 3555 et

419 3632 553 3712 aquam
564 3607 721 3696 ordinis,
745 3627 780 3686 et
801 3610 835 3685 ei
856 3611 1113 3696 concessisset,
1137 3626 1174 3685 et
1195 3608 1425 3715 prescivisset
1439 3607 1487 3683 ab
1506 3634 1552 3683 eo
1572 3637 1640 3714 per
1649 3610 1837 3716 juramen-

418 3753 499 3812 tum
520 3738 624 3844 quod
639 3768 715 3816 non
735 3758 812 3816 erat
822 3741 1082 3828 matrimonio,
1100 3739 1203 3816 alteri
1223 3738 1412 3846 religioni,
1434 3737 1490 3815 vel
1510 3738 1646 3815 debitis
1665 3766 1742 3844 que
1760 3765 1837 3813 non

417 3885 544 3971 posset
567 3870 708 3946 solvere
733 3870 936 3975 obligatus,
965 3898 1035 3946 nec
1058 3870 1220 3946 habebat
1239 3867 1496 3945 infirmitatem
1521 3868 1721 3954 latentem,
1747 3866 1835 3942 lecit

418 4023 507 4074 eum
526 4026 656 4075 vovere
677 4016 715 4075 et
732 3999 859 4105 jurare
880 4000 1102 4087 castitatem,
1124 3999 1402 4088 obedienciam,
1425 3998 1548 4075 vivere
1568 3998 1648 4074 sine
1667 3996 1832 4101 proprio,

418 4150 560 4202 servare
578 4128 698 4206 bonos
717 4158 808 4206 usus
827 4147 865 4206 et
884 4130 1001 4207 bonas
1026 4129 1320 4207 consuetudines
1346 4127 1511 4219 ordinis,
1541 4145 1580 4205 ot
1597 4126 1744 4233 juvaret
1765 4154 1835 4233 pro

418 4282 526 4361 posse
553 4285 622 4333 suo
644 4258 693 4334 ad
711 4260 984 4366 acquirendum
1002 4263 1159 4337 Terram
1181 4276 1364 4346 sanctam,
1388 4275 1425 4334 et
1444 4257 1621 4364 imposito
1640 4255 1713 4333 sibi
1733 4283 1836 4332 man-

417 4387 527 4475 tello,
555 4405 725 4494 receptor
752 4407 789 4466 et
815 4408 974 4467 astantes
1000 4391 1154 4467 osculati
1180 4390 1335 4467 fuerunt
1359 4417 1445 4466 eum
1470 4388 1510 4465 in
1539 4416 1615 4465 ore.
1646 4388 1734 4463 Post
1762 4415 1836 4492 que

417 4517 518 4595 idem
539 4539 709 4627 receptor
727 4520 894 4625 precepit
914 4522 1036 4598 eidem
1056 4522 1162 4613 testi,
1184 4523 1223 4598 in
1240 4520 1432 4627 presencia
1451 4519 1631 4608 aliorum,
1653 4516 1759 4624 quod
1772 4516 1836 4592 ab·

312 4644 318 4654 '
418 4667 569 4754 negaret
592 4654 651 4726 ter
677 4652 850 4740 lhesum,
881 4668 918 4727 et
943 4650 1022 4755 ipse
1048 4651 1153 4728 testis
1178 4652 1373 4758 abnegavit
1397 4669 1456 4728 ter
1482 4650 1638 4726 lhesum
1665 4675 1730 4724 ore
1756 4672 1834 4722 non

419 4776 549 4865 corde,
581 4796 624 4854 ut
653 4780 755 4857 dixit.
787 4780 1033 4856 Postmodum
1062 4781 1228 4886 precepit
1258 4779 1292 4856 ei
1322 4779 1428 4886 quod
1456 4795 1610 4887 spueret
1637 4794 1695 4855 ter
1721 4800 1836 4879 super
