4230 5956
474 445 547 518 arn
858 427 1055 518 enocts
1080 441 1177 516 nes
1204 442 1507 514 reuertens

528 581 1803 690 Adlxxxvrarticuluminterrugatus,dixitscluiaserccept1min
1824 582 1910 658 tn-

472 736 568 792 trem
593 716 683 792 dicti
707 713 854 790 ordinis
879 716 1027 820 Templi
1052 743 1121 822 per
1139 713 1292 790 fratrem
1312 713 1575 820 Raymundnm
1599 711 1650 787 dc
1673 713 1773 790 Bm
1806 729 1911 791 tunc

473 863 730 952 preceptorem
744 843 881 921 domus
895 846 1012 921 Mansi
1025 846 1114 933 Dei,
1128 845 1167 920 in
1181 843 1336 921 ecdesia
1349 845 1468 949 ipsius
1478 842 1631 930 domus,
1653 841 1721 918 ubi
1732 842 1815 948 ipse
1828 845 1906 950 qni

474 978 642 1084 loquitur
649 975 843 1052 viditalios
850 974 979 1081 plures
991 975 1106 1080 recipi
1120 976 1219 1053 ultra
1228 1003 1343 1081 quarn
1357 976 1491 1051 decem
1502 974 1807 1079 atemporeu'tra
1817 1003 1906 1081 quo

473 1107 592 1184 lactus
613 1127 671 1183 est
687 1106 798 1184 trater
816 1108 933 1211 ipsius
949 1106 1108 1195 ordinis3
1129 1124 1168 1182 et
1182 1105 1254 1182 luit
1269 1123 1442 1212 receptus
1454 1106 1495 1183 in
1508 1105 1574 1181 dic
1584 1104 1783 1181 Dominicn
1800 1105 1908 1180 circa

472 1237 610 1316 festum
624 1239 739 1315 sancti
759 1238 908 1313 Martini
927 1239 1094 1342 proxime
1112 1237 1280 1344 preter-iti
1296 1236 1453 1313 fuerunt
1470 1261 1563 1312 xxxv
1586 1235 1672 1310 anni
1696 1234 1755 1311 rel
1781 1233 1907 1319 circa.

474 1369 709 1473 presentibus
719 1385 757 1443 et
766 1368 909 1444 ibidem
919 1368 1122 1445 manchus
1130 1366 1293 1444 Amaldo
1304 1368 1431 1444 llocba
1442 1365 1665 1469 cambrerio,
1673 1365 1907 1470 llaymundo

473 1499 642 1604 Sequeti,
657 1499 828 1575 Iohanne
846 1499 1016 1603 Sequeti‚
1033 1499 1199 1604 Symone
1211 1500 1313 1604 Agus
1320 1555 1444 1575 .....
1464 1497 1576 1572 l’etro
1588 1493 1845 1573 deVrllauora
1865 1514 1908 1570 et

473 1630 646 1735 pluribus
663 1629 746 1704 aliis
759 1627 937 1704 fratribus
954 1628 1098 1705 ordinis
1117 1629 1207 1704 dicti
1224 1627 1386 1734 Templi.
1398 1629 1457 1704 De
1475 1626 1593 1702 modo
1607 1643 1735 1702 autem
1751 1654 1824 1703 sne
1839 1654 1908 1702 re·

473 1761 659 1864 cepcionis
676 1776 716 1835 et
733 1758 890 1835 aliorum
909 1785 1007 1865 quos
1023 1759 1139 1864 recipi
1155 1758 1249 1834 vidit
1267 1759 1306 1833 in
1325 1756 1456 1833 fratres
1469 1757 1509 1832 in
1527 1756 1626 1832 dicta
1643 1755 1762 1833 domo
1776 1755 1902 1833 tram

473 1889 561 1980 Dei,
578 1890 672 1966 dixit
684 1889 787 1966 idem
800 1890 840 1964 in
852 1889 1031 1966 omnibus
1046 1889 1086 1964 in
1100 1888 1237 1964 effectu
1249 1888 1354 1993 quod
1371 1887 1516 1992 primus
1533 1888 1638 1963 testis
1660 1885 1838 1991 deposuit
1861 1888 1903 1961 in

474 2021 609 2097 eodem
627 2019 799 2105 articulo,
823 2037 862 2096 et
880 2038 923 2095 ut
939 2020 1151 2096 continetur
1171 2019 1210 2093 in
1228 2015 1326 2094 libro
1344 2017 1510 2093 exhibito
1525 2016 1658 2123 regule
1676 2016 1824 2093 ordinis
1843 2047 1904 2094 su

474 2152 643 2255 predicti.
1398 2176 1408 2189 ·

531 2282 589 2356 Ad
618 2281 751 2358 lxxxrrr
774 2299 815 2358 et
836 2280 985 2358 lxxxvru
1007 2297 1047 2356 et
1067 2279 1244 2356 ultimum
1270 2278 1448 2356 articulos
1472 2276 1720 2383 respondens,
1740 2276 1838 2353 dixit
1859 2309 1902 2354 se

475 2437 549 2486 uon
571 2409 725 2488 credere
746 2437 893 2487 errores
914 2409 964 2485 de
987 2410 1127 2515 quibus
1144 2411 1267 2516 agitur
1287 2411 1326 2486 in
1345 2410 1488 2486 eisdem
1504 2436 1700 2515 nunquam
1718 2407 1902 2485 babuisse

475 2541 628 2617 inicium
647 2541 695 2617 ab
719 2541 876 2617 bomine
891 2540 1120 2627 Christiano,
1142 2568 1213 2618 nec
1232 2541 1280 2618 ab
1303 2540 1429 2646 aliquo
1447 2539 1538 2628 alio;
1566 2540 1658 2646 quia
1674 2566 1750 2617 nou
1774 2541 1901 2616 credit

475 2670 595 2746 dictos
614 2699 759 2748 errores
781 2671 908 2776 aliquo
929 2688 1098 2776 tempore
1127 2670 1241 2748 fuisse
1264 2671 1445 2747 comissos
1467 2696 1539 2746 nec
1561 2698 1584 2746 a
1607 2667 1787 2747 nauibus
1803 2668 1900 2747 dicti

474 2801 641 2907 Templi,
662 2829 733 2879 uec
750 2803 868 2878 eciam
884 2830 907 2878 a
924 2830 1177 2908 quocumque.
1195 2801 1326 2908 Capita
1340 2819 1466 2877 autern
1480 2800 1540 2877 rel
1556 2799 1672 2907 ydola
1687 2800 1736 2876 dc
1755 2800 1901 2905 qufflus

474 2935 598 3038 agitur
610 2934 649 3007 in
665 2933 776 3010 dictis
789 2932 953 3011 articulis
969 2961 1039 3009 nec
1056 2932 1164 3019 vidit,
1178 2960 1249 3009 nec
1266 2932 1371 3008 scirit
1386 2930 1623 3037 temporibus
1635 2931 1710 3006 rite
1721 2957 1809 3019 suc,
1826 2958 1898 3006 nec

474 3090 703 3167 quemquam
723 3062 1022 3140 confratrem'vel
1041 3063 1155 3140 alium
1174 3064 1222 3140 de
1236 3064 1307 3152 eis,
1325 3062 1392 3138 ubi
1411 3063 1488 3138 sint
1505 3060 1562 3137 vel
1581 3060 1736 3146 suaint,
1753 3058 1900 3135 audivit

474 3190 690 3294 loquentem
707 3217 779 3266 ucc
794 3193 1029 3268 mencionem
1049 3191 1212 3298 aliquam
1229 3192 1442 3280 facientem
1456 3221 1544 3298 ymo
1562 3209 1673 3298 ngat
1689 3191 1839 3295 penitus
1857 3207 1897 3265 et

475 3340 549 3394 non
564 3319 684 3394 credit
698 3319 861 3423 predicta
881 3339 1051 3396 contenta
1066 3323 1103 3397 in
1123 3323 1289 3399 articulis
1301 3322 1380 3398 lore
1395 3350 1493 3399 vera.
1506 3323 1629 3426 Super
1643 3319 1724 3396 aliis
1742 3347 1832 3396 rem
1849 3320 1900 3395 de

474 3448 614 3554 quibus
628 3451 831 3554 precipitur
847 3449 927 3525 lieri
948 3453 1140 3556 inquisitio
1149 3452 1348 3560 generalis,
1364 3471 1476 3557 prout
1490 3454 1608 3527 visum
1625 3449 1697 3526 lixit
1713 3449 1817 3524 dicto
1834 3450 1900 3524 do

474 3582 576 3657 mino
589 3581 764 3686 episcopo
778 3581 945 3667 Elnensi‚
959 3599 997 3656 et
1011 3582 1185 3687 predictis
1197 3583 1279 3659 aliis
1291 3583 1455 3658 dominis
1467 3581 1651 3658 canonicis
1660 3598 1697 3656 et
1708 3578 1900 3682 religiosis

473 3714 560 3787 viris
575 3712 850 3818 inquirentibus
869 3714 1004 3816 pariter
1018 3742 1103 3788 cum
1122 3713 1276 3793 eodem.
1293 3715 1494 3819 requisitus
1515 3713 1603 3789 dixit
1623 3740 1663 3788 se
1682 3707 1796 3785 nichil
1811 3735 1898 3784 aru-

473 3842 573 3945 plius
592 3843 697 3918 scire.

531 3976 638 4049 ¹luno
652 4003 729 4078 quo
742 4004 870 4077 supra,
888 4002 959 4050 xrrr
976 3974 1147 4050 kalendas
1165 3974 1354 4052 februarii.

530 4234 604 4308 llll.
627 4237 754 4310 Frater
767 4236 975 4313 Bernardus
992 4238 1182 4315 Guerrerii
1204 4237 1346 4313 ordinis
1364 4237 1452 4312 dicti
1481 4235 1645 4340 Templi,
1671 4253 1709 4311 et
1736 4234 1904 4339 capella-

474 4392 544 4441 nus
556 4363 697 4470 cspelle
710 4365 847 4442 domus
862 4368 979 4443 Mansi
992 4368 1078 4453 Dei,
1095 4369 1258 4473 juratus,
1279 4385 1322 4442 ut
1336 4366 1549 4471 principalis
1562 4365 1611 4442 de
1624 4394 1664 4441 se
1681 4366 1783 4471 ipso,
1800 4385 1843 4441 et
1857 4385 1900 4440 ut

473 4497 576 4571 testis
600 4496 649 4571 de
668 4495 764 4582 aliis,
781 4526 895 4600 super
914 4497 1075 4572 articulis
1097 4524 1211 4602 super
1228 4498 1366 4603 quibus
1384 4496 1675 4603 interrogabitur
1687 4494 1843 4601 plenam
1860 4515 1899 4571 et

474 4653 603 4728 puram
615 4627 740 4704 dicere
760 4629 965 4713 veritatem,
988 4627 1080 4704 dixit
1100 4646 1139 4705 et
1154 4629 1329 4735 deposuit
1348 4646 1388 4704 ut
1409 4630 1604 4734 sequitur:

531 4754 712 4857 Expositis
731 4760 853 4861 primo
875 4759 946 4834 sibi
965 4758 1128 4835 articulis
1147 4762 1185 4834 in
1205 4759 1361 4864 vulgari,
1382 4760 1431 4836 ad
1450 4760 1630 4865 primum,
1658 4784 1786 4833 rr-·xv
1807 4760 1901 4833 arti-
