4230 5956
454 422 533 497 ιιο
845 396 1040 489 esoces
1065 415 1161 487 uss
1186 412 1486 485 respersas.

458 578 578 666 gatus,
601 557 792 663 respondit
817 575 855 632 et
883 557 973 633 dixit
1002 555 1109 661 plura
1128 555 1270 631 nescire
1292 582 1360 629 nec
1384 552 1537 628 credere
1565 581 1680 657 quam
1706 553 1885 656 deposuit

458 692 497 767 in
516 688 669 793 singulis
688 686 852 764 articulis
870 687 1103 791 supradictis.

513 952 620 1027 Anno
641 977 716 1053 quo
737 976 846 1053 supra
867 975 901 1023 xv
923 946 1095 1024 kalendas
1117 946 1309 1024 februarii.

515 1084 573 1156 xl.
606 1082 731 1154 Frater
759 1078 998 1182 Raymnndus
1028 1078 1074 1153 de
1103 1077 1221 1154 Vilert
1250 1075 1395 1152 ordinis
1424 1074 1575 1179 Templi
1599 1073 1736 1150 domus
1760 1074 1881 1150 Mansi

458 1214 538 1297 Dei,
557 1211 660 1287 testis
675 1209 822 1313 juratus
842 1208 887 1284 ad
905 1224 1030 1284 sancta
1039 1209 1109 1285 Dei
1123 1208 1318 1313 Evangelia
1334 1235 1446 1311 super
1466 1205 1644 1312 predictis
1660 1205 1828 1282 articulis
1842 1223 1881 1282 et

459 1370 589 1419 eorum
606 1339 775 1445 quolibet
791 1339 861 1415 sibi
880 1340 1055 1446 expositis
1075 1341 1114 1415 in
1135 1339 1291 1446 vulgari,
1312 1356 1355 1414 ut
1374 1337 1588 1444 principalis
1604 1336 1651 1411 de
1671 1364 1710 1413 se
1723 1337 1821 1442 ipso,
1843 1354 1882 1412 et

460 1491 499 1548 nt
519 1472 623 1547 testis
638 1470 685 1563 de
705 1470 803 1558 aliis,
822 1470 1021 1578 diligenter
1032 1487 1070 1546 et
1081 1469 1268 1576 sigillatim
1289 1470 1557 1574 interrogatus,
1579 1466 1813 1573 respondens
1832 1467 1882 1542 ad

373 1663 379 1676 .
459 1604 639 1705 primum,
658 1628 822 1677 n—-xxrx
837 1601 1010 1678 articulos
1023 1601 1216 1692 inclusive,
1234 1601 1380 1707 negavit
1392 1601 1493 1705 ipsos
1508 1598 1682 1675 articulos
1696 1616 1735 1674 et
1749 1599 1880 1674 omnia

458 1749 495 1807 et
508 1731 652 1837 singula
672 1750 845 1808 contenta
865 1734 903 1808 in
919 1734 988 1820 eis,
1012 1734 1138 1809 dicens
1158 1761 1198 1810 se
1219 1733 1371 1809 credere
1394 1731 1552 1807 firmiter
1565 1728 1686 1806 lilium
1714 1729 1783 1805 Dei
1804 1730 1881 1805 Do

458 1863 600 1939 minum
632 1863 786 1939 Jhesum
816 1862 1008 1940 Christum
1032 1862 1145 1941 luisse
1171 1861 1387 1939 crucifixum
1412 1879 1449 1938 et
1473 1889 1623 1966 passum
1644 1887 1713 1964 pro
1733 1859 1883 1935 redem-

457 1994 590 2098 pcione
608 1993 761 2071 humani
777 1995 938 2100 generis,
953 2022 1029 2070 non
1046 2021 1114 2097 pro
1133 1994 1294 2098 peccatis
1307 2020 1376 2069 nec
1390 2020 1459 2096 pro
1474 1990 1678 2069 sceleribus
1689 1991 1777 2076 suis,
1793 2019 1883 2066 curn

458 2153 650 2228 nunquam
665 2125 869 2227 peccaverit
884 2152 952 2200 nec
967 2122 1076 2201 dolus
1090 2123 1203 2200 fuerit
1221 2124 1260 2199 in
1273 2123 1426 2211 eodem,
1445 2150 1640 2227 perquem
1656 2120 1781 2198 solum
1800 2122 1882 2224 ipse

457 2252 622 2342 firmiter,
652 2271 690 2330 et
721 2255 822 2330 idem
848 2255 966 2331 crodit
992 2254 1040 2331 de
1064 2254 1147 2330 aliis
1178 2253 1353 2332 fratribus
1386 2253 1555 2360 ejusdem
1586 2253 1747 2338 ordinis,
1774 2281 1883 2356 spem

457 2382 570 2459 hahet
587 2402 623 2459 ct
638 2413 786 2488 semper
802 2383 932 2459 babuit
951 2384 1161 2461 salvationis
1178 2384 1362 2461 habende.

513 2512 687 2589 Adiciens
712 2513 816 2619 quod
841 2513 919 2618 ipse
944 2529 983 2589 et
1000 2515 1112 2589 ceteri
1139 2512 1268 2591 fratres
1294 2515 1463 2620 ejusdcm
1485 2515 1629 2592 ordinis
1649 2515 1805 2590 adorant
1830 2513 1883 2588 ob

457 2644 705 2721 reverenciam
722 2640 885 2721 crucifixi
904 2663 942 2719 et
960 2644 1209 2721 reverenciam
1232 2644 1409 2721 exhibent
1430 2645 1499 2750 ipsi
1519 2646 1618 2721 cruci
1639 2661 1697 2720 ter
1720 2645 1759 2719 in
1780 2671 1882 2719 anno

457 2773 640 2879 quolibet,
667 2773 838 2852 videlicet
858 2775 895 2849 in
917 2773 977 2850 die
1003 2774 1158 2851 Veneris
1180 2791 1303 2850 sancta
1330 2790 1367 2850 et
1392 2775 1429 2850 in
1449 2774 1602 2851 duobus
1626 2774 1729 2852 lestis
1745 2775 1882 2852 Sancte

457 2905 585 2982 Crucis
615 2906 801 2983 mensium
833 2905 920 2982 maii
942 2922 979 2981 ct
1005 2905 1242 3011 septembris,
1264 2904 1314 2982 ob
1339 2905 1444 3010 cujus
1464 2905 1647 2982 honorem
1670 2905 1788 2980 ceiam
1808 2905 1881 3009 ipsi

458 3034 588 3113 fratres
600 3054 748 3140 portant
767 3038 806 3110 in
832 3037 909 3111 suis
932 3035 1153 3114 clamidibus
1171 3063 1318 3113 crucem
1345 3037 1502 3113 rubeam
1530 3036 1577 3112 ad
1605 3034 1881 3140 designandum

458 3164 665 3240 elusionem
686 3166 875 3270 sanguinis
890 3165 1028 3269 proprii
1049 3194 1161 3269 quem
1181 3164 1352 3242 Christus
1370 3168 1555 3244 Dominus
1576 3165 1695 3244 eludit
1715 3167 1752 3239 in
1767 3195 1881 3241 cruce

459 3322 525 3397 pro
546 3311 670 3370 nostra
690 3295 817 3370 salute.

514 3424 668 3499 Addidit
682 3451 832 3529 quoqne
846 3453 884 3500 se
901 3424 1064 3512 credere,
1083 3441 1120 3500 et
1134 3425 1236 3501 idem
1254 3428 1373 3503 credit
1389 3427 1436 3504 de
1452 3431 1584 3506 ceteris
1599 3428 1775 3504 fratribus
1788 3429 1880 3504 dieti

458 3555 613 3643 ordinis,
627 3555 749 3632 omnia
763 3557 1002 3632 ecclesiastiea
1016 3574 1250 3647 sacramenta,
1266 3576 1377 3662 prout
1391 3577 1511 3635 sancta
1522 3561 1591 3636 Dei
1604 3560 1763 3634 Ecclesia
1777 3578 1882 3637 tenet

458 3703 495 3760 et
513 3686 634 3763 docet.

513 3819 569 3893 Ad
591 3846 675 3905 xxx,
699 3845 795 3903 xxxi,
819 3845 912 3894 xxxrr
935 3837 971 3894 et
986 3847 1092 3895 xxxin
1108 3820 1283 3896 articulos
1296 3820 1493 3906 inclusive,
1513 3821 1708 3927 diligenter
1724 3839 1761 3895 et
1777 3822 1880 3926 sigil-

458 3947 559 4022 latim
578 3950 839 4054 interrogatus,
856 3951 999 4054 negavit
1016 3951 1114 4056 ipsos
1127 3949 1300 4026 articulos
1312 3969 1349 4026 et
1362 3952 1484 4025 omnia
1501 3969 1537 4027 ct
1551 3952 1693 4056 singula
1705 3969 1881 4026 contenta

458 4078 495 4150 in
518 4078 585 4164 eis,
608 4078 706 4154 salvo
727 4080 830 4185 quod
850 4079 1056 4168 consessus,
1091 4099 1127 4157 et
1151 4082 1323 4158 concedit
1347 4083 1448 4186 quod
1478 4083 1661 4187 recipiens
1680 4082 1810 4157 fratres
1832 4082 1880 4157 ad

457 4208 598 4284 dictum
627 4209 797 4286 ordinem
824 4228 908 4315 post
937 4239 1067 4289 eorum
1098 4213 1353 4318 recepcionem
1384 4215 1512 4319 recipit
1536 4242 1600 4290 eos
1632 4214 1678 4288 ad
1707 4211 1879 4288 osculum

458 4341 556 4442 pacis
576 4358 614 4417 et
628 4341 702 4417 oris
721 4359 866 4419 tanturn
887 4343 924 4417 in
944 4344 1091 4448 signnm
1110 4344 1270 4422 fraterne
1292 4345 1451 4421 caritatis
1467 4363 1504 4421 et
1520 4344 1744 4432 dilectionis,
1769 4361 1806 4418 et
1827 4374 1881 4419 re-

458 4474 553 4575 cepti
570 4472 781 4549 osculantur
802 4475 838 4548 in
859 4502 923 4550 ore
944 4490 1089 4550 tantum
1105 4475 1247 4581 aliquos
1260 4475 1390 4552 fratres
1404 4476 1454 4552 ibi
1472 4493 1630 4553 astantes
1651 4504 1689 4551 ιιι
1709 4475 1767 4550 vel
1786 4491 1879 4561 ιιιιω,
2005 4453 2011 4458 ⁵

459 4618 495 4675 et
509 4603 695 4680 interdum
714 4603 858 4709 plures,
875 4606 970 4682 sicut
984 4608 1086 4683 Deus
1108 4608 1160 4682 eis
1175 4607 1370 4684 ministrat.

515 4732 569 4807 ad
588 4760 869 4812 xxxnn—xxxrx
892 4737 1063 4815 articulos
1082 4737 1275 4825 inclusive,
1297 4738 1494 4843 diligenter
1510 4757 1547 4813 et
1564 4737 1750 4842 sigillatim
1770 4736 1879 4811 inter-
