<?xml version="1.0" encoding="UTF-8"?>
<!DOCTYPE html PUBLIC "-//W3C//DTD XHTML 1.0 Transitional//EN"
    "http://www.w3.org/TR/xhtml1/DTD/xhtml1-transitional.dtd">
<html xmlns="http://www.w3.org/1999/xhtml" xml:lang="en" lang="en">
 <head>
  <title>
</title>
<meta http-equiv="Content-Type" content="text/html;charset=utf-8" />
  <meta name='ocr-system' content='tesseract 3.04.00' />
  <meta name='ocr-capabilities' content='ocr_page ocr_carea ocr_par ocr_line ocrx_word'/>
</head>
<body>
  <div class='ocr_page' id='page_1' title='image "./procsdestemplie01defegoog/procsdestemplie01defegoog_0195.png"; bbox 0 0 4230 5956; ppageno 0'>
   <div class='ocr_carea' id='block_1_1' title="bbox 687 465 1707 560">
    <p class='ocr_par' dir='ltr' id='par_1_1' title="bbox 687 465 1707 560">
     <span class='ocr_line' id='line_1_1' title="bbox 687 465 1707 560; baseline -0.001 -2"><span class='ocrx_word' id='word_1_1' title='bbox 687 465 879 560; x_wconf 70' lang='lat' dir='ltr'><strong>esoces</strong></span> <span class='ocrx_word' id='word_1_2' title='bbox 906 485 1001 557; x_wconf 84' lang='lat' dir='ltr'><strong>nus</strong></span> <span class='ocrx_word' id='word_1_3' title='bbox 1028 483 1322 556; x_wconf 68' lang='lat' dir='ltr'><strong>renelmus.</strong></span> <span class='ocrx_word' id='word_1_4' title='bbox 1638 488 1707 557; x_wconf 78' lang='lat' dir='ltr'><strong>ros</strong></span> 
     </span>
    </p>
   </div>
   <div class='ocr_carea' id='block_1_2' title="bbox 183 621 1778 2671">
    <p class='ocr_par' dir='ltr' id='par_1_2' title="bbox 183 621 1778 2145">
     <span class='ocr_line' id='line_1_2' title="bbox 295 621 1709 732; baseline -0.001 -29"><span class='ocrx_word' id='word_1_5' title='bbox 295 624 502 732; x_wconf 89' lang='lat' dir='ltr'><strong>inquibus</strong></span> <span class='ocrx_word' id='word_1_6' title='bbox 539 624 659 701; x_wconf 82' lang='lat' dir='ltr'><strong>extitit</strong></span> <span class='ocrx_word' id='word_1_7' title='bbox 694 640 963 712; x_wconf 82' lang='lat' dir='ltr'><strong>commoratus,</strong></span> <span class='ocrx_word' id='word_1_8' title='bbox 993 623 1086 701; x_wconf 85' lang='lat' dir='ltr'><strong>vidit</strong></span> <span class='ocrx_word' id='word_1_9' title='bbox 1120 621 1343 700; x_wconf 84' lang='lat' dir='ltr'><strong>elemosinas</strong></span> <span class='ocrx_word' id='word_1_10' title='bbox 1362 637 1401 698; x_wconf 92' lang='lat' dir='ltr'><strong>et</strong></span> <span class='ocrx_word' id='word_1_11' title='bbox 1419 621 1709 728; x_wconf 79' lang='lat' dir='ltr'><strong>hospitalitatem</strong></span> 
     </span>
     <span class='ocr_line' id='line_1_3' title="bbox 295 752 1710 859; baseline 0 -29"><span class='ocrx_word' id='word_1_12' title='bbox 295 753 560 831; x_wconf 88' lang='lat' dir='ltr'><strong>convenienter</strong></span> <span class='ocrx_word' id='word_1_13' title='bbox 586 753 667 830; x_wconf 89' lang='lat' dir='ltr'><strong>lieri</strong></span> <span class='ocrx_word' id='word_1_14' title='bbox 696 771 734 830; x_wconf 93' lang='lat' dir='ltr'><strong>et</strong></span> <span class='ocrx_word' id='word_1_15' title='bbox 757 753 910 857; x_wconf 87' lang='lat' dir='ltr'><strong>servari,</strong></span> <span class='ocrx_word' id='word_1_16' title='bbox 944 769 981 829; x_wconf 90' lang='lat' dir='ltr'><strong>et</strong></span> <span class='ocrx_word' id='word_1_17' title='bbox 1009 753 1131 830; x_wconf 92' lang='lat' dir='ltr'><strong>dictus</strong></span> <span class='ocrx_word' id='word_1_18' title='bbox 1159 769 1330 859; x_wconf 91' lang='lat' dir='ltr'><strong>receptor</strong></span> <span class='ocrx_word' id='word_1_19' title='bbox 1353 752 1520 859; x_wconf 87' lang='lat' dir='ltr'><strong>precepit</strong></span> <span class='ocrx_word' id='word_1_20' title='bbox 1545 753 1580 829; x_wconf 90' lang='lat' dir='ltr'><strong>ei</strong></span> <span class='ocrx_word' id='word_1_21' title='bbox 1607 756 1710 858; x_wconf 89' lang='lat' dir='ltr'><strong>quod</strong></span> 
     </span>
     <span class='ocr_line' id='line_1_4' title="bbox 295 880 1712 988; baseline -0.003 -28"><span class='ocrx_word' id='word_1_22' title='bbox 295 899 528 961; x_wconf 86' lang='lat' dir='ltr'><strong>conservaret</strong></span> <span class='ocrx_word' id='word_1_23' title='bbox 546 881 769 961; x_wconf 88' lang='lat' dir='ltr'><strong>elemosinas</strong></span> <span class='ocrx_word' id='word_1_24' title='bbox 788 898 826 959; x_wconf 89' lang='lat' dir='ltr'><strong>et</strong></span> <span class='ocrx_word' id='word_1_25' title='bbox 841 881 942 960; x_wconf 89' lang='lat' dir='ltr'><strong>bona</strong></span> <span class='ocrx_word' id='word_1_26' title='bbox 961 881 1122 973; x_wconf 79' lang='lat' dir='ltr'><strong>ordinis3</strong></span> <span class='ocrx_word' id='word_1_27' title='bbox 1145 898 1183 958; x_wconf 91' lang='lat' dir='ltr'><strong>et</strong></span> <span class='ocrx_word' id='word_1_28' title='bbox 1201 881 1445 959; x_wconf 87' lang='lat' dir='ltr'><strong>inhibebatur</strong></span> <span class='ocrx_word' id='word_1_29' title='bbox 1461 880 1513 974; x_wconf 91' lang='lat' dir='ltr'><strong>ei,</strong></span> <span class='ocrx_word' id='word_1_30' title='bbox 1533 882 1602 958; x_wconf 84' lang='lat' dir='ltr'><strong>sub</strong></span> <span class='ocrx_word' id='word_1_31' title='bbox 1614 883 1712 988; x_wconf 89' lang='lat' dir='ltr'><strong>peri-</strong></span> 
     </span>
     <span class='ocr_line' id='line_1_5' title="bbox 294 1009 1711 1118; baseline -0.003 -28"><span class='ocrx_word' id='word_1_32' title='bbox 294 1013 381 1090; x_wconf 93' lang='lat' dir='ltr'><strong>culo</strong></span> <span class='ocrx_word' id='word_1_33' title='bbox 401 1013 525 1100; x_wconf 85' lang='lat' dir='ltr'><strong>anime</strong></span> <span class='ocrx_word' id='word_1_34' title='bbox 545 1039 628 1103; x_wconf 90' lang='lat' dir='ltr'><strong>sue,</strong></span> <span class='ocrx_word' id='word_1_35' title='bbox 646 1011 750 1118; x_wconf 89' lang='lat' dir='ltr'><strong>quod</strong></span> <span class='ocrx_word' id='word_1_36' title='bbox 767 1039 844 1088; x_wconf 89' lang='lat' dir='ltr'><strong>non</strong></span> <span class='ocrx_word' id='word_1_37' title='bbox 859 1010 1069 1117; x_wconf 88' lang='lat' dir='ltr'><strong>acquireret</strong></span> <span class='ocrx_word' id='word_1_38' title='bbox 1084 1011 1251 1088; x_wconf 90' lang='lat' dir='ltr'><strong>indebite</strong></span> <span class='ocrx_word' id='word_1_39' title='bbox 1267 1011 1404 1089; x_wconf 89' lang='lat' dir='ltr'><strong>ordini.</strong></span> <span class='ocrx_word' id='word_1_40' title='bbox 1426 1011 1468 1087; x_wconf 93' lang='lat' dir='ltr'><strong>ln</strong></span> <span class='ocrx_word' id='word_1_41' title='bbox 1484 1009 1580 1086; x_wconf 89' lang='lat' dir='ltr'><strong>dicta</strong></span> <span class='ocrx_word' id='word_1_42' title='bbox 1597 1011 1711 1088; x_wconf 92' lang='lat' dir='ltr'><strong>domo</strong></span> 
     </span>
     <span class='ocr_line' id='line_1_6' title="bbox 297 1140 1713 1248; baseline -0.004 -27"><span class='ocrx_word' id='word_1_43' title='bbox 297 1145 430 1221; x_wconf 87' lang='lat' dir='ltr'><strong>Sancte</strong></span> <span class='ocrx_word' id='word_1_44' title='bbox 450 1140 596 1218; x_wconf 84' lang='lat' dir='ltr'><strong>Eulalie</strong></span> <span class='ocrx_word' id='word_1_45' title='bbox 617 1141 713 1219; x_wconf 88' lang='lat' dir='ltr'><strong>vidit</strong></span> <span class='ocrx_word' id='word_1_46' title='bbox 736 1141 807 1218; x_wconf 90' lang='lat' dir='ltr'><strong>tria</strong></span> <span class='ocrx_word' id='word_1_47' title='bbox 826 1140 885 1218; x_wconf 90' lang='lat' dir='ltr'><strong>vel</strong></span> <span class='ocrx_word' id='word_1_48' title='bbox 905 1157 1069 1248; x_wconf 89' lang='lat' dir='ltr'><strong>quatuor</strong></span> <span class='ocrx_word' id='word_1_49' title='bbox 1087 1141 1277 1247; x_wconf 79' lang='lat' dir='ltr'><strong>capitulio,</strong></span> <span class='ocrx_word' id='word_1_50' title='bbox 1303 1141 1415 1233; x_wconf 88' lang='lat' dir='ltr'><strong>clam,</strong></span> <span class='ocrx_word' id='word_1_51' title='bbox 1432 1140 1547 1218; x_wconf 89' lang='lat' dir='ltr'><strong>nullis</strong></span> <span class='ocrx_word' id='word_1_52' title='bbox 1560 1169 1713 1246; x_wconf 90' lang='lat' dir='ltr'><strong>presen-</strong></span> 
     </span>
     <span class='ocr_line' id='line_1_7' title="bbox 183 1270 1713 1380; baseline 0.001 -32"><span class='ocrx_word' id='word_1_53' title='bbox 183 1326 185 1331; x_wconf 14' lang='grc' dir='ltr'>μ</span> <span class='ocrx_word' id='word_1_54' title='bbox 296 1271 399 1348; x_wconf 91' lang='lat' dir='ltr'><strong>tibus</strong></span> <span class='ocrx_word' id='word_1_55' title='bbox 420 1270 491 1349; x_wconf 91' lang='lat' dir='ltr'><strong>nisi</strong></span> <span class='ocrx_word' id='word_1_56' title='bbox 512 1271 689 1349; x_wconf 80' lang='lat' dir='ltr'><strong>fratribus</strong></span> <span class='ocrx_word' id='word_1_57' title='bbox 706 1271 869 1360; x_wconf 89' lang='lat' dir='ltr'><strong>ordinis,</strong></span> <span class='ocrx_word' id='word_1_58' title='bbox 891 1272 939 1348; x_wconf 92' lang='lat' dir='ltr'><strong>de</strong></span> <span class='ocrx_word' id='word_1_59' title='bbox 964 1270 1026 1348; x_wconf 92' lang='lat' dir='ltr'><strong>die</strong></span> <span class='ocrx_word' id='word_1_60' title='bbox 1044 1273 1186 1361; x_wconf 82' lang='lat' dir='ltr'><strong>teneri3</strong></span> <span class='ocrx_word' id='word_1_61' title='bbox 1209 1287 1247 1347; x_wconf 90' lang='lat' dir='ltr'><strong>et</strong></span> <span class='ocrx_word' id='word_1_62' title='bbox 1266 1271 1408 1349; x_wconf 89' lang='lat' dir='ltr'><strong>audivit</strong></span> <span class='ocrx_word' id='word_1_63' title='bbox 1429 1270 1502 1348; x_wconf 89' lang='lat' dir='ltr'><strong>dici</strong></span> <span class='ocrx_word' id='word_1_64' title='bbox 1523 1273 1628 1377; x_wconf 89' lang='lat' dir='ltr'><strong>quod</strong></span> <span class='ocrx_word' id='word_1_65' title='bbox 1650 1301 1713 1380; x_wconf 82' lang='lat' dir='ltr'><strong>ge·</strong></span> 
     </span>
     <span class='ocr_line' id='line_1_8' title="bbox 298 1399 1714 1506; baseline -0.001 -29"><span class='ocrx_word' id='word_1_66' title='bbox 298 1401 437 1477; x_wconf 88' lang='lat' dir='ltr'><strong>neralia</strong></span> <span class='ocrx_word' id='word_1_67' title='bbox 453 1400 628 1506; x_wconf 83' lang='lat' dir='ltr'><strong>capitolia</strong></span> <span class='ocrx_word' id='word_1_68' title='bbox 641 1400 846 1506; x_wconf 89' lang='lat' dir='ltr'><strong>aliquando</strong></span> <span class='ocrx_word' id='word_1_69' title='bbox 866 1399 1142 1478; x_wconf 88' lang='lat' dir='ltr'><strong>incohabantur</strong></span> <span class='ocrx_word' id='word_1_70' title='bbox 1153 1401 1200 1477; x_wconf 92' lang='lat' dir='ltr'><strong>de</strong></span> <span class='ocrx_word' id='word_1_71' title='bbox 1219 1418 1344 1490; x_wconf 87' lang='lat' dir='ltr'><strong>nocte,</strong></span> <span class='ocrx_word' id='word_1_72' title='bbox 1363 1418 1400 1478; x_wconf 90' lang='lat' dir='ltr'><strong>et</strong></span> <span class='ocrx_word' id='word_1_73' title='bbox 1414 1401 1714 1478; x_wconf 89' lang='lat' dir='ltr'><strong>terminabantur</strong></span> 
     </span>
     <span class='ocr_line' id='line_1_9' title="bbox 297 1530 1715 1638; baseline -0.001 -32"><span class='ocrx_word' id='word_1_74' title='bbox 297 1533 336 1606; x_wconf 90' lang='lat' dir='ltr'><strong>in</strong></span> <span class='ocrx_word' id='word_1_75' title='bbox 358 1531 494 1608; x_wconf 89' lang='lat' dir='ltr'><strong>terciis.</strong></span> <span class='ocrx_word' id='word_1_76' title='bbox 516 1530 646 1608; x_wconf 87' lang='lat' dir='ltr'><strong>Credit</strong></span> <span class='ocrx_word' id='word_1_77' title='bbox 668 1530 774 1635; x_wconf 93' lang='lat' dir='ltr'><strong>quod</strong></span> <span class='ocrx_word' id='word_1_78' title='bbox 793 1531 964 1607; x_wconf 89' lang='lat' dir='ltr'><strong>ordinata</strong></span> <span class='ocrx_word' id='word_1_79' title='bbox 985 1559 1052 1636; x_wconf 90' lang='lat' dir='ltr'><strong>per</strong></span> <span class='ocrx_word' id='word_1_80' title='bbox 1069 1531 1287 1638; x_wconf 85' lang='lat' dir='ltr'><strong>Magistrum</strong></span> <span class='ocrx_word' id='word_1_81' title='bbox 1311 1560 1398 1607; x_wconf 92' lang='lat' dir='ltr'><strong>cum</strong></span> <span class='ocrx_word' id='word_1_82' title='bbox 1420 1547 1605 1608; x_wconf 91' lang='lat' dir='ltr'><strong>conventu</strong></span> <span class='ocrx_word' id='word_1_83' title='bbox 1624 1530 1715 1606; x_wconf 84' lang='lat' dir='ltr'><strong>suis-</strong></span> 
     </span>
     <span class='ocr_line' id='line_1_10' title="bbox 297 1659 1778 1766; baseline -0.001 -29"><span class='ocrx_word' id='word_1_84' title='bbox 297 1679 380 1739; x_wconf 87' lang='lat' dir='ltr'><strong>sent</strong></span> <span class='ocrx_word' id='word_1_85' title='bbox 403 1678 541 1739; x_wconf 86' lang='lat' dir='ltr'><strong>servata</strong></span> <span class='ocrx_word' id='word_1_86' title='bbox 570 1660 610 1736; x_wconf 94' lang='lat' dir='ltr'><strong>in</strong></span> <span class='ocrx_word' id='word_1_87' title='bbox 635 1676 716 1738; x_wconf 92' lang='lat' dir='ltr'><strong>toto</strong></span> <span class='ocrx_word' id='word_1_88' title='bbox 743 1659 895 1747; x_wconf 88' lang='lat' dir='ltr'><strong>ordine,</strong></span> <span class='ocrx_word' id='word_1_89' title='bbox 918 1676 1047 1737; x_wconf 90' lang='lat' dir='ltr'><strong>contra</strong></span> <span class='ocrx_word' id='word_1_90' title='bbox 1073 1688 1189 1764; x_wconf 90' lang='lat' dir='ltr'><strong>quem</strong></span> <span class='ocrx_word' id='word_1_91' title='bbox 1212 1687 1312 1736; x_wconf 90' lang='lat' dir='ltr'><strong>nunc</strong></span> <span class='ocrx_word' id='word_1_92' title='bbox 1337 1660 1492 1766; x_wconf 86' lang='lat' dir='ltr'><strong>grandia</strong></span> <span class='ocrx_word' id='word_1_93' title='bbox 1516 1659 1709 1747; x_wconf 88' lang='lat' dir='ltr'><strong>scandala,</strong></span> <span class='ocrx_word' id='word_1_94' title='bbox 1772 1680 1778 1685; x_wconf 86' lang='grc'><strong><em>·</em></strong></span> 
     </span>
     <span class='ocr_line' id='line_1_11' title="bbox 298 1788 1713 1898; baseline -0.004 -29"><span class='ocrx_word' id='word_1_95' title='bbox 298 1792 459 1898; x_wconf 89' lang='lat' dir='ltr'><strong>suspicio</strong></span> <span class='ocrx_word' id='word_1_96' title='bbox 480 1807 517 1867; x_wconf 91' lang='lat' dir='ltr'><strong>et</strong></span> <span class='ocrx_word' id='word_1_97' title='bbox 534 1789 686 1867; x_wconf 83' lang='lat' dir='ltr'><strong>infamia</strong></span> <span class='ocrx_word' id='word_1_98' title='bbox 705 1806 794 1866; x_wconf 91' lang='lat' dir='ltr'><strong>sunt</strong></span> <span class='ocrx_word' id='word_1_99' title='bbox 813 1806 957 1878; x_wconf 85' lang='lat' dir='ltr'><strong>exorta,</strong></span> <span class='ocrx_word' id='word_1_100' title='bbox 985 1806 1023 1866; x_wconf 91' lang='lat' dir='ltr'><strong>et</strong></span> <span class='ocrx_word' id='word_1_101' title='bbox 1042 1789 1183 1866; x_wconf 92' lang='lat' dir='ltr'><strong>audivit</strong></span> <span class='ocrx_word' id='word_1_102' title='bbox 1202 1789 1276 1865; x_wconf 91' lang='lat' dir='ltr'><strong>dici</strong></span> <span class='ocrx_word' id='word_1_103' title='bbox 1295 1816 1474 1894; x_wconf 85' lang='lat' dir='ltr'><strong>magnum</strong></span> <span class='ocrx_word' id='word_1_104' title='bbox 1494 1788 1713 1895; x_wconf 87' lang='lat' dir='ltr'><strong>Magistrum</strong></span> 
     </span>
     <span class='ocr_line' id='line_1_12' title="bbox 299 1916 1714 2025; baseline -0.004 -28"><span class='ocrx_word' id='word_1_105' title='bbox 299 1938 336 1997; x_wconf 89' lang='lat' dir='ltr'><strong>et</strong></span> <span class='ocrx_word' id='word_1_106' title='bbox 356 1919 449 1996; x_wconf 84' lang='lat' dir='ltr'><strong>alios</strong></span> <span class='ocrx_word' id='word_1_107' title='bbox 465 1918 590 2024; x_wconf 90' lang='lat' dir='ltr'><strong>aliqua</strong></span> <span class='ocrx_word' id='word_1_108' title='bbox 608 1937 736 1995; x_wconf 89' lang='lat' dir='ltr'><strong>contra</strong></span> <span class='ocrx_word' id='word_1_109' title='bbox 755 1921 881 2025; x_wconf 91' lang='lat' dir='ltr'><strong>ipsum</strong></span> <span class='ocrx_word' id='word_1_110' title='bbox 901 1918 1076 1995; x_wconf 90' lang='lat' dir='ltr'><strong>ordinem</strong></span> <span class='ocrx_word' id='word_1_111' title='bbox 1091 1916 1207 1994; x_wconf 86' lang='lat' dir='ltr'><strong>luisse</strong></span> <span class='ocrx_word' id='word_1_112' title='bbox 1223 1916 1429 2006; x_wconf 76' lang='lat' dir='ltr'><strong>consess0s3</strong></span> <span class='ocrx_word' id='word_1_113' title='bbox 1446 1917 1494 1992; x_wconf 91' lang='lat' dir='ltr'><strong>ad</strong></span> <span class='ocrx_word' id='word_1_114' title='bbox 1512 1918 1618 2025; x_wconf 89' lang='lat' dir='ltr'><strong>cujus</strong></span> <span class='ocrx_word' id='word_1_115' title='bbox 1633 1916 1714 1994; x_wconf 86' lang='lat' dir='ltr'><strong>def-</strong></span> 
     </span>
     <span class='ocr_line' id='line_1_13' title="bbox 298 2045 1691 2145; baseline -0.002 -22"><span class='ocrx_word' id='word_1_116' title='bbox 298 2048 508 2126; x_wconf 81' lang='lat' dir='ltr'><strong>fensionem</strong></span> <span class='ocrx_word' id='word_1_117' title='bbox 529 2074 663 2124; x_wconf 90' lang='lat' dir='ltr'><strong>senon</strong></span> <span class='ocrx_word' id='word_1_118' title='bbox 684 2045 885 2124; x_wconf 90' lang='lat' dir='ltr'><strong>obtulerat.</strong></span> <span class='ocrx_word' id='word_1_119' title='bbox 1686 2135 1691 2145; x_wconf 33' lang='grc' dir='ltr'>Ι</span> 
     </span>
    </p>

    <p class='ocr_par' dir='ltr' id='par_1_3' title="bbox 298 2175 1714 2671">
     <span class='ocr_line' id='line_1_14' title="bbox 356 2175 1711 2283; baseline 0.001 -30"><span class='ocrx_word' id='word_1_120' title='bbox 356 2178 572 2283; x_wconf 84' lang='lat' dir='ltr'><strong>Requisitus</strong></span> <span class='ocrx_word' id='word_1_121' title='bbox 583 2177 613 2253; x_wconf 91' lang='lat' dir='ltr'><strong>si</strong></span> <span class='ocrx_word' id='word_1_122' title='bbox 625 2177 679 2252; x_wconf 91' lang='lat' dir='ltr'><strong>sic</strong></span> <span class='ocrx_word' id='word_1_123' title='bbox 692 2175 922 2281; x_wconf 87' lang='lat' dir='ltr'><strong>deposuerat</strong></span> <span class='ocrx_word' id='word_1_124' title='bbox 936 2203 1065 2282; x_wconf 90' lang='lat' dir='ltr'><strong>prece,</strong></span> <span class='ocrx_word' id='word_1_125' title='bbox 1080 2192 1269 2282; x_wconf 89' lang='lat' dir='ltr'><strong>precepto,</strong></span> <span class='ocrx_word' id='word_1_126' title='bbox 1281 2175 1436 2263; x_wconf 89' lang='lat' dir='ltr'><strong>timore,</strong></span> <span class='ocrx_word' id='word_1_127' title='bbox 1451 2203 1594 2262; x_wconf 91' lang='lat' dir='ltr'><strong>amore,</strong></span> <span class='ocrx_word' id='word_1_128' title='bbox 1610 2176 1711 2266; x_wconf 85' lang='lat' dir='ltr'><strong>odio,</strong></span> 
     </span>
     <span class='ocr_line' id='line_1_15' title="bbox 298 2304 1714 2412; baseline -0.001 -27"><span class='ocrx_word' id='word_1_129' title='bbox 298 2308 356 2385; x_wconf 87' lang='lat' dir='ltr'><strong>vel</strong></span> <span class='ocrx_word' id='word_1_130' title='bbox 370 2306 568 2412; x_wconf 89' lang='lat' dir='ltr'><strong>temporali</strong></span> <span class='ocrx_word' id='word_1_131' title='bbox 585 2306 747 2382; x_wconf 92' lang='lat' dir='ltr'><strong>comodo</strong></span> <span class='ocrx_word' id='word_1_132' title='bbox 768 2304 897 2382; x_wconf 89' lang='lat' dir='ltr'><strong>habito</strong></span> <span class='ocrx_word' id='word_1_133' title='bbox 918 2305 978 2383; x_wconf 92' lang='lat' dir='ltr'><strong>vel</strong></span> <span class='ocrx_word' id='word_1_134' title='bbox 999 2304 1192 2393; x_wconf 91' lang='lat' dir='ltr'><strong>habendo,</strong></span> <span class='ocrx_word' id='word_1_135' title='bbox 1207 2304 1404 2411; x_wconf 88' lang='lat' dir='ltr'><strong>respondit</strong></span> <span class='ocrx_word' id='word_1_136' title='bbox 1417 2305 1520 2412; x_wconf 90' lang='lat' dir='ltr'><strong>quod</strong></span> <span class='ocrx_word' id='word_1_137' title='bbox 1535 2334 1628 2394; x_wconf 89' lang='lat' dir='ltr'><strong>non,</strong></span> <span class='ocrx_word' id='word_1_138' title='bbox 1647 2308 1714 2385; x_wconf 88' lang='lat' dir='ltr'><strong>sed</strong></span> 
     </span>
     <span class='ocr_line' id='line_1_16' title="bbox 300 2431 1714 2542; baseline 0 -29"><span class='ocrx_word' id='word_1_139' title='bbox 300 2465 368 2542; x_wconf 89' lang='lat' dir='ltr'><strong>pro</strong></span> <span class='ocrx_word' id='word_1_140' title='bbox 392 2437 544 2512; x_wconf 87' lang='lat' dir='ltr'><strong>veritate</strong></span> <span class='ocrx_word' id='word_1_141' title='bbox 566 2433 746 2521; x_wconf 81' lang='lat' dir='ltr'><strong>dicenda3</strong></span> <span class='ocrx_word' id='word_1_142' title='bbox 773 2433 834 2509; x_wconf 89' lang='lat' dir='ltr'><strong>cui</strong></span> <span class='ocrx_word' id='word_1_143' title='bbox 858 2431 931 2510; x_wconf 82' lang='lat' dir='ltr'><strong>fuit</strong></span> <span class='ocrx_word' id='word_1_144' title='bbox 955 2433 1170 2540; x_wconf 87' lang='lat' dir='ltr'><strong>injunctum</strong></span> <span class='ocrx_word' id='word_1_145' title='bbox 1193 2433 1297 2539; x_wconf 90' lang='lat' dir='ltr'><strong>quod</strong></span> <span class='ocrx_word' id='word_1_146' title='bbox 1318 2461 1396 2511; x_wconf 88' lang='lat' dir='ltr'><strong>non</strong></span> <span class='ocrx_word' id='word_1_147' title='bbox 1417 2432 1598 2512; x_wconf 90' lang='lat' dir='ltr'><strong>revelaret</strong></span> <span class='ocrx_word' id='word_1_148' title='bbox 1619 2437 1714 2513; x_wconf 90' lang='lat' dir='ltr'><strong>hanc</strong></span> 
     </span>
     <span class='ocr_line' id='line_1_17' title="bbox 300 2561 1591 2671; baseline -0.003 -27"><span class='ocrx_word' id='word_1_149' title='bbox 300 2596 406 2644; x_wconf 91' lang='lat' dir='ltr'><strong>suam</strong></span> <span class='ocrx_word' id='word_1_150' title='bbox 429 2565 727 2671; x_wconf 89' lang='lat' dir='ltr'><strong>deposicionem,</strong></span> <span class='ocrx_word' id='word_1_151' title='bbox 743 2590 943 2670; x_wconf 84' lang='lat' dir='ltr'><strong>quousque</strong></span> <span class='ocrx_word' id='word_1_152' title='bbox 960 2563 1219 2641; x_wconf 87' lang='lat' dir='ltr'><strong>attestaciones</strong></span> <span class='ocrx_word' id='word_1_153' title='bbox 1238 2561 1378 2640; x_wconf 87' lang='lat' dir='ltr'><strong>suerint</strong></span> <span class='ocrx_word' id='word_1_154' title='bbox 1391 2562 1591 2669; x_wconf 89' lang='lat' dir='ltr'><strong>publicate.</strong></span> 
     </span>
    </p>
   </div>
   <div class='ocr_carea' id='block_1_3' title="bbox 226 2823 1718 4737">
    <p class='ocr_par' dir='ltr' id='par_1_4' title="bbox 226 2823 1718 4737">
     <span class='ocr_line' id='line_1_18' title="bbox 356 2823 1715 2932; baseline 0 -29"><span class='ocrx_word' id='word_1_155' title='bbox 356 2831 486 2904; x_wconf 88' lang='lat' dir='ltr'><strong>Frater</strong></span> <span class='ocrx_word' id='word_1_156' title='bbox 507 2826 707 2906; x_wconf 89' lang='lat' dir='ltr'><strong>Girbertus</strong></span> <span class='ocrx_word' id='word_1_157' title='bbox 733 2825 880 2932; x_wconf 81' lang='lat' dir='ltr'><strong>hogerii</strong></span> <span class='ocrx_word' id='word_1_158' title='bbox 902 2823 1080 2912; x_wconf 89' lang='lat' dir='ltr'><strong>serviens,</strong></span> <span class='ocrx_word' id='word_1_159' title='bbox 1109 2840 1307 2929; x_wconf 84' lang='lat' dir='ltr'><strong>preceptor</strong></span> <span class='ocrx_word' id='word_1_160' title='bbox 1334 2823 1473 2900; x_wconf 90' lang='lat' dir='ltr'><strong>domus</strong></span> <span class='ocrx_word' id='word_1_161' title='bbox 1498 2824 1715 2931; x_wconf 81' lang='lat' dir='ltr'><strong>Templi-de</strong></span> 
     </span>
     <span class='ocr_line' id='line_1_19' title="bbox 300 2953 1716 3064; baseline -0.001 -31"><span class='ocrx_word' id='word_1_162' title='bbox 300 2957 333 3033; x_wconf 91' lang='lat' dir='ltr'><strong>la</strong></span> <span class='ocrx_word' id='word_1_163' title='bbox 353 2956 508 3064; x_wconf 86' lang='lat' dir='ltr'><strong>Glayola</strong></span> <span class='ocrx_word' id='word_1_164' title='bbox 532 2956 786 3034; x_wconf 86' lang='lat' dir='ltr'><strong>Ruthenensis</strong></span> <span class='ocrx_word' id='word_1_165' title='bbox 812 2953 990 3042; x_wconf 85' lang='lat' dir='ltr'><strong>diocesis,</strong></span> <span class='ocrx_word' id='word_1_166' title='bbox 1011 2953 1116 3030; x_wconf 90' lang='lat' dir='ltr'><strong>testis</strong></span> <span class='ocrx_word' id='word_1_167' title='bbox 1141 2980 1252 3058; x_wconf 90' lang='lat' dir='ltr'><strong>supra</strong></span> <span class='ocrx_word' id='word_1_168' title='bbox 1275 2954 1443 3060; x_wconf 87' lang='lat' dir='ltr'><strong>juratus,</strong></span> <span class='ocrx_word' id='word_1_169' title='bbox 1472 2953 1716 3062; x_wconf 82' lang='lat' dir='ltr'><strong>quadraginta</strong></span> 
     </span>
     <span class='ocr_line' id='line_1_20' title="bbox 301 3081 1715 3193; baseline -0.001 -31"><span class='ocrx_word' id='word_1_170' title='bbox 301 3088 471 3193; x_wconf 90' lang='lat' dir='ltr'><strong>quinque</strong></span> <span class='ocrx_word' id='word_1_171' title='bbox 493 3113 679 3162; x_wconf 88' lang='lat' dir='ltr'><strong>annorum</strong></span> <span class='ocrx_word' id='word_1_172' title='bbox 696 3082 756 3160; x_wconf 91' lang='lat' dir='ltr'><strong>vel</strong></span> <span class='ocrx_word' id='word_1_173' title='bbox 776 3082 887 3171; x_wconf 88' lang='lat' dir='ltr'><strong>circa,</strong></span> <span class='ocrx_word' id='word_1_174' title='bbox 916 3081 1139 3158; x_wconf 88' lang='lat' dir='ltr'><strong>mantellum</strong></span> <span class='ocrx_word' id='word_1_175' title='bbox 1163 3098 1202 3158; x_wconf 90' lang='lat' dir='ltr'><strong>et</strong></span> <span class='ocrx_word' id='word_1_176' title='bbox 1223 3081 1377 3159; x_wconf 92' lang='lat' dir='ltr'><strong>barbam</strong></span> <span class='ocrx_word' id='word_1_177' title='bbox 1397 3082 1599 3170; x_wconf 81' lang='lat' dir='ltr'><strong>defferens,</strong></span> <span class='ocrx_word' id='word_1_178' title='bbox 1628 3113 1715 3162; x_wconf 89' lang='lat' dir='ltr'><strong>cum</strong></span> 
     </span>
     <span class='ocr_line' id='line_1_21' title="bbox 301 3210 1716 3322; baseline -0.001 -31"><span class='ocrx_word' id='word_1_179' title='bbox 301 3243 378 3322; x_wconf 94' lang='lat' dir='ltr'><strong>quo</strong></span> <span class='ocrx_word' id='word_1_180' title='bbox 408 3215 632 3319; x_wconf 85' lang='lat' dir='ltr'><strong>inquisitum</strong></span> <span class='ocrx_word' id='word_1_181' title='bbox 657 3212 797 3300; x_wconf 87' lang='lat' dir='ltr'><strong>suerat,</strong></span> <span class='ocrx_word' id='word_1_182' title='bbox 828 3211 1024 3290; x_wconf 87' lang='lat' dir='ltr'><strong>absolutus</strong></span> <span class='ocrx_word' id='word_1_183' title='bbox 1053 3228 1091 3288; x_wconf 89' lang='lat' dir='ltr'><strong>et</strong></span> <span class='ocrx_word' id='word_1_184' title='bbox 1121 3211 1382 3288; x_wconf 89' lang='lat' dir='ltr'><strong>reconciliatus</strong></span> <span class='ocrx_word' id='word_1_185' title='bbox 1416 3239 1484 3317; x_wconf 89' lang='lat' dir='ltr'><strong>per</strong></span> <span class='ocrx_word' id='word_1_186' title='bbox 1514 3210 1716 3292; x_wconf 91' lang='lat' dir='ltr'><strong>dominum</strong></span> 
     </span>
     <span class='ocr_line' id='line_1_22' title="bbox 303 3330 1716 3450; baseline 0 -29"><span class='ocrx_word' id='word_1_187' title='bbox 303 3330 519 3450; x_wconf 87' lang='lat' dir='ltr'><strong>episcopum</strong></span> <span class='ocrx_word' id='word_1_188' title='bbox 547 3344 846 3431; x_wconf 83' lang='lat' dir='ltr'><strong>Ruthenensem,</strong></span> <span class='ocrx_word' id='word_1_189' title='bbox 882 3358 921 3418; x_wconf 89' lang='lat' dir='ltr'><strong>et</strong></span> <span class='ocrx_word' id='word_1_190' title='bbox 946 3358 1117 3446; x_wconf 85' lang='lat' dir='ltr'><strong>receptus</strong></span> <span class='ocrx_word' id='word_1_191' title='bbox 1146 3341 1316 3418; x_wconf 86' lang='lat' dir='ltr'><strong>extiterat</strong></span> <span class='ocrx_word' id='word_1_192' title='bbox 1340 3341 1380 3417; x_wconf 91' lang='lat' dir='ltr'><strong>in</strong></span> <span class='ocrx_word' id='word_1_193' title='bbox 1407 3340 1549 3447; x_wconf 89' lang='lat' dir='ltr'><strong>capella</strong></span> <span class='ocrx_word' id='word_1_194' title='bbox 1577 3343 1716 3421; x_wconf 89' lang='lat' dir='ltr'><strong>domus</strong></span> 
     </span>
     <span class='ocr_line' id='line_1_23' title="bbox 302 3470 1714 3578; baseline -0.001 -29"><span class='ocrx_word' id='word_1_195' title='bbox 302 3470 451 3578; x_wconf 89' lang='lat' dir='ltr'><strong>Templi</strong></span> <span class='ocrx_word' id='word_1_196' title='bbox 473 3472 521 3548; x_wconf 91' lang='lat' dir='ltr'><strong>de</strong></span> <span class='ocrx_word' id='word_1_197' title='bbox 539 3471 573 3548; x_wconf 89' lang='lat' dir='ltr'><strong>la</strong></span> <span class='ocrx_word' id='word_1_198' title='bbox 587 3471 734 3549; x_wconf 92' lang='lat' dir='ltr'><strong>Drulba</strong></span> <span class='ocrx_word' id='word_1_199' title='bbox 749 3472 1000 3548; x_wconf 86' lang='lat' dir='ltr'><strong>Ruthenensis</strong></span> <span class='ocrx_word' id='word_1_200' title='bbox 1020 3471 1194 3560; x_wconf 88' lang='lat' dir='ltr'><strong>diocesis,</strong></span> <span class='ocrx_word' id='word_1_201' title='bbox 1217 3471 1312 3548; x_wconf 89' lang='lat' dir='ltr'><strong>circa</strong></span> <span class='ocrx_word' id='word_1_202' title='bbox 1324 3470 1464 3549; x_wconf 84' lang='lat' dir='ltr'><strong>festum</strong></span> <span class='ocrx_word' id='word_1_203' title='bbox 1479 3472 1578 3549; x_wconf 90' lang='lat' dir='ltr'><strong>beati</strong></span> <span class='ocrx_word' id='word_1_204' title='bbox 1605 3472 1714 3550; x_wconf 91' lang='lat' dir='ltr'><strong>Blasii</strong></span> 
     </span>
     <span class='ocr_line' id='line_1_24' title="bbox 303 3598 1715 3707; baseline -0.001 -31"><span class='ocrx_word' id='word_1_205' title='bbox 303 3600 473 3705; x_wconf 81' lang='lat' dir='ltr'><strong>proximo</strong></span> <span class='ocrx_word' id='word_1_206' title='bbox 487 3601 711 3707; x_wconf 90' lang='lat' dir='ltr'><strong>preteritum</strong></span> <span class='ocrx_word' id='word_1_207' title='bbox 727 3598 882 3676; x_wconf 86' lang='lat' dir='ltr'><strong>suerunt</strong></span> <span class='ocrx_word' id='word_1_208' title='bbox 896 3600 1044 3677; x_wconf 90' lang='lat' dir='ltr'><strong>circiter</strong></span> <span class='ocrx_word' id='word_1_209' title='bbox 1062 3626 1149 3679; x_wconf 79' lang='lat' dir='ltr'><strong>xvnr</strong></span> <span class='ocrx_word' id='word_1_210' title='bbox 1166 3601 1271 3687; x_wconf 89' lang='lat' dir='ltr'><strong>anni,</strong></span> <span class='ocrx_word' id='word_1_211' title='bbox 1287 3629 1355 3706; x_wconf 90' lang='lat' dir='ltr'><strong>per</strong></span> <span class='ocrx_word' id='word_1_212' title='bbox 1366 3600 1517 3678; x_wconf 83' lang='lat' dir='ltr'><strong>fratrem</strong></span> <span class='ocrx_word' id='word_1_213' title='bbox 1535 3601 1715 3677; x_wconf 89' lang='lat' dir='ltr'><strong>Poncium</strong></span> 
     </span>
     <span class='ocr_line' id='line_1_25' title="bbox 304 3727 1713 3836; baseline 0 -32"><span class='ocrx_word' id='word_1_214' title='bbox 304 3728 351 3806; x_wconf 92' lang='lat' dir='ltr'><strong>de</strong></span> <span class='ocrx_word' id='word_1_215' title='bbox 381 3731 517 3806; x_wconf 88' lang='lat' dir='ltr'><strong>Broeto</strong></span> <span class='ocrx_word' id='word_1_216' title='bbox 543 3730 705 3808; x_wconf 89' lang='lat' dir='ltr'><strong>militem</strong></span> <span class='ocrx_word' id='word_1_217' title='bbox 735 3729 945 3835; x_wconf 85' lang='lat' dir='ltr'><strong>quondam,</strong></span> <span class='ocrx_word' id='word_1_218' title='bbox 967 3729 1206 3836; x_wconf 88' lang='lat' dir='ltr'><strong>presentibus</strong></span> <span class='ocrx_word' id='word_1_219' title='bbox 1231 3728 1408 3807; x_wconf 82' lang='lat' dir='ltr'><strong>fratribus</strong></span> <span class='ocrx_word' id='word_1_220' title='bbox 1431 3727 1640 3808; x_wconf 90' lang='lat' dir='ltr'><strong>Guillelmo</strong></span> <span class='ocrx_word' id='word_1_221' title='bbox 1666 3727 1713 3804; x_wconf 90' lang='lat' dir='ltr'><strong>de</strong></span> 
     </span>
     <span class='ocr_line' id='line_1_26' title="bbox 303 3855 1712 3964; baseline 0 -31"><span class='ocrx_word' id='word_1_222' title='bbox 303 3858 453 3938; x_wconf 87' lang='lat' dir='ltr'><strong>Boculis</strong></span> <span class='ocrx_word' id='word_1_223' title='bbox 465 3857 690 3964; x_wconf 86' lang='lat' dir='ltr'><strong>presbitero,</strong></span> <span class='ocrx_word' id='word_1_224' title='bbox 711 3858 888 3935; x_wconf 84' lang='lat' dir='ltr'><strong>llatherio</strong></span> <span class='ocrx_word' id='word_1_225' title='bbox 908 3859 956 3935; x_wconf 91' lang='lat' dir='ltr'><strong>de</strong></span> <span class='ocrx_word' id='word_1_226' title='bbox 973 3858 1110 3936; x_wconf 86' lang='lat' dir='ltr'><strong>Sancto</strong></span> <span class='ocrx_word' id='word_1_227' title='bbox 1121 3857 1325 3937; x_wconf 88' lang='lat' dir='ltr'><strong>Vincencio</strong></span> <span class='ocrx_word' id='word_1_228' title='bbox 1341 3857 1479 3948; x_wconf 90' lang='lat' dir='ltr'><strong>milite,</strong></span> <span class='ocrx_word' id='word_1_229' title='bbox 1497 3855 1712 3947; x_wconf 80' lang='lat' dir='ltr'><strong>deffunctis,</strong></span> 
     </span>
     <span class='ocr_line' id='line_1_27' title="bbox 305 3985 1715 4091; baseline -0.001 -29"><span class='ocrx_word' id='word_1_230' title='bbox 305 4003 347 4064; x_wconf 92' lang='lat' dir='ltr'><strong>ut</strong></span> <span class='ocrx_word' id='word_1_231' title='bbox 361 3986 496 4078; x_wconf 89' lang='lat' dir='ltr'><strong>credit,</strong></span> <span class='ocrx_word' id='word_1_232' title='bbox 510 4004 548 4063; x_wconf 89' lang='lat' dir='ltr'><strong>et</strong></span> <span class='ocrx_word' id='word_1_233' title='bbox 561 3987 713 4065; x_wconf 90' lang='lat' dir='ltr'><strong>Othone</strong></span> <span class='ocrx_word' id='word_1_234' title='bbox 723 3985 923 4065; x_wconf 87' lang='lat' dir='ltr'><strong>Samniada</strong></span> <span class='ocrx_word' id='word_1_235' title='bbox 938 3987 1133 4078; x_wconf 84' lang='lat' dir='ltr'><strong>serviente,</strong></span> <span class='ocrx_word' id='word_1_236' title='bbox 1153 3987 1311 4069; x_wconf 81' lang='lat' dir='ltr'><strong>diocesis</strong></span> <span class='ocrx_word' id='word_1_237' title='bbox 1323 3985 1584 4076; x_wconf 88' lang='lat' dir='ltr'><strong>Ruthenensis,</strong></span> <span class='ocrx_word' id='word_1_238' title='bbox 1601 4014 1715 4091; x_wconf 88' lang='lat' dir='ltr'><strong>quem</strong></span> 
     </span>
     <span class='ocr_line' id='line_1_28' title="bbox 304 4113 1714 4220; baseline 0 -31"><span class='ocrx_word' id='word_1_239' title='bbox 304 4115 424 4190; x_wconf 90' lang='lat' dir='ltr'><strong>credit</strong></span> <span class='ocrx_word' id='word_1_240' title='bbox 446 4116 587 4205; x_wconf 74' lang='lat' dir='ltr'><strong>vivere,</strong></span> <span class='ocrx_word' id='word_1_241' title='bbox 620 4115 713 4193; x_wconf 90' lang='lat' dir='ltr'><strong>alios</strong></span> <span class='ocrx_word' id='word_1_242' title='bbox 739 4144 817 4193; x_wconf 92' lang='lat' dir='ltr'><strong>non</strong></span> <span class='ocrx_word' id='word_1_243' title='bbox 836 4115 931 4192; x_wconf 91' lang='lat' dir='ltr'><strong>vidit</strong></span> <span class='ocrx_word' id='word_1_244' title='bbox 953 4115 1069 4220; x_wconf 88' lang='lat' dir='ltr'><strong>recipi</strong></span> <span class='ocrx_word' id='word_1_245' title='bbox 1096 4143 1165 4191; x_wconf 89' lang='lat' dir='ltr'><strong>nec</strong></span> <span class='ocrx_word' id='word_1_246' title='bbox 1188 4113 1360 4194; x_wconf 79' lang='lat' dir='ltr'><strong>interfuit</strong></span> <span class='ocrx_word' id='word_1_247' title='bbox 1379 4113 1550 4218; x_wconf 89' lang='lat' dir='ltr'><strong>capitulis</strong></span> <span class='ocrx_word' id='word_1_248' title='bbox 1570 4141 1714 4192; x_wconf 89' lang='lat' dir='ltr'><strong>eorum.</strong></span> 
     </span>
     <span class='ocr_line' id='line_1_29' title="bbox 306 4241 1715 4351; baseline 0.003 -33"><span class='ocrx_word' id='word_1_249' title='bbox 306 4242 426 4318; x_wconf 86' lang='lat' dir='ltr'><strong>Lectis</strong></span> <span class='ocrx_word' id='word_1_250' title='bbox 442 4258 567 4318; x_wconf 89' lang='lat' dir='ltr'><strong>autem</strong></span> <span class='ocrx_word' id='word_1_251' title='bbox 584 4260 622 4318; x_wconf 89' lang='lat' dir='ltr'><strong>et</strong></span> <span class='ocrx_word' id='word_1_252' title='bbox 634 4243 835 4348; x_wconf 86' lang='lat' dir='ltr'><strong>diligenter</strong></span> <span class='ocrx_word' id='word_1_253' title='bbox 852 4243 1028 4348; x_wconf 82' lang='lat' dir='ltr'><strong>expositis</strong></span> <span class='ocrx_word' id='word_1_254' title='bbox 1039 4242 1110 4319; x_wconf 89' lang='lat' dir='ltr'><strong>sibi</strong></span> <span class='ocrx_word' id='word_1_255' title='bbox 1125 4241 1303 4319; x_wconf 89' lang='lat' dir='ltr'><strong>omnibus</strong></span> <span class='ocrx_word' id='word_1_256' title='bbox 1315 4258 1353 4318; x_wconf 89' lang='lat' dir='ltr'><strong>et</strong></span> <span class='ocrx_word' id='word_1_257' title='bbox 1362 4241 1517 4351; x_wconf 81' lang='lat' dir='ltr'><strong>singulis</strong></span> <span class='ocrx_word' id='word_1_258' title='bbox 1534 4244 1715 4331; x_wconf 88' lang='lat' dir='ltr'><strong>articulis,</strong></span> 
     </span>
     <span class='ocr_line' id='line_1_30' title="bbox 304 4370 1718 4479; baseline 0.002 -33"><span class='ocrx_word' id='word_1_259' title='bbox 304 4372 575 4478; x_wconf 88' lang='lat' dir='ltr'><strong>protestacione</strong></span> <span class='ocrx_word' id='word_1_260' title='bbox 595 4373 774 4476; x_wconf 84' lang='lat' dir='ltr'><strong>premissa</strong></span> <span class='ocrx_word' id='word_1_261' title='bbox 791 4370 897 4478; x_wconf 93' lang='lat' dir='ltr'><strong>quod</strong></span> <span class='ocrx_word' id='word_1_262' title='bbox 907 4398 983 4448; x_wconf 90' lang='lat' dir='ltr'><strong>non</strong></span> <span class='ocrx_word' id='word_1_263' title='bbox 993 4371 1157 4447; x_wconf 89' lang='lat' dir='ltr'><strong>intendit</strong></span> <span class='ocrx_word' id='word_1_264' title='bbox 1170 4371 1345 4448; x_wconf 85' lang='lat' dir='ltr'><strong>recedere</strong></span> <span class='ocrx_word' id='word_1_265' title='bbox 1364 4399 1385 4447; x_wconf 93' lang='lat' dir='ltr'><strong>a</strong></span> <span class='ocrx_word' id='word_1_266' title='bbox 1399 4371 1636 4477; x_wconf 89' lang='lat' dir='ltr'><strong>deposicione</strong></span> <span class='ocrx_word' id='word_1_267' title='bbox 1651 4401 1718 4479; x_wconf 91' lang='lat' dir='ltr'><strong>per</strong></span> 
     </span>
     <span class='ocr_line' id='line_1_31' title="bbox 306 4499 1717 4610; baseline 0.002 -34"><span class='ocrx_word' id='word_1_268' title='bbox 306 4529 393 4577; x_wconf 91' lang='lat' dir='ltr'><strong>eum</strong></span> <span class='ocrx_word' id='word_1_269' title='bbox 403 4500 496 4576; x_wconf 85' lang='lat' dir='ltr'><strong>lacta</strong></span> <span class='ocrx_word' id='word_1_270' title='bbox 507 4527 632 4577; x_wconf 89' lang='lat' dir='ltr'><strong>coram</strong></span> <span class='ocrx_word' id='word_1_271' title='bbox 642 4501 743 4578; x_wconf 90' lang='lat' dir='ltr'><strong>dicto</strong></span> <span class='ocrx_word' id='word_1_272' title='bbox 755 4500 910 4580; x_wconf 89' lang='lat' dir='ltr'><strong>domino</strong></span> <span class='ocrx_word' id='word_1_273' title='bbox 922 4499 1096 4607; x_wconf 89' lang='lat' dir='ltr'><strong>episcopo</strong></span> <span class='ocrx_word' id='word_1_274' title='bbox 1107 4501 1556 4608; x_wconf 86' lang='lat' dir='ltr'><strong>Rutbenensi,respondit</strong></span> <span class='ocrx_word' id='word_1_275' title='bbox 1565 4505 1669 4610; x_wconf 90' lang='lat' dir='ltr'><strong>quod</strong></span> <span class='ocrx_word' id='word_1_276' title='bbox 1679 4503 1717 4580; x_wconf 90' lang='lat' dir='ltr'><strong>in</strong></span> 
     </span>
     <span class='ocr_line' id='line_1_32' title="bbox 226 4629 1717 4737; baseline 0.003 -30"><span class='ocrx_word' id='word_1_277' title='bbox 226 4640 230 4651; x_wconf 93' lang='lat'>&#39;</span> <span class='ocrx_word' id='word_1_278' title='bbox 307 4630 404 4707; x_wconf 86' lang='lat' dir='ltr'><strong>dicta</strong></span> <span class='ocrx_word' id='word_1_279' title='bbox 426 4658 492 4706; x_wconf 91' lang='lat' dir='ltr'><strong>sua</strong></span> <span class='ocrx_word' id='word_1_280' title='bbox 507 4630 726 4735; x_wconf 90' lang='lat' dir='ltr'><strong>recepcione</strong></span> <span class='ocrx_word' id='word_1_281' title='bbox 748 4629 806 4706; x_wconf 90' lang='lat' dir='ltr'><strong>vel</strong></span> <span class='ocrx_word' id='word_1_282' title='bbox 826 4646 910 4735; x_wconf 90' lang='lat' dir='ltr'><strong>post</strong></span> <span class='ocrx_word' id='word_1_283' title='bbox 932 4657 1010 4707; x_wconf 88' lang='lat' dir='ltr'><strong>non</strong></span> <span class='ocrx_word' id='word_1_284' title='bbox 1027 4629 1277 4707; x_wconf 88' lang='lat' dir='ltr'><strong>intervenerat</strong></span> <span class='ocrx_word' id='word_1_285' title='bbox 1297 4629 1440 4737; x_wconf 87' lang='lat' dir='ltr'><strong>aliquid</strong></span> <span class='ocrx_word' id='word_1_286' title='bbox 1466 4632 1641 4711; x_wconf 89' lang='lat' dir='ltr'><strong>illicitum</strong></span> <span class='ocrx_word' id='word_1_287' title='bbox 1660 4634 1717 4711; x_wconf 92' lang='lat' dir='ltr'><strong>vel</strong></span> 
     </span>
    </p>
   </div>
   <div class='ocr_carea' id='block_1_4' title="bbox 306 4758 1718 4962">
    <p class='ocr_par' dir='ltr' id='par_1_5' title="bbox 306 4758 1718 4962">
     <span class='ocr_line' id='line_1_33' title="bbox 306 4758 1718 4868; baseline 0.006 -35"><span class='ocrx_word' id='word_1_288' title='bbox 306 4760 567 4849; x_wconf 89' lang='lat' dir='ltr'><strong>inhonestum,</strong></span> <span class='ocrx_word' id='word_1_289' title='bbox 596 4758 666 4835; x_wconf 87' lang='lat' dir='ltr'><strong>nisi</strong></span> <span class='ocrx_word' id='word_1_290' title='bbox 687 4760 761 4836; x_wconf 92' lang='lat' dir='ltr'><strong>hoc</strong></span> <span class='ocrx_word' id='word_1_291' title='bbox 785 4759 964 4837; x_wconf 82' lang='lat' dir='ltr'><strong>duntaxat</strong></span> <span class='ocrx_word' id='word_1_292' title='bbox 980 4759 1086 4866; x_wconf 85' lang='lat' dir='ltr'><strong>quod</strong></span> <span class='ocrx_word' id='word_1_293' title='bbox 1108 4759 1251 4837; x_wconf 89' lang='lat' dir='ltr'><strong>dictum</strong></span> <span class='ocrx_word' id='word_1_294' title='bbox 1271 4778 1505 4868; x_wconf 89' lang='lat' dir='ltr'><strong>receptorem</strong></span> <span class='ocrx_word' id='word_1_295' title='bbox 1525 4792 1653 4852; x_wconf 89' lang='lat' dir='ltr'><strong>suum,</strong></span> <span class='ocrx_word' id='word_1_296' title='bbox 1670 4764 1718 4841; x_wconf 95' lang='lat' dir='ltr'><strong>de</strong></span> 
     </span>
     <span class='ocr_line' id='line_1_34' title="bbox 392 4914 1617 4962; baseline 0.007 -9"><span class='ocrx_word' id='word_1_297' title='bbox 392 4914 493 4958; x_wconf 76' lang='lat' dir='ltr'><strong>PROOES</strong></span> <span class='ocrx_word' id='word_1_298' title='bbox 514 4915 567 4956; x_wconf 78' lang='lat' dir='ltr'><strong>DES</strong></span> <span class='ocrx_word' id='word_1_299' title='bbox 588 4915 855 4957; x_wconf 70' lang='lat' dir='ltr'><strong>TBHPLIBRS.-ll·</strong></span> <span class='ocrx_word' id='word_1_300' title='bbox 1532 4918 1569 4962; x_wconf 70' lang='lat'><strong>22</strong></span> <span class='ocrx_word' id='word_1_301' title='bbox 1612 4923 1617 4936; x_wconf 84' lang='lat'>⁸</span> 
     </span>
    </p>
   </div>
   <div class='ocr_carea' id='block_1_5' title="bbox 0 0 2137 5956">
    <p class='ocr_par' dir='ltr' id='par_1_6' title="bbox 0 0 2137 5956">
     <span class='ocr_line' id='line_1_35' title="bbox 0 0 2137 5956; baseline 0 0"><span class='ocrx_word' id='word_1_302' title='bbox 0 0 2137 5956; x_wconf 95' lang='lat' dir='ltr'><strong> </strong></span> 
     </span>
    </p>
   </div>
  </div>
 </body>
</html>
