4230 5956
688 466 882 559 excors
907 488 1003 559 ons
1029 486 1326 560 rnurmuss.
1641 494 1715 567 aaa

302 626 460 703 aliorum
470 623 643 713 fratrum,
662 642 698 701 et
710 626 838 729 petivit
851 627 898 703 ab
908 656 953 704 eo
967 645 1093 704 utrum
1108 628 1277 704 crederet
1291 629 1330 702 in
1348 628 1455 703 illum
1468 630 1573 734 cujus
1584 660 1716 738 ymago

302 772 377 831 erat
392 755 463 845 ibi,
479 769 517 829 et
531 753 610 857 ipse
627 752 720 830 dixit
734 756 837 860 quod
856 757 920 834 sic.
942 759 988 832 Et
998 773 1088 832 tunc
1103 757 1195 833 dixit
1211 758 1281 833 sibi
1297 756 1400 864 quod
1413 757 1509 833 male
1524 761 1713 850 credebat,

299 888 388 992 quia
408 903 486 962 erat
505 886 694 991 quoddam
715 885 848 963 falsum
867 888 1039 995 ydolum,
1067 906 1106 963 et
1124 888 1289 993 precepit
1305 887 1375 965 sibi
1396 888 1499 993 quod
1518 888 1718 995 abnegaret
1735 994 1738 998 .

298 1016 453 1094 Jhesum
472 1016 684 1102 Christum,
707 1017 802 1092 etin
824 1016 999 1122 despectu
1017 1017 1098 1123 ejus
1115 1035 1267 1122 spueret
1291 1045 1400 1122 supra
1421 1044 1588 1107 crucem;
1613 1021 1717 1125 quod

299 1146 575 1252 aliquantulum
600 1145 720 1222 iacere
745 1146 908 1236 distulit,
937 1149 1004 1223 scd
1033 1147 1274 1252 postmodum
1307 1147 1500 1254 abnegavit
1523 1148 1656 1236 semel,
1681 1168 1718 1225 et

299 1276 405 1353 finxit
424 1302 557 1382 spuere
573 1302 683 1381 supra
702 1304 862 1353 crucem.
881 1278 982 1354 Dixit
994 1277 1112 1353 eciam
1127 1304 1195 1383 per
1208 1279 1466 1383 juramentum
1480 1302 1590 1353 suum
1611 1280 1716 1384 quod

300 1406 420 1484 dictus
438 1405 621 1510 recipiens
639 1407 805 1510 precepit
828 1406 897 1483 sibi
922 1406 1026 1513 quod
1052 1434 1140 1482 eum
1163 1406 1390 1483 oscularetur
1408 1406 1448 1482 in
1465 1406 1586 1483 tribus
1605 1405 1714 1496 locis,

300 1534 472 1611 videlicet
491 1536 530 1610 in
549 1534 626 1609 ime
641 1535 746 1639 spine
767 1535 884 1623 dorsi,
906 1536 945 1610 in
960 1536 1138 1612 umbilico
1152 1553 1190 1611 et
1204 1536 1242 1611 in
1264 1564 1346 1623 ore3
1369 1536 1436 1610 sed
1452 1536 1530 1638 ipse
1551 1564 1626 1612 non
1646 1536 1717 1615 fuit

298 1664 483 1742 osculatus
505 1692 591 1741 cum
610 1664 681 1741 nisi
706 1664 745 1741 iu
763 1664 943 1742 umbilico
964 1684 1002 1742 et
1022 1666 1060 1741 in
1089 1694 1166 1741 ore.
1188 1666 1288 1741 Dixit
1308 1667 1424 1741 eciam
1443 1694 1511 1769 per
1524 1665 1717 1771 juramen·

299 1811 378 1870 tum
401 1820 511 1871 suum
530 1795 634 1901 quod
653 1795 861 1901 injunctum
882 1795 953 1873 luit
972 1796 1041 1874 sibi
1063 1796 1167 1902 quod
1190 1798 1346 1872 omnino
1366 1796 1571 1872 abstineret
1593 1825 1614 1871 a
1633 1824 1717 1873 mu-

297 1921 468 2011 lieribus,
490 1941 527 2000 et
542 1925 572 2000 si
592 1950 677 2000 caro
696 1942 846 2031 urgeret
863 1952 966 2012 eum,
984 1924 1089 2029 quod
1109 1925 1366 2000 commisceret
1379 1952 1418 2000 se
1440 1924 1715 2002 cumfratribus

297 2051 386 2161 dicti
407 2052 565 2140 ordinis,
592 2069 630 2129 et
652 2054 725 2130 hoc
744 2054 790 2130 ub
816 2052 897 2130 aliis
921 2052 1095 2129 fratribus
1119 2070 1317 2159 pateretur.
1342 2054 1443 2131 Dixit
1464 2072 1586 2129 tamen
1611 2054 1715 2159 quod

298 2210 489 2286 nunquam
502 2182 604 2271 lecit,
626 2211 694 2259 nec
712 2182 784 2260 suit
801 2183 1012 2288 requisitus.
1503 2260 1507 2271 ,
1817 2289 1819 2293 ⁴

352 2314 602 2418 interrogatus
629 2328 756 2389 utrum
783 2310 927 2418 aliquos
955 2311 1084 2388 fratres
1112 2311 1246 2388 viderit
1269 2314 1402 2417 recipi,
1425 2313 1518 2389 dixit
1536 2313 1641 2420 quod
1662 2316 1715 2391 sic

295 2468 412 2518 unum
426 2442 466 2518 in
482 2443 596 2519 domo
606 2441 817 2531 Parisicnsi3
830 2458 868 2516 et
879 2441 998 2518 credit
1012 2468 1080 2548 per
1082 2441 1339 2547 juramentum
1353 2470 1464 2519 suum
1479 2443 1585 2549 quod
1599 2444 1712 2520 simili

295 2574 409 2648 modo
428 2591 597 2678 receptus
621 2572 708 2661 luit,
736 2588 774 2648 et
792 2598 923 2650 omues
943 2571 1005 2648 alii
1022 2571 1069 2648 dc
1090 2571 1221 2648 ordine
1241 2573 1484 2677 recipiuntur,
1508 2592 1551 2650 ut
1576 2574 1711 2661 credit,

295 2728 363 2803 per
383 2700 486 2776 illum
507 2701 664 2777 modum
679 2729 747 2806 per
765 2729 880 2806 quem
900 2700 1165 2804 suit'receptus.

351 2832 600 2936 Interrogatus
611 2847 737 2908 utrum
751 2832 797 2917 vi,
814 2831 985 2909 velmetu
999 2833 1153 2906 carceris
1168 2858 1234 2905 seu
1254 2849 1547 2919 tormentorum,
1565 2850 1629 2908 aut
1642 2832 1713 2908 alia

297 2958 344 3033 de
364 2985 487 3050 causa,
510 2959 671 3064 aliquam
693 2959 826 3036 dixerit
843 2959 1039 3036 falsitatem
1063 2958 1120 3035 vel
1143 2959 1388 3036 immiscuerit
1412 2961 1450 3035 in
1473 2960 1712 3065 deposicione

295 3114 377 3174 sua,
399 3088 492 3181 dixit
509 3117 579 3193 per
591 3090 846 3196 juramentum
862 3117 969 3167 suum
985 3088 1087 3195 quod
1106 3116 1198 3175 non;
1225 3090 1342 3166 immo
1362 3118 1495 3195 puram
1517 3108 1554 3167 ot
1571 3118 1712 3168 meram

296 3216 436 3293 dixerat
454 3220 658 3297 veritatem.

350 3480 440 3554 ltem
459 3477 570 3557 frater
584 3481 699 3557 Fulco
719 3482 766 3557 de
786 3482 931 3567 Trecis,
955 3482 1060 3557 etatis
1074 3506 1183 3559 xxviii
1202 3508 1386 3557 annorum
1404 3483 1461 3558 vel
1480 3482 1591 3574 circa,
1615 3484 1713 3587 jura·

292 3623 354 3682 tus
373 3608 509 3684 eodem
529 3610 645 3687 modo
663 3610 711 3686 de
731 3639 770 3686 se
792 3627 829 3686 et
843 3610 924 3686 aliis
942 3612 982 3686 in
1002 3638 1109 3686 causa
1129 3610 1219 3687 fidei
1233 3610 1357 3687 dicere
1371 3611 1582 3698 veritatem,
1605 3627 1642 3686 at
1656 3611 1713 3685 in·

294 3752 502 3846 terrogatus
515 3738 562 3814 de
577 3755 745 3842 tempore
760 3738 919 3816 etmodo
934 3766 1000 3814 sue
1015 3739 1259 3843 recepcionis,
1276 3739 1370 3813 dixit
1381 3767 1449 3843 per
1456 3740 1710 3844 juramentum

295 3892 404 3942 suum
427 3867 533 3972 quod
559 3866 631 3945 suit
651 3886 821 3974 receptus
840 3868 880 3945 iu
892 3868 1015 3944 domo
1039 3867 1087 3943 de
1107 3869 1273 3974 Sanceyo
1284 3868 1388 3974 juxta
1408 3870 1558 3954 Trecas,
1581 3868 1710 3944 decem

295 3995 380 4068 anni
397 4013 500 4083 sunt,
516 4023 585 4101 per
602 3996 754 4074 fratrem
775 3960 1264 4103 Radutphumbreceptorem
1284 4016 1377 4074 tunc
1396 3997 1615 4101 Campanie,
1632 4024 1713 4102 pre·

294 4123 460 4202 sentibus
481 4125 593 4203 fratre
613 4127 764 4206 Galtero
785 4127 832 4205 de
851 4129 981 4205 Paians
1000 4145 1038 4204 et
1057 4127 1167 4204 fratre
1187 4127 1387 4232 Radulpho
1400 4126 1708 4234 deCompendio,

294 4270 331 4329 et
353 4255 578 4359 quibusdam
604 4256 686 4333 aliis
703 4259 751 4334 de
771 4284 933 4362 quorum
958 4256 1175 4334 nominibus
1204 4283 1279 4332 non
1303 4257 1445 4333 recolit.
1467 4256 1579 4334 Dixit·
1595 4259 1711 4334 eciam

291 4409 358 4486 per
371 4383 627 4490 juramentum
647 4414 758 4464 suum
780 4385 899 4493 quod,
924 4403 1009 4492 post
1027 4386 1160 4463 multas
1180 4386 1445 4492 promissiones
1466 4387 1514 4465 ab
1532 4414 1580 4464 eo
1599 4385 1711 4465 factas

293 4512 339 4586 de
360 4513 598 4592 observandis
623 4515 769 4593 statutis
781 4533 826 4592 ct
849 4517 998 4593 secretis
1019 4517 1106 4593 dicti
1130 4516 1291 4605 ordinis,
1314 4533 1351 4593 et
1370 4517 1548 4593 mantello
1569 4516 1642 4594 sibi
1662 4515 1709 4592 ad

294 4642 429 4719 collum
452 4647 591 4749 posito,
613 4645 766 4751 quidam
786 4644 898 4723 irater
915 4647 965 4724 de
980 4647 1085 4753 cujus
1104 4647 1256 4722 nomine
1277 4674 1353 4723 non
1373 4646 1520 4738 recolit,
1548 4645 1711 4723 ostendit

291 4773 359 4850 sibi
380 4775 581 4879 quamdam
597 4802 744 4853 crucem
772 4777 810 4853 in
835 4804 909 4883 qua
930 4795 1009 4855 erat
1028 4804 1161 4885 ymago
1184 4777 1302 4855 Jhesu
1320 4777 1460 4857 Christi
1487 4777 1649 4885 depicta,
1670 4794 1710 4855 et
